4492 6859
233 633 342 717 (rios)

279 771 347 829 Post
369 765 562 853 praescriptos
585 775 733 858 Principes
755 779 923 841 obtuleruut
956 798 1022 843 xvi.

237 963 352 1016 indicum
374 971 502 1030 perveni:
526 970 570 1020 ubi
596 974 723 1035 plurimas
750 974 852 1025 insulas
879 975 1024 1024 innumeris

236 1043 370 1095 habitatas
391 1048 541 1099 homiuibus
562 1053 681 1113 repperi:
706 1065 816 1114 quarum
834 1055 947 1103 emnium
975 1065 1024 1114 pro

237 1120 387 1176 felicissimo
411 1127 478 1190 liege
499 1134 608 1180 nostro:
623 1132 749 1193 preconio
767 1132 901 1182 celebrato
928 1136 954 1181 et
975 1142 1025 1180 ve·

237 1203 307 1252 xillis
323 1206 457 1254 extensis:
477 1208 676 1260 contradicente
699 1212 802 1260 nemine
827 1212 1023 1272 possessiouem
1049 1226 1051 1230 ⁴

237 1285 352 1344 accepi:
378 1286 516 1349 primeque
546 1300 636 1339 earum
668 1290 722 1339 divi
749 1291 893 1340 Salvatoris
929 1302 1023 1338 nomen

238 1359 361 1421 imposui:
378 1365 452 1414 cuius
469 1365 552 1416 iratus
570 1369 681 1418 auxilio:
698 1372 750 1418 tam
767 1369 802 1419 ad
818 1370 884 1418 heac
896 1381 974 1430 quam
991 1367 1024 1416 ad

236 1442 340 1488 ceteras
365 1441 428 1491 alias
453 1446 639 1505 pervenimus:
666 1446 728 1497 tiam
752 1460 818 1498 vero
841 1446 897 1497 ludi
920 1448 1023 1496 duana-

237 1516 315 1566 hanin
332 1523 436 1568 vocant.
447 1521 564 1572 Aliarum
574 1525 652 1574 etiam
664 1538 873 1588 unamquamque
889 1536 959 1574 novo
975 1537 1024 1573 uo·

236 1599 307 1649 mine
326 1602 491 1664 nuncupavi:
508 1603 605 1666 quippe
622 1605 697 1655 aliam
716 1607 827 1654 insulam
844 1604 953 1653 sanctae
969 1603 1024 1654 lla·

236 1679 276 1728 rie
292 1678 494 1741 Conceptiouis.
520 1684 595 1732 aliam
612 1682 818 1734 Fernandinem.
843 1684 920 1732 aliam
938 1684 1025 1745 llysa-

236 1755 347 1806 bellam.
375 1761 451 1809 aliam
468 1760 592 1812 laeuam.
610 1768 636 1812 et
655 1766 694 1813 sic
709 1763 743 1813 de
761 1764 871 1825 reliquis
892 1760 1023 1824 appellari

236 1837 310 1893 jussi.
337 1836 401 1887 Cum
425 1840 538 1901 primum
563 1841 665 1891 ineam
687 1842 799 1891 lasulam
821 1853 898 1903 quam
926 1839 1023 1889 dudum

237 1911 343 1964 loanam
367 1919 459 1967 vocari
488 1920 543 1968 dixi
577 1921 743 1982 appulimus:
768 1920 843 1970 iuxta
868 1920 925 1969 eius
950 1920 1024 1968 littus

236 1994 400 2044 occidentem
412 2008 505 2046 versus
518 1997 707 2059 aliquantulum
718 1999 837 2059 processi
849 2001 953 2058 tamque
965 2008 1023 2045 eam

236 2085 354 2135 maguam
371 2075 442 2124 nullo
460 2078 567 2137 reperto
584 2076 635 2126 tine
652 2078 757 2127 inveni:
774 2080 803 2125 ut
819 2088 874 2125 non
895 2075 1023 2124 insulem:

236 2152 285 2201 sed
300 2156 478 2205 coutinentem
490 2155 580 2205 Chalai
597 2157 760 2218 provinciam
778 2169 839 2205 esse
855 2154 1023 2205 crediderim

236 2231 307 2280 nulla
323 2235 410 2281 tamen
428 2233 520 2284 videns
539 2236 635 2297 oppida
653 2236 829 2297 municipiave
846 2236 871 2283 in
888 2234 1023 2282 maritimis

235 2309 288 2358 sita
315 2310 461 2362 confinibus
484 2318 574 2374 preter
599 2314 701 2376 aliquos
718 2315 792 2364 vices
814 2317 841 2363 et
866 2312 955 2375 predia
977 2324 1024 2360 ru·

236 2388 320 2436 stica:
340 2402 397 2438 cum
422 2402 532 2451 quorum
555 2393 647 2443 incolis
671 2394 742 2455 ioqui
767 2391 924 2454 nequibam:
940 2402 1023 2453 quare

235 2466 315 2516 simul
333 2481 362 2516 ac
379 2481 427 2517 uos
444 2469 583 2519 videbant:
599 2471 778 2533 surripiebant
800 2472 894 2532 lugam·
913 2473 1024 2530 Progre-

234 2543 330 2593 diebar
346 2547 429 2595 ultra:
445 2548 598 2598 existimaus
610 2549 723 2611 aliquam
742 2563 783 2599 me
800 2549 893 2599 urbem
914 2548 1024 2597 villasve

234 2622 414 2673 inventurum.
436 2628 551 2689 lienique
575 2627 670 2677 videus
690 2628 760 2690 quod
789 2629 864 2690 louge
885 2625 1023 2675 admodum

235 2704 383 2762 progressis
408 2705 473 2754 nibil
494 2708 555 2755 novi
580 2707 746 2769 emergebat:
763 2711 790 2757 et
815 2706 963 2758 huiusmodi
983 2705 1024 2754 via

236 2792 285 2829 nos
309 2782 342 2831 ad
366 2782 574 2844 Septentrionem
595 2786 732 2837 deserebat
758 2799 835 2849 quem
861 2788 918 2847 ipse
934 2784 1024 2847 tegere

237 2861 412 2920 exoptabam:
429 2864 508 2913 terris
526 2866 622 2914 etenim
640 2865 766 2927 regnabat
782 2865 895 2915 bruma:
919 2864 953 2914 ud
969 2864 1025 2912 llu-

238 2943 376 3001 strumque
393 2945 452 2991 erat
468 2943 495 2991 in
511 2945 571 2992 voto
587 2944 763 2994 contendere:
781 2956 828 2994 nec
846 2944 931 2992 minus
953 2944 1024 2990 venti

236 3017 412 3080 flagitantibus
430 3021 623 3072 succedebant:
641 3024 765 3073 constitui
783 3025 911 3072 aliusnon
924 3019 1023 3082 operiri

237 3108 391 3148 successus:
408 3104 434 3148 ot
452 3100 491 3149 sic
508 3101 681 3151 retrocedens
706 3101 739 3150 ad
763 3106 869 3163 portum
892 3097 1023 3161 quendam

236 3187 313 3236 quem
331 3178 494 3239 signaveram
517 3192 575 3229 sum
600 3192 740 3230 reversus:
757 3181 826 3230 unde
846 3179 913 3229 duos
939 3177 1024 3225 bomi-

237 3266 285 3304 ues
309 3267 343 3304 ex
367 3258 465 3306 uostris
488 3259 515 3307 in
539 3261 639 3308 terram
666 3258 741 3307 misi:
767 3260 811 3321 qui
834 3257 1025 3319 investigarent

238 3338 310 3383 esset
333 3348 367 3384 ue
389 3336 444 3385 ltex
465 3337 492 3384 in
514 3348 545 3384 ea
567 3337 707 3399 provincia
737 3337 852 3387 urhesve
878 3337 974 3397 alique.
993 3333 1024 3384 ili

238 3423 288 3472 per
304 3416 360 3464 tres
376 3414 432 3464 dies
455 3413 624 3465 ambularunt
644 3416 856 3476 inveneruntque
873 3415 1024 3463 innumeros

241 3496 353 3554 populos
377 3498 404 3544 et
429 3495 601 3544 collationes:
632 3507 730 3557 parvas
755 3498 851 3544 tamen·
872 3498 899 3545 et
922 3492 1024 3554 absque

238 3572 291 3620 ullo
315 3574 451 3634 regimine.
476 3586 528 3634 qua
552 3578 662 3635 propter
687 3574 831 3624 redierunt.
850 3575 952 3625 interea
976 3586 1023 3635 ego

239 3650 291 3699 iam
317 3653 497 3702 intellexeram
515 3665 529 3701 a
545 3652 702 3715 quibusdam
728 3652 797 3703 lndis
830 3666 896 3716 quos
925 3652 1023 3701 ibidem

241 3742 409 3794 susceperam
431 3732 500 3793 qued
524 3732 671 3782 huiusmodi
695 3734 830 3795 provincia
859 3733 943 3783 insula
968 3734 1024 3795 qui·

238 3810 299 3858 dem
326 3815 398 3859 erat:
426 3814 452 3861 et
479 3812 516 3861 sic
544 3813 651 3874 perrexi
675 3811 808 3863 Orientem
839 3824 934 3862 versus
966 3814 1023 3862 eius

239 3903 346 3953 semper
362 3891 494 3952 stringens
511 3893 600 3941 littora
623 3904 706 3953 usque
724 3892 756 3941 ad
775 3892 893 3940 milliaria
910 3903 1023 3941 eocxxu,

238 3969 284 4020 ubi
306 3971 389 4032 ipsius
412 3970 510 4018 insulae
531 3973 592 4019 sunt
609 3972 742 4019 extrema:
769 3970 827 4018 laiac
852 3971 929 4018 aliem
953 3973 1025 4018 insu·

238 4049 290 4098 lam
309 4047 342 4096 ad
363 4049 491 4095 orientem
510 4051 636 4109 prospexi
658 4048 798 4097 metantem
818 4046 851 4096 ab
873 4049 921 4096 hac
946 4046 1024 4097 loana

236 4124 394 4177 milliaribus
419 4136 470 4173 aiv.
494 4138 574 4187 quam
598 4128 721 4188 protinus
737 4124 877 4186 Hispanam
904 4125 976 4175 dixi:
997 4127 1024 4176 iu

236 4220 350 4270 eamque
373 4207 493 4267 concessi
517 4210 543 4255 et
560 4205 644 4255 direxi
672 4209 723 4256 iter
744 4208 820 4268 qrrasl
842 4219 890 4267 per
913 4206 1023 4268 Septen-

236 4290 349 4338 trionem
375 4285 595 4349 quemadmodum
618 4285 646 4335 ln
667 4286 744 4335 loaua
768 4285 946 4336 adorientem
964 4286 1024 4334 mil·

236 4368 312 4417 lieria
340 4379 427 4415 utxrv.
449 4367 520 4426 Quae
547 4366 617 4415 dicta
643 4368 721 4417 loana
749 4370 776 4415 et
795 4367 845 4416 alie
867 4365 963 4415 ibidem
984 4367 1024 4415 lu·

237 4448 295 4496 sule
307 4459 385 4508 quam
401 4445 561 4495 fertilissima
579 4447 703 4496 existunt.
715 4448 767 4494 ileo
784 4446 872 4495 multis
889 4450 968 4506 atque
980 4448 1024 4494 tu·

242 4527 352 4573 tissimis
369 4530 395 4573 et
411 4526 471 4573 latis
488 4538 537 4573 uec
554 4525 613 4574 aliis
625 4537 691 4587 quos
703 4537 817 4586 uuquam
830 4524 940 4574 viderim
954 4536 1024 4572 com·

241 4602 366 4664 parandis
381 4602 502 4665 portibus
517 4607 560 4653 est
581 4602 754 4653 circundata:
769 4604 843 4652 multi
867 4603 974 4652 maximi
996 4607 1023 4652 et

237 4669 359 4732 salubies
387 4684 453 4731 hauc
483 4682 632 4732 interfluunt
659 4682 744 4731 duvii:
769 4683 842 4732 multi
867 4693 969 4744 quoque
996 4686 1042 4751 et⁴

240 4763 440 4813 eminentissimi
458 4765 483 4811 in
501 4775 531 4812 ea
549 4765 611 4811 sunt
628 4767 739 4812 montes.
759 4761 855 4812 Omnes
878 4761 910 4810 he
937 4760 1022 4811 insule

240 4845 303 4891 sunt
325 4842 502 4904 pulcherrime
531 4846 557 4891 et
577 4843 658 4891 variis
682 4842 807 4891 distincte
835 4840 943 4903 liguria:
960 4853 1023 4902 per·

237 4924 282 4972 vie
306 4926 333 4972 et
358 4924 470 4972 maxima
492 4922 618 4971 arborum
639 4923 769 4972 varietate
786 4922 883 4985 sydera
903 4921 1024 4971 lamben-

238 5004 303 5052 tium
331 5004 427 5065 pleno:
453 5015 519 5064 quas
547 5016 679 5066 nunquam
707 5003 774 5052 loliis
800 5004 899 5064 privari
926 5002 1023 5053 crede.

237 5082 338 5146 Quippe
366 5082 419 5131 vidi
447 5095 492 5131 eas
518 5083 554 5131 ita
582 5086 698 5133 virentes
724 5087 804 5144 atque
835 5082 946 5131 decoras
974 5093 1023 5131 ceu

238 5173 330 5211 meuse
348 5160 416 5212 llaio
436 5162 463 5209 iu
484 5160 609 5222 Hispania
631 5162 717 5211 solent
740 5173 818 5211 esse:
841 5173 952 5223 quarum
973 5160 1023 5208 alie

238 5242 364 5291 llorenles
392 5240 443 5289 alie
469 5240 597 5289 unctuose
623 5242 673 5290 alie
700 5243 725 5290 in
753 5241 804 5289 alio
834 5243 904 5289 statu
931 5252 1025 5289 secun·

238 5321 301 5371 dum
322 5321 529 5383 uniuscuiusque
550 5321 705 5383 qualitatem
727 5320 868 5383 vigebant:
889 5319 1024 5381 garriebat

239 5403 378 5463 philomela
395 5405 422 5451 et
444 5403 486 5451 alii
504 5415 628 5463 passeres
645 5402 710 5452 varii
728 5415 757 5452 ac
781 5402 908 5452 innumeri
933 5414 1024 5450 meuse

239 5483 399 5533 Novembris
423 5496 475 5545 quo
504 5484 561 5545 ipse
588 5496 636 5545 per
659 5494 705 5532 eas
728 5481 939 5532 deambulabam.
960 5477 1024 5531 Sunt

239 5569 364 5625 preterea
395 5564 420 5610 iu
447 5561 516 5611 dicta
544 5561 629 5611 insula
659 5559 736 5610 loana
765 5568 867 5623 septem
894 5559 937 5608 vel
965 5564 1024 5609 octo

240 5644 384 5705 palmarum
411 5652 579 5704 generaque
603 5642 763 5703 proceritate
779 5646 805 5691 et
830 5640 1025 5703 pulchritudine

239 5720 457 5785 quemadmodum
483 5725 572 5772 cetere
593 5734 684 5771 omnes
710 5722 836 5772 arbores:
856 5719 954 5771 herbe:
971 5722 1025 5770 iru-

704 640 991 710 Poilrlulcsl'us
1012 642 1238 708 inexilium
1258 642 1386 705 SEXTl.
1815 646 1880 708 253

1094 781 1197 840 vexilla
1219 781 1329 859 patriae
1342 779 1489 841 subiectae
1508 779 1605 841 domui
1627 779 1770 856 Austriue,
1795 783 1881 845 vide·

1092 980 1203 1038 ctusque
1230 980 1334 1026 nostras
1357 975 1433 1026 iacile
1458 981 1612 1038 exuperant.
1633 978 1697 1027 Sunt
1719 983 1746 1028 et
1770 978 1881 1029 mirabl-

1092 1054 1131 1104 les
1158 1054 1236 1117 pinus
1259 1056 1312 1116 agri
1343 1059 1369 1104 et
1394 1060 1471 1117 prata
1498 1058 1668 1108 vastissima:
1696 1058 1769 1107 varie
1796 1071 1876 1109 aves:

1091 1133 1164 1180 varia
1183 1132 1278 1181 mella:
1294 1134 1420 1194 variaque
1436 1133 1557 1182 metalla:
1575 1134 1645 1184 ierro
1661 1140 1783 1200 excepto.
1802 1136 1829 1186 lu
1848 1149 1880 1187 ea

1092 1214 1179 1260 autem
1203 1223 1282 1271 quam
1307 1210 1449 1272 Hispanam
1480 1225 1560 1274 supra
1586 1213 1700 1264 diximus
1732 1216 1879 1278 nuncupari

1094 1290 1200 1337 maximi
1217 1293 1278 1338 suut
1294 1293 1398 1339 montes
1415 1302 1444 1339 ac
1462 1292 1578 1352 pulchri:
1598 1297 1674 1343 vasta
1692 1308 1771 1344 rura.
1789 1307 1879 1343 nemo-

1093 1380 1136 1416 ra.
1162 1368 1246 1429 campi
1271 1368 1427 1418 feracissimi
1454 1368 1502 1417 ieri
1527 1370 1652 1434 pascique
1681 1376 1707 1421 et
1733 1372 1879 1423 condendis

1093 1444 1200 1495 edificiis
1224 1447 1361 1508 aptissimi.
1383 1446 1504 1496 Pertuum
1523 1450 1548 1496 in
1565 1449 1613 1498 hac
1636 1450 1719 1500 lusula
1737 1451 1880 1501 commodi·

1093 1527 1134 1573 tas
1163 1528 1189 1573 ct
1215 1524 1359 1585 prestantia
1387 1524 1518 1575 {luminum
1545 1525 1620 1587 copia
1651 1527 1807 1578 salubritate
1830 1530 1880 1579 ad·

1093 1603 1174 1652 mixta
1191 1602 1324 1652 homiuum
1340 1615 1418 1665 quam
1431 1605 1480 1653 uisi
1503 1606 1562 1666 quis
1574 1605 1682 1654 viderit:
1695 1607 1877 1659 credulitatem

1092 1685 1208 1743 superat
1234 1681 1317 1733 iiuius
1343 1681 1452 1732 arbores
1476 1695 1575 1744 pascua
1593 1689 1618 1734 et
1640 1686 1741 1736 tructus
1768 1687 1877 1737 multum

1092 1759 1126 1809 ab
1153 1761 1204 1810 illis
1226 1760 1305 1811 loane
1326 1762 1456 1813 differunt.
1478 1763 1531 1813 lieo
1555 1769 1676 1825 preterea
1702 1766 1815 1829 Hispana
1840 1768 1879 1818 di·

1091 1851 1170 1889 verso
1197 1841 1322 1889 aromatis
1339 1853 1450 1901 gauere.
1470 1854 1550 1891 auro.
1568 1844 1733 1905 metallisque
1751 1844 1878 1896 abundat.

1092 1919 1286 1982 uniusquidem
1313 1924 1339 1969 et
1359 1922 1473 1970 omnium
1495 1923 1604 1973 aliarum
1622 1936 1688 1986 quas
1709 1936 1756 1988 ego
1775 1925 1829 1974 vidi
1852 1929 1878 1976 et

1091 2010 1200 2059 quarum
1218 1999 1393 2060 cognitionem
1409 2000 1511 2049 babeo:
1534 2001 1620 2051 incole
1642 2003 1780 2065 utriusque
1797 2016 1879 2055 sexus

1092 2076 1154 2125 nudi
1187 2090 1293 2139 sempor
1317 2078 1442 2128 incedunt
1470 2080 1687 2141 quemadmodum
1717 2081 1830 2130 eduntur
1852 2083 1878 2131 in

1093 2153 1193 2204 lucem:
1215 2161 1305 2217 prater
1324 2156 1423 2218 aliquas
1445 2160 1568 2230 laminas:
1592 2171 1642 2221 qua
1671 2159 1732 2208 tolio
1747 2159 1877 2210 froudeve

1093 2236 1180 2300 aliqua
1195 2239 1240 2285 aut
1255 2234 1407 2284 bombiciao
1424 2236 1483 2284 velo
1505 2234 1627 2298 pudenda
1650 2239 1791 2297 operiunt:
1807 2237 1878 2299 qued

1092 2312 1150 2377 lpse
1177 2314 1228 2364 sibi
1257 2314 1290 2364 ad
1315 2313 1341 2363 ld
1363 2315 1458 2376 negotii
1485 2316 1590 2376 parant.
1616 2314 1712 2364 carent
1737 2316 1753 2363 ii
1782 2327 1874 2366 omnes

1092 2395 1100 2453 (
1113 2397 1142 2441 ut
1159 2404 1238 2453 supra
1253 2392 1310 2442 dixi
1323 2393 1332 2451 l
1346 2404 1501 2453 quocunque
1517 2403 1614 2453 genere
1639 2392 1718 2442 terri.
1736 2399 1828 2442 carent
1849 2398 1878 2442 et

1093 2472 1174 2521 armis
1205 2473 1297 2531 utpote
1323 2469 1374 2519 sibi
1401 2471 1496 2532 ignotis
1521 2482 1570 2519 nec
1602 2471 1635 2520 ad
1666 2484 1697 2521 ea
1723 2474 1784 2520 sunt
1808 2472 1878 2533 epti:

1091 2561 1145 2597 non
1170 2552 1280 2610 propter
1300 2550 1420 2610 corporis
1444 2548 1636 2598 deformitatem
1664 2561 1722 2598 cum
1741 2550 1793 2598 sint
1810 2548 1879 2599 bene

1092 2625 1196 2676 formati
1220 2626 1267 2675 sed
1291 2626 1351 2687 qaia
1378 2630 1439 2674 sunt
1463 2626 1547 2675 timidi
1570 2631 1602 2675 tac
1623 2627 1694 2689 pleni
1719 2627 1876 2677 tormidine.

1092 2708 1198 2768 gestant
1214 2712 1302 2753 teman
1318 2717 1365 2767 pro
1382 2706 1462 2753 armis
1479 2703 1622 2754 arundines
1633 2706 1688 2754 sole
1705 2709 1841 2768 perustas:
1852 2707 1878 2755 in

1092 2795 1202 2844 quarum
1220 2783 1353 2833 radicibus
1379 2784 1473 2832 hastile
1498 2783 1630 2845 quoddam
1648 2783 1760 2845 ligneum
1780 2785 1877 2832 siccum

1094 2866 1121 2911 et
1137 2864 1162 2911 in
1180 2875 1330 2913 mucronem
1348 2866 1511 2912 attenuatum
1528 2862 1622 2925 flgunt.
1633 2875 1717 2923 neque
1729 2863 1770 2912 his
1782 2862 1879 2912 audent

1093 2942 1187 3003 iugiter
1209 2944 1270 2991 uti:
1296 2955 1355 2991 nam
1381 2955 1445 3004 sepe
1469 2942 1559 2991 evenit
1581 2953 1640 2990 cum
1669 2942 1785 2989 miserim
1811 2940 1878 2989 duos

1094 3022 1135 3071 vel
1154 3026 1208 3072 tros
1226 3022 1344 3072 homines
1362 3034 1394 3072 ex
1412 3024 1478 3072 meis
1497 3021 1530 3070 ad
1552 3022 1653 3083 aliquas
1672 3021 1748 3070 villas
1773 3024 1802 3069 ut
1819 3032 1879 3069 cum

1092 3111 1183 3150 earum
1209 3102 1378 3162 loquerentur
1393 3100 1500 3149 incolis:
1516 3100 1615 3148 exiisse
1636 3112 1730 3161 agmen
1751 3099 1881 3162 glomera-

1093 3182 1148 3229 tum
1164 3192 1198 3229 ex
1215 3179 1285 3229 ludis
1304 3184 1331 3230 et
1342 3179 1388 3229 ubl
1406 3182 1512 3229 uestros
1524 3180 1737 3241 appropinquare
1753 3177 1880 3227 videbant

1093 3258 1177 3322 lugam
1195 3260 1320 3309 celeriter
1336 3259 1482 3320 arripuisse
1499 3257 1631 3320 desprelis
1657 3271 1671 3306 a
1694 3260 1770 3320 patre
1787 3256 1880 3306 liberis

1094 3343 1120 3387 et
1136 3342 1253 3387 econtra.
1270 3342 1296 3388 et
1313 3338 1363 3387 boc
1380 3350 1431 3387 non
1448 3338 1517 3400 quod
1531 3339 1643 3399 cuipiam
1653 3347 1744 3386 eorum
1756 3336 1881 3385 damnum

1093 3419 1201 3480 aliquod
1209 3419 1249 3468 vel
1259 3418 1351 3467 iniuria
1369 3418 1438 3465 illata
1454 3415 1549 3465 inerit:
1564 3417 1643 3465 lmrno
1660 3414 1693 3463 ad
1709 3425 1880 3477 quoscunque

1092 3499 1181 3559 appuli
1205 3501 1233 3547 et
1256 3496 1353 3559 quibus
1368 3508 1428 3545 cum
1454 3495 1565 3545 verbum
1588 3495 1677 3544 facere
1693 3495 1784 3555 potul:
1803 3490 1881 3553 quld·

1092 3577 1153 3637 quid
1179 3576 1290 3626 ahebam
1316 3588 1374 3625 sum
1392 3575 1534 3638 elargitus.
1555 3586 1670 3636 pannum
1693 3572 1795 3634 aliaque
1822 3583 1882 3632 per·

1094 3656 1174 3706 multa
1201 3656 1271 3705 nulla
1296 3655 1359 3703 mihi
1383 3654 1450 3704 lacta
1474 3665 1602 3703 versuras
1628 3651 1676 3701 sed
1699 3654 1760 3699 suut
1786 3652 1880 3698 natura

1092 3735 1182 3797 pavidi
1214 3746 1245 3784 ae
1269 3734 1362 3783 timidi.
1388 3732 1510 3782 Ceterum
1538 3731 1582 3781 ubl
1614 3742 1644 3779 se
1668 3732 1780 3779 cernunt
1804 3730 1881 3777 tutes

1093 3815 1163 3863 omui
1188 3817 1260 3863 ructu
1282 3812 1405 3873 repulso:
1430 3813 1492 3859 sunt
1520 3809 1660 3859 admodum
1687 3808 1820 3869 simplices
1850 3818 1881 3855 ac

1092 3894 1160 3944 boue
1177 3892 1237 3941 lldei
1258 3895 1285 3941 et
1306 3893 1332 3940 ia
1354 3889 1475 3939 omnihus
1497 3901 1550 3950 que
1576 3887 1673 3936 babent
1689 3886 1880 3935 liberalissimi:

1092 3973 1195 4035 roganti
1211 3970 1282 4032 quod
1299 3968 1419 4031 possidet
1436 3966 1569 4016 inficiatur
1585 3978 1663 4014 nemo
1675 3966 1752 4026 :quin
1770 3966 1818 4025 ipsi
1832 3976 1881 4013 nos

1093 4050 1126 4099 ad
1150 4049 1175 4098 id
1200 4047 1361 4109 poscendum
1387 4047 1508 4095 invitant.
1531 4044 1672 4095 Maximum
1697 4055 1759 4104 erga
1787 4053 1880 4092 omues

1092 4141 1208 4179 amorem
1226 4126 1407 4189 preseterunt:
1424 4124 1488 4173 deut
1509 4134 1612 4187 queque
1634 4135 1726 4185 magua
1748 4134 1797 4183 pro
1819 4133 1882 4183 par·

1093 4211 1150 4259 vis:
1177 4208 1283 4257 minima
1314 4207 1375 4255 licat
1394 4216 1432 4257 re
1460 4203 1575 4252 nihilove
1602 4203 1737 4251 contenti.
1765 4213 1812 4262 ago
1840 4204 1883 4248 at·

1093 4292 1179 4339 umen
1211 4285 1334 4349 prohibui
1360 4296 1393 4334 ue
1417 4288 1471 4333 tam
1496 4282 1602 4331 minima
1627 4284 1653 4330 et
1679 4280 1773 4329 nullius
1798 4278 1881 4341 precli

1093 4366 1165 4416 hisce
1182 4366 1322 4414 darentur:
1343 4365 1371 4412 ut
1389 4365 1449 4411 sunt
1467 4360 1548 4409 laneis
1564 4358 1749 4422 parapsidum.
1766 4358 1898 4429 uitrique

1092 4446 1252 4508 iragmenla:
1275 4445 1336 4492 item
1358 4441 1427 4492 clavi
1445 4440 1522 4502 ligula
1545 4451 1695 4501 quanquam
1718 4438 1741 4487 si
1764 4436 1813 4484 hcc
1834 4448 1881 4496 po·

1093 4528 1179 4575 terant
1204 4522 1312 4584 adipisci
1340 4520 1499 4571 videbantur
1525 4520 1563 4568 eis
1590 4517 1766 4579 pulcherrima
1792 4514 1880 4564 mundi

1092 4604 1229 4666 possidere
1253 4601 1356 4653 iocalia.
1381 4599 1483 4650 Accidit
1510 4610 1570 4648 uam
1596 4597 1736 4659 quemdam
1764 4595 1880 4644 navitam

1092 4686 1193 4733 tantum
1210 4684 1266 4732 auri
1282 4679 1385 4743 pondus
1403 4676 1528 4727 habuisse
1550 4689 1599 4738 pro
1615 4689 1667 4725 uua
1692 4674 1770 4737 ligula
1789 4673 1880 4735 quanti

1092 4767 1154 4815 suat
1170 4768 1226 4814 tres
1243 4761 1316 4811 aurei
1335 4758 1412 4810 solidi
1437 4763 1463 4807 et
1481 4760 1517 4807 sic
1533 4759 1599 4807 alios
1627 4768 1675 4818 pro
1696 4754 1754 4803 aliis
1773 4753 1881 4801 minoris

1092 4843 1192 4906 precii:
1218 4841 1358 4903 presertim
1385 4851 1435 4901 pro
1463 4836 1585 4899 blanquis
1612 4835 1706 4884 novis:
1722 4832 1880 4896 quibusdam

1092 4922 1206 4971 nummis
1233 4921 1320 4970 aureis
1346 4931 1394 4981 pro
1418 4915 1515 4979 quihus
1540 4913 1667 4963 habendis
1690 4913 1787 4962 dabant
1808 4912 1882 4972 quio·

1092 5000 1155 5064 qnid
1173 4999 1280 5062 petebat
1296 4996 1435 5048 venditor:
1451 4999 1515 5057 puta
1531 4994 1633 5044 unciam
1652 5004 1710 5041 cum
1728 4989 1835 5040 dimidia
1853 4993 1880 5038 et

1092 5083 1158 5131 duas
1175 5080 1244 5129 auri:
1257 5078 1300 5127 vet
1318 5076 1425 5140 triginta
1442 5079 1469 5124 et
1485 5073 1657 5136 quadraginta
1674 5069 1803 5120 hornbicis
1815 5080 1879 5130 pon-

1093 5160 1141 5210 do:
1157 5170 1234 5221 quam
1255 5157 1304 5220 ipsi
1321 5157 1372 5205 iam
1389 5159 1532 5205 noverant:
1549 5152 1613 5201 item
1630 5162 1755 5200 arcuum.
1772 5148 1882 5208 ampho-

1093 5252 1154 5290 rae·
1182 5236 1266 5287 hidria
1291 5236 1406 5298 doliique
1430 5235 1590 5296 fragmenta.
1615 5229 1737 5279 bombice
1769 5230 1796 5277 et
1815 5238 1880 5274 auro

1093 5324 1216 5381 tanquam
1242 5314 1328 5365 bestie
1355 5312 1563 5375 comparabant.
1585 5310 1656 5372 quod
1680 5309 1742 5370 quia
1763 5308 1879 5367 iniquum

1093 5410 1156 5448 sane
1173 5400 1231 5446 erat
1251 5396 1335 5445 vetui:
1348 5392 1460 5454 dedique
1477 5394 1515 5441 eis
1533 5391 1614 5440 multa
1633 5388 1742 5451 pulchra
1758 5391 1784 5436 et
1806 5387 1880 5447 grata

1093 5493 1145 5541 que
1173 5487 1274 5525 mecum
1301 5474 1411 5524 tuleram
1440 5472 1511 5521 nullo
1538 5469 1731 5518 interveniente
1759 5465 1880 5528 premio.

1093 5563 1121 5608 ut
1139 5570 1185 5608 eos
1208 5555 1269 5605 milri
1294 5555 1397 5603 facilius
1421 5548 1588 5601 conciliarem
1611 5547 1757 5607 fierentque
1777 5542 1881 5592 christi·

1093 5639 1150 5687 cole
1167 5640 1193 5686 et
1210 5644 1238 5685 ut
1255 5636 1307 5683 sint
1327 5631 1403 5695 proui
1431 5630 1456 5680 in
1487 5639 1603 5679 amorem
1627 5637 1689 5687 erga
1715 5624 1808 5685 liegem
1834 5620 1884 5669 lle·

1093 5719 1178 5779 ginam
1193 5713 1392 5777 principemque
1407 5712 1516 5761 nostres
1531 5710 1558 5756 et
1573 5706 1712 5756 universas
1730 5704 1821 5767 gentes
1837 5697 1882 5749 iii·

1842 6013 2078 6163 Α
