4492 6859
302 621 412 711 (ιιι

303 763 354 839 qui
375 761 455 824 nobis
469 763 572 824 ceteris
593 765 773 827 concinuistis
792 769 890 831 omnia
907 767 1088 841 dimiserunt,

773 626 1057 696 constaremus
1078 628 1300 696 rudocutlru
1321 630 1473 696 odravr.
1901 632 1943 692 39

1199 767 1327 849 Singulis
1345 767 1445 829 diebus
1459 779 1523 849 post
1542 768 1618 829 diem
1636 767 1807 829 dominicam
1824 768 1944 830 electio·

302 880 377 939 quac
394 862 430 922 ad
450 864 575 925 electum
593 866 622 925 in
642 867 774 929 conclavi
793 868 975 947 spectabant3
994 869 1090 929 multa
1155 869 1199 930 nis
1216 867 1391 948 praedictae,
1409 878 1439 930 et
1456 878 1521 929 ante
1540 867 1613 929 diem
1629 867 1818 929 coronationis
1837 867 1943 948 Papae,

303 972 396 1021 tamen
416 962 535 1024 luerunt
550 964 695 1026 abstracta
715 987 767 1047 per
788 969 991 1047 particulares,
1013 986 1087 1047 quae

301 1078 358 1122 non
390 1062 508 1124 luerunt
527 1064 608 1126 nobis
635 1068 815 1129 conclusistis
841 1069 989 1147 assignata.
1015 1068 1087 1130 Narn

301 1165 510 1241 campanellam
525 1177 555 1228 et
566 1186 691 1247 pannum
713 1189 864 1232 rosaceum
879 1170 994 1248 quibus,
1010 1168 1087 1232 Car·

298 1260 404 1323 dinales
418 1265 445 1323 in
461 1269 589 1347 cappella
609 1288 701 1347 parva
723 1271 889 1345 utebantur,
904 1269 1016 1351 accepit
1031 1272 1087 1334 ab·

298 1361 348 1422 bas
367 1361 497 1424 sacrista
517 1379 626 1440 noster,
641 1368 745 1430 invidia
761 1371 873 1448 plenus,
890 1382 920 1434 et
936 1389 970 1432 ea
991 1370 1086 1452 Papae

297 1463 501 1541 consignarit,
529 1468 607 1527 ultra
633 1487 666 1530 ea
692 1487 767 1547 quae
792 1470 912 1534 luerunt
941 1472 1086 1534 abstracta

297 1562 491 1645 infrascripta.

342 1664 463 1728 Tasseae
488 1679 640 1746 argenteae
665 1687 709 1730 ιιι.
736 1704 778 1717 —-
805 1671 951 1736 Sacranae
976 1693 1085 1755 argen-

299 1772 360 1825 teae
383 1782 411 1825 r.
431 1799 473 1811 -
491 1766 612 1845 Tapecia
635 1788 685 1830 ιιι.
700 1772 799 1834 Unum
820 1771 920 1834 babuit
938 1774 974 1834 D.
996 1777 1085 1836 Cola-

299 1863 478 1937 tbomasius,
503 1877 532 1926 et
552 1885 585 1928 rr.
607 1870 643 1929 D.
665 1870 835 1952 Sinuipbus.
853 1875 1084 1936 —Candelabra

296 1976 434 2043 argentea
455 1985 489 2027 ιι.
512 1967 611 2031 babuit
630 1970 694 2032 lili.
715 1972 855 2035 Dominus
875 1975 1083 2039 cardinalias.

296 2064 408 2141 augeli.
434 2097 474 2111 —-
503 2065 700 2134 [lintheamina
727 2073 763 2135 de
789 2076 904 2136 curtina
925 2095 958 2137 ιι.
985 2077 1085 2139 habuit

298 2163 335 2224 D.
354 2164 514 2246 Sinulplrus
535 2204 576 2216 -
593 2171 746 2252 Copertam
774 2196 809 2237 ex
827 2176 916 2237 sirico
940 2196 963 2240 ι.
984 2178 1085 2239 babuit

297 2262 332 2324 D.
346 2265 511 2328 Daltbassar
527 2269 561 2332 de
574 2271 729 2337 Elandrate
740 2308 782 2320 -
798 2276 934 2357 Sergiam
944 2277 1084 2342 Gamerae

297 2363 399 2427 babuit
419 2366 581 2449 Sinulplrus
600 2408 642 2419 -
662 2374 791 2455 cappam
807 2376 969 2439 cardinalis
984 2379 1085 2441 babuit

294 2464 330 2525 D.
348 2467 513 2528 balthassar·
527 2470 562 2531 de
583 2473 738 2536 Blanda-ate
760 2508 798 2520 -
819 2478 960 2539 Croculns
982 2478 1084 2541 habuit

295 2565 359 2630 ιιιι.
381 2569 443 2629 DD.
455 2570 616 2632 Cardinalis
636 2574 858 2637 matisconensis.
878 2579 1006 2638 Anulum
1028 2597 1084 2637 au·

297 2687 381 2730 reum
408 2670 445 2730 ιιι
472 2670 657 2751 sigillandum
683 2674 784 2735 babuit
805 2675 840 2737 D.
862 2677 1028 2739 Baltbassar
1050 2676 1084 2738 de

295 2768 462 2832 Blandrate.

339 2871 523 2933 vendidimus
549 2884 646 2934 autem
673 2886 763 2937 toturn
784 2879 942 2949 conclave,
964 2878 1020 2939 lroc
1041 2890 1085 2939 est

300 2974 432 3046 lecticas,
455 2972 580 3034 hancbas
600 2986 628 3034 ct
652 2976 729 3055 ligna
751 2966 866 3054 quibus
880 2997 1012 3039 camerae
1037 2977 1085 3037 di·

296 3074 374 3134 visae
403 3084 510 3147 erant,
539 3074 655 3135 cuidam
680 3078 818 3156 magistro
843 3075 878 3138 de
899 3077 1084 3137 Petrasancta

296 3174 479 3254 carpentario
500 3173 634 3251 produc.
655 3176 704 3236 ιι.
720 3176 778 3238 Sed
797 3179 884 3239 solvit
904 3191 1017 3239 tantum
1033 3178 1083 3240 ιι.

293 3275 427 3335 Fuerunt
441 3286 539 3335 autern
556 3276 722 3354 consignata
745 3296 812 3338 vasa
832 3291 970 3358 argentea
991 3280 1085 3340 inira·

293 3375 418 3453 scriptas
434 3373 546 3443 Quadri
563 3375 593 3435 6.
609 3410 649 3420 -
666 3375 812 3438 Scutellae
833 3382 862 3438 ι.
873 3414 914 3424 -
925 3378 1030 3440 Tassae
1053 3380 1082 3439 3.

295 3473 429 3554 ponderis
445 3475 493 3536 lib.
518 3474 564 3536 lli.
581 3495 648 3536 cum
667 3475 795 3551 dimidio,
817 3480 924 3540 valoris
937 3479 973 3538 ad
992 3478 1085 3540 ratio·

293 3592 358 3638 nem
382 3578 399 3635 7
426 3578 610 3638 carlenornm
639 3595 706 3639 cum
728 3578 846 3641 dimidio
868 3599 922 3658 pro
946 3580 1030 3639 uncia
1057 3580 1084 3639 in

297 3686 401 3739 totum.
415 3709 456 3721 -
477 3677 584 3739 Ducale
600 3677 627 3737 ι.
641 3712 681 3725 -
696 3677 846 3740 Scutellini
865 3680 895 3740 E.
913 3715 950 3727 -·
972 3680 1084 3743 Platelli

294 3778 377 3855 parvi
394 3777 424 3837 Ξ.
441 3812 475 3823 -
495 3777 568 3837 Duc.
586 3777 655 3838 las.
673 3797 742 3839 curn
758 3778 876 3841 dimidio
891 3780 927 3840 ad
943 3782 1084 3843 rationem

297 3876 609 3958 laurisannum
632 3881 762 3958 quolibet
784 3880 880 3941 ducat.

337 3980 433 4039 Bncilc
456 3979 484 4037 ι.
507 4014 548 4023 -
569 3978 657 4039 Ριιιιι
673 3980 704 4038 E.
722 4014 763 4025 -
781 3981 928 4043 Cucliaria
943 4014 985 4026 -
1003 3982 1085 4043 Eur-

297 4081 442 4141 cellae-
458 4078 569 4140 Salaria
585 4112 626 4124 —
638 4079 791 4141 llocneua.
809 4080 946 4141 Ponderis
967 4083 1015 4143 lib.
1033 4083 1083 4143 tl.

293 4179 361 4240 duc.
383 4179 473 4239 valor.
494 4178 532 4239 ad
553 4178 692 4240 rationem
710 4182 740 4242 6.
766 4181 951 4243 casianorum
977 4194 1006 4244 et
1032 4182 1081 4245 ιθ.

295 4291 439 4358 quattren.
463 4298 517 4359 pro
543 4281 627 4340 uncia
645 4282 672 4339 in
691 4291 782 4342 totum
808 4281 873 4341 ιιιιι.
898 4283 948 4343 at.
969 4282 1082 4345 baiocis.

294 4380 345 4440 liii.
371 4379 408 4438 ad
430 4382 570 4441 rationem
597 4380 783 4459 praedictam.

339 4479 420 4550 Quae
432 4481 527 4541 omniu
537 4500 592 4562 pro
603 4482 696 4562 prelio
707 4481 901 4557 vendidimus3
912 4495 941 4545 et
954 4484 989 4543 de
1002 4483 1082 4545 bonis

293 4580 488 4661 supradictis,
510 4599 584 4659 quac
604 4581 640 4642 D.
673 4582 832 4663 Sinulphus
865 4583 965 4646 babuit
991 4596 1018 4646 et
1046 4584 1082 4645 D.

297 4680 606 4755 Colatbornasius‚luit
625 4682 712 4743 etiam
734 4684 814 4745 nobis
831 4684 1026 4757 satisfactum3
1048 4685 1082 4747 de

295 4782 359 4842 aliis
379 4793 475 4843 autem
502 4799 559 4841 non
587 4783 676 4843 ultra.
704 4781 786 4852 Quae
806 4783 926 4845 irrerunt
952 4795 981 4846 et
1004 4783 1059 4844 alia
1072 4830 1082 4860 ‚

298 4894 404 4956 vestes,
419 4881 546 4963 diploidi,
568 4884 689 4964 caligae,
708 4885 840 4946 camisiae
860 4897 889 4949 ct
908 4885 1000 4945 muita
1015 4882 1082 4946 ‘alia

297 4983 326 5043 io
348 4982 473 5062 quodam
494 4984 551 5044 alio
571 4984 732 5047 inventario
753 4995 907 5047 contenta:
929 4988 1023 5047 omnia
1045 4986 1081 5048 D.

297 5084 442 5145 lohannes
462 5083 553 5144 illaria
573 5086 669 5145 socius
695 5104 775 5146 meus
802 5105 856 5165 pro
885 5086 951 5147 duc.
973 5074 1082 5148 Eliad

296 5185 439 5245 rationem
453 5183 577 5246 uendidit
590 5186 779 5264 praedictam,
789 5186 827 5245 ad
838 5205 925 5265 qrram
940 5208 1083 5249 summam

295 5285 370 5346 bona
392 5287 452 5365 ipsa
473 5285 591 5345 luerunt
612 5286 745 5347 extimata
766 5282 821 5369 (ι).

338 5554 523 5618 (tlsequualur
535 5556 560 5605 in
570 5555 658 5607 Diorio
666 5561 777 5620 quatuor
786 5556 902 5616 cedulae,
911 5557 1015 5621 qulbus,
1024 5569 1082 5608 oum

299 5638 387 5699 potius
404 5637 556 5687 curiositate
576 5639 602 5688 et
622 5637 738 5687 moribus
755 5638 882 5700 temporis
908 5650 986 5700 quarn
1010 5639 1083 5689 utili·

298 5721 351 5767 tate
369 5716 493 5767 biatorica
515 5718 567 5767 siat
588 5717 734 5777 notabiles,
751 5716 795 5765 bic
811 5717 878 5767 inter
899 5716 1081 5772 adnotationes

1156 1114 1240 1163 locum
1256 1113 1320 1164 dare
1339 1113 1401 1189 anibi
1425 1113 1532 1177 placuit,
1548 1114 1718 1177 allegantes,
1735 1115 1757 1164 ai
1773 1113 1853 1175 iubet,
1863 1117 1942 1166 omit·

1155 1194 1309 1320 “addanor
1329 1269 1433 1322 ιιιιιιιιι
1452 1283 1530 1334 ropac
1548 1271 1713 1335 dspotmiona
1728 1271 1860 1322 ιιιιιιιιιιιιι
1880 1284 1940 1324 con·

1156 1347 1245 1406 clauis,
1266 1349 1473 1400 reoamdtsrimo
1489 1350 1597 1401 Domino
1613 1349 1819 1402 Viceconcaiinrio
1840 1364 1887 1414 per
1901 1365 1941 1403 sne
2035 1370 2037 1374 ⁴

1156 1427 1246 1487 dotoe,
1262 1428 1292 1477 dc
1311 1440 1361 1490 pao
1384 1440 1464 1491 supro
1488 1428 1530 1492 fol.
1556 1436 1592 1481 ιι.
1608 1431 1637 1494 ιι
1651 1432 1746 1482 ιιιιιιο
1769 1429 1800 1481 ιιι
1818 1431 1894 1481 verbo
1908 1433 1942 1483 od

1155 1506 1259 1557 ιιιιιιιιι
1274 1508 1395 1567 ιιιιιιιιιι,
1411 1510 1435 1558 at
1450 1511 1486 1557 ιιι
1502 1507 1568 1558 totta

1197 1584 1224 1635 ln
1241 1585 1338 1647 palatio
1357 1587 1490 1638 conclavis
1501 1586 1639 1638 habendae
1654 1591 1717 1638 suut
1732 1592 1845 1650 quatuor
1855 1591 1943 1640 custo·

1154 1664 1221 1713 diae.
1242 1662 1326 1714 Prima
1343 1665 1369 1714 in
1385 1670 1462 1727 porta
1483 1665 1588 1725 Palatii,
1608 1679 1676 1729 quae
1692 1668 1832 1718 commissa
1852 1673 1894 1720 est
1914 1670 1942 1721 lt.

1154 1741 1260 1793 Dauniam
1283 1745 1406 1807 episcopo
1422 1743 1568 1804 Cerviensi,
1590 1750 1616 1795 ιι
1635 1746 1700 1809 Mag.
1716 1745 1826 1797 Domino
1842 1747 1874 1797 de
1891 1745 1943 1797 Co·

1155 1820 1271 1871 mitibus.

1194 1901 1314 1951 Secunda
1331 1904 1382 1952 erit
1393 1902 1419 1951 in
1431 1904 1507 1965 porta
1518 1915 1570 1965 oua
1588 1904 1741 1955 ascenditur
1757 1904 1790 1955 ιιι
1805 1904 1941 1956 cameram

1153 1981 1332 2043 apostolicam
1348 1986 1377 2041 ιι
1391 1983 1456 2031 baec
1472 1983 1658 2034 committenda
1675 1986 1726 2034 erit
1741 1985 1944 2035 conservatori·

1153 2059 1203 2110 bus
1219 2064 1245 2110 et
1260 2062 1318 2110 aliis
1339 2060 1471 2112 nobilibus
1495 2061 1615 2111 Romanis
1633 2067 1660 2113 ct
1679 2063 1825 2114 Earonibua
1841 2065 1876 2114 ιιι
1891 2077 1943 2114 nu·

1154 2152 1253 2189 merum
1271 2143 1349 2203 prout
1366 2138 1480 2201 placebit
1495 2139 1523 2190 n.
1539 2139 1652 2204 collegio
1669 2140 1854 2192 Oardlnalium.

1194 2218 1284 2270 Tertia
1301 2220 1352 2270 erit
1369 2222 1395 2270 in
1411 2223 1488 2282 porta
1506 2231 1590 2282 prope
1606 2219 1743 2271 Camenam
1765 2222 1942 2285 Apostolicam

1153 2303 1180 2349 et
1196 2297 1458 2350 baac‘cnmrnittenda
1470 2299 1523 2350 arit
1539 2299 1694 2349 Oratoribus
1712 2301 1786 2352 lalcis
1793 2300 1939 2364 Principum

1152 2382 1263 2441 quatuor
1278 2381 1413 2430 nationum
1425 2379 1451 2430 ln
1461 2380 1576 2431 Romana
1587 2379 1664 2431 Curia
1677 2380 1863 2437 existentibus,
1877 2381 1937 2442 pari

1153 2469 1263 2507 numero
1280 2472 1295 2508 ι
1311 2459 1339 2510 ll.
1356 2459 1471 2521 collegio
1494 2458 1669 2510 Cardiualium
1691 2460 1824 2523 usquead
1845 2472 1938 2510 nume·

1153 2548 1211 2585 rum
1227 2537 1270 2586 ilii.
1296 2537 1338 2586 vel
1355 2539 1406 2586 viil.
1424 2538 1583 2600 deputandis
1600 2540 1641 2588 vel
1658 2542 1873 2603 maroremssunt
1890 2552 1940 2588 au·

1152 2619 1205 2664 carn
1222 2617 1248 2666 ra
1264 2617 1308 2667 no.
1325 2615 1474 2675 carrena,
1491 2617 1630 2668 videlicet.
1852 2669 1860 2685 ,
1944 2609 1946 2613 ’

1193 2692 1233 2745 Ex
1249 2694 1394 2746 Germanis.
1414 2721 1446 2732 -
1468 2695 1563 2746 Orator
1586 2696 1740 2760 imperialis.
1752 2698 1847 2747 Orator
1866 2698 1945 2761 Sigis-

1153 2773 1241 2824 mundi
1256 2774 1533 2825 Arciducisdustriae.
1550 2774 1644 2825 Orator
1661 2776 1738 2826 electi
1754 2775 1905 2838 Magantini.

1191 2851 1230 2903 Ex
1241 2852 1356 2904 Francis.
1369 2854 1505 2904 -Orator
1518 2854 1623 2905 Ordinis
1639 2855 1726 2905 Sancti
1743 2854 1869 2906 lobannis
1879 2853 1939 2904 Eia·

1153 2934 1332 2983 rosolimitani.

1193 3010 1233 3060 Ex
1249 3010 1380 3073 Hispanis.
1399 3039 1426 3047 -
1444 3012 1549 3065 Nullum
1566 3014 1630 3064 scio.

1192 3088 1233 3139 Ex
1250 3090 1356 3140 italicis.
1373 3092 1515 3143 -Orator
1532 3095 1607 3155 liegis
1623 3093 1735 3143 Siclliae.
1756 3092 1851 3142 Orator
1866 3091 1943 3154 Regis

1152 3167 1308 3233 ilungariae.
1331 3170 1426 3221 Orator
1442 3171 1519 3221 Ducis
1534 3171 1682 3223 Mediolani.
1700 3172 1795 3222 Orator
1816 3170 1944 3221 Florenti·

1153 3261 1210 3298 nus.
1235 3249 1331 3300 Orator
1352 3237 1484 3300 senensis.

1199 3328 1297 3389 Quarta
1320 3328 1440 3380 custodia
1463 3329 1515 3378 crit
1532 3331 1557 3378 in
1578 3334 1657 3392 porta
1672 3328 1819 3385 conclavis,
1835 3331 1863 3376 et
1879 3327 1945 3376 baec

1152 3407 1296 3456 omittenda
1313 3409 1364 3457 erit
1382 3408 1507 3469 praelatis
1523 3408 1686 3471 dignioribus
1698 3408 1723 3455 in
1739 3405 1808 3457 Urbe
1824 3407 1943 3456 existen·

1154 3485 1234 3545 tibus,
1249 3489 1362 3550 quatuor
1378 3488 1512 3536 nationum
1536 3486 1733 3550 praedictarum
1750 3485 1808 3547 pari
1818 3496 1945 3551 numero,

1154 3565 1210 3615 sire
1227 3564 1352 3615 Oratores
1369 3566 1441 3625 sint,
1458 3567 1515 3617 sive
1534 3579 1586 3616 non
1602 3579 1617 3614 a
1633 3566 1696 3616 lter.
1707 3564 1867 3627 deputatisa
1883 3563 1947 3612 Col·

1155 3644 1221 3707 legio
1248 3642 1423 3695 Cardinaliunr
1446 3646 1582 3709 usquead
1607 3658 1745 3696 numerum
1766 3646 1879 3707 quatuor
1901 3634 1945 3693 vei

1155 3726 1215 3773 octo
1233 3722 1266 3772 ad
1282 3724 1429 3786 malorem,
1445 3728 1507 3776 sunt
1530 3729 1617 3776 autem
1642 3726 1669 3775 in
1685 3725 1799 3775 ιιοιιιιιι
1815 3721 1893 3773 Curia
1910 3722 1945 3784 bi,

1154 3803 1287 3854 videlicet:

1194 3881 1231 3933 Ex
1256 3881 1403 3936 Germania.
1427 3877 1457 3919 ’-
1482 3880 1628 3946 Episcopus
1644 3880 1821 3932 Dandinensis
1848 3881 1944 3931 Orator

1154 3962 1229 4024 Regis
1246 3961 1362 4023 angliae.

1194 4038 1233 4089 Ex
1249 4038 1365 4089 Francis.
1379 4065 1406 4075 -
1422 4038 1643 4103 nrcbtepiscopua
1651 4038 1823 4089 Arelatensis.
1837 4037 1945 4101 Episco-

1153 4133 1203 4186 pus
1219 4118 1412 4172 Nannetensis=
1428 4117 1576 4181 Episcopus
1592 4118 1781 4170 linurinnensis
1797 4116 1855 4167 Dat.

1194 4199 1233 4250 Ex
1243 4197 1374 4261 Hispanis.
1385 4223 1416 4234 -
1432 4197 1654 4260 archiepiscopus
1664 4197 1868 4258 Montisregulis.
1879 4194 1942 4261 Epi-

1154 4291 1252 4340 scopus
1267 4275 1495 4327 barchinonensis.
1513 4275 1660 4340 Episcopus
1676 4276 1870 4340 Agrigentinus.

1194 4355 1232 4408 Ex
1251 4356 1356 4406 italicis.
1371 4383 1400 4395 -
1411 4355 1647 4407 vicecarnerarius‘.
1663 4356 1883 4419 archiepiscopus
1892 4355 1943 4406 Ee·

1153 4440 1325 4486 neventauus.
1333 4434 1479 4498 Episcopus
1488 4435 1653 4499 Spoletinus.
1662 4434 1767 4486 Electus
1777 4437 1940 4487 llantuanus.

1153 4515 1300 4579 Episcopus
1326 4515 1413 4578 liegin.
1437 4514 1585 4578 Episcopus
1610 4515 1767 4565 aleriensis.
1793 4513 1940 4578 Episcopus

1153 4595 1346 4646 Foruliriensis.
1364 4594 1509 4659 Episcopus
1519 4593 1682 4646 Cornaclens.
1700 4594 1846 4659 Episcopus
1865 4595 1941 4644 Glau-

1153 4674 1282 4726 detensis.

1196 4754 1275 4805 Tanos·
1290 4752 1423 4803 ιιιιιιιιιιιι
1437 4754 1491 4803 rica
1512 4752 1648 4804 incantanti
1661 4764 1751 4803 reram
1763 4764 1814 4814 pro
1829 4751 1874 4802 llll.
1889 4751 1942 4802 Do·

1153 4832 1228 4883 minis
1244 4831 1421 4886 cardinalibus
1438 4832 1472 4882 od
1487 4832 1606 4884 eoocboe
1626 4832 1815 4895 potiundorum
1829 4830 1888 4880 tolis
1898 4832 1942 4880 est.

1193 4912 1375 4963 paramentum
1394 4912 1426 4961 de
1442 4914 1527 4974 sargia
1545 4912 1641 4971 viridi,
1657 4915 1701 4962 aut
1718 4912 1826 4961 alterius
1842 4910 1941 4960 coloris

1153 4994 1236 5054 magis
1253 4994 1401 5055 placentis;
1417 5004 1498 5054 supra
1514 4992 1617 5044 eoelum
1634 4994 1722 5042 tamen
1737 4990 1794 5040 Ocri
1810 4992 1898 5051 potest
1914 4991 1942 5036 et

1154 5073 1355 5122 convenientius
1373 5083 1406 5121 ex
1423 5072 1475 5123 tela
1492 5071 1561 5132 alba,
1578 5075 1605 5122 nl
1623 5083 1727 5120 camera
1744 5071 1778 5120 sit
1794 5068 1911 5118 lucidior.

1193 5150 1302 5202 Lectum
1326 5164 1375 5216 pro
1399 5152 1427 5203 tt.
1450 5149 1560 5201 Domino
1576 5148 1714 5201 cardinale
1738 5160 1798 5197 cum
1820 5146 1942 5197 omuibus

1154 5234 1210 5282 suis
1227 5233 1400 5284 lornimcnlis.
1418 5230 1605 5282 Matbaratium
1622 5242 1681 5280 cum
1698 5227 1895 5280 linteaminibus
1916 5230 1943 5277 ιι

1153 5315 1262 5376 οοριιιι
1278 5325 1327 5374 pro
1344 5311 1528 5369 conclavistis,
1544 5311 1588 5375 qui
1604 5310 1668 5359 illud
1685 5310 1710 5359 in
1728 5321 1789 5359 sero
1805 5320 1885 5371 supra
1902 5311 1943 5355 ιι-

1152 5396 1213 5455 pete
1230 5393 1370 5443 interram
1387 5393 1525 5455 ponentes,
1542 5390 1568 5440 in
1585 5401 1691 5440 camera
1708 5388 1804 5439 domini
1829 5387 1871 5437 sut
1893 5386 1942 5435 ibi·

1153 5471 1213 5522 dem
1230 5471 1373 5522 dormiunt.

1153 5602 1160 5616 ,
1193 5552 1292 5602 Tabula
1308 5565 1361 5603 uua
1377 5551 1434 5601 sive
1450 5563 1539 5601 measa
1555 5548 1724 5614 longitudinis
1746 5562 1772 5598 ι.
1794 5548 1939 5611 palmorum

1152 5645 1211 5685 cum
1227 5632 1281 5682 suis
1297 5630 1466 5695 trispedibns.
1480 5657 1510 5667 -
1527 5627 1580 5680 ιιιιι
1596 5628 1684 5681 sedes.
1694 5657 1717 5667 -
1735 5627 1816 5680 Duum
1834 5624 1940 5678 scabel-

1152 5719 1216 5769 lum.
1236 5738 1267 5751 -
1291 5710 1343 5764 lina
1367 5711 1444 5763 sedes
1461 5725 1510 5776 pro
1531 5710 1658 5763 beneflcio
1673 5708 1776 5764 ιιιιιιιι
1798 5721 1858 5761 cum
1882 5709 1937 5760 suis
