4492 6859
220 683 333 769 (issa)

224 823 354 901 quinque
382 821 431 880 alil
464 819 593 891 nobiles,
613 836 742 895 quorum
771 835 847 876 unus
875 816 1012 896 portabat

225 1021 309 1069 sulam
329 1017 457 1066 affirmant
483 1014 634 1075 supradicta
650 1012 764 1074 Hispana
782 1012 931 1060 maiorem=
957 1011 1013 1057 eius

225 1097 311 1147 incole
328 1099 420 1146 carent
437 1092 512 1156 pilis:
540 1104 657 1153 auroque
675 1093 743 1140 inter
761 1091 825 1139 alias
850 1089 1012 1151 potissimum

224 1176 364 1225 exuberat.
390 1173 472 1221 liuius
493 1172 577 1219 insule
602 1174 628 1218 et
653 1169 762 1218 aliarum
790 1180 857 1230 quas
884 1166 937 1215 vidi
966 1166 1014 1212 bo·

225 1255 310 1302 mines
338 1264 437 1300 mecum
462 1253 540 1312 porto
564 1251 607 1310 qui
633 1248 726 1296 horum
750 1259 801 1309 que
819 1247 872 1295 dixi
897 1247 1014 1294 testimo·

225 1334 296 1381 nium
319 1328 468 1393 perhibent.
494 1327 609 1389 Denique
627 1333 655 1375 ut
671 1326 754 1375 nostri
771 1324 906 1373 discessus
922 1327 949 1372 et
968 1334 1014 1371 ce·

225 1413 287 1460 teris
305 1408 466 1459 reversionis
482 1405 664 1468 compendium
680 1416 711 1453 ac
734 1403 938 1453 emolumentum
950 1399 1013 1449 bre·

225 1489 304 1539 vibus
322 1490 463 1549 astringam
489 1485 537 1533 hoc
559 1485 702 1545 pollicenti
724 1494 765 1531 me
785 1482 883 1530 nostris
903 1477 1013 1540 Regibus

225 1566 406 1617 invictissimis
430 1575 513 1624 parvo
536 1573 626 1611 eorum
656 1560 750 1610 iulium
776 1559 892 1607 auxilio=
914 1560 1012 1606 tentum

225 1647 281 1696 auri
299 1646 421 1694 daturum
437 1643 563 1704 quantum
576 1642 613 1688 eis
630 1639 709 1688 luerit
726 1650 808 1700 opus.
825 1639 926 1685 tantum
949 1643 1013 1683 vero

225 1727 388 1774 aromatum.
405 1719 533 1769 bombicis
544 1752 549 1765 .
559 1719 690 1767 masticis:
702 1720 828 1777 quantum
840 1714 910 1776 apud
922 1711 1014 1761 Chium

224 1803 354 1853 duntaxat
376 1800 526 1850 invenitur.
544 1800 698 1858 tantumque
724 1795 784 1857 ligni
806 1794 895 1842 aloes.
913 1796 1012 1841 tantum

226 1893 365 1932 servorum
393 1878 601 1942 hydolatrarium
624 1875 680 1935 (ie
704 1873 763 1923 eltis
789 1872 938 1921 editionibus
964 1869 1015 1932 lay·

226 1960 468 2022 drophilatorum)=
486 1959 611 2018 quantum
633 1966 724 2003 eorum
753 1952 877 2001 maiestas
902 1949 1014 1999 soluerit

225 2043 342 2101 exigere.
368 2039 430 2085 item
459 2032 649 2084 reubarbarum
677 2035 703 2081 et
730 2032 840 2080 aliorum
868 2032 1013 2078 aromatum

225 2129 322 2179 genera
346 2128 397 2178 que
427 2115 444 2163 ii
475 2124 541 2175 quos
563 2112 590 2161 in
611 2112 681 2161 dicta
704 2122 764 2159 arce
787 2108 880 2171 reliqui
902 2108 952 2155 iam
974 2106 1015 2154 in·

226 2196 334 2245 venisse
355 2199 432 2256 atque
452 2193 605 2242 inventuros
632 2189 783 2240 existimes.
804 2185 1014 2250 quandoquidem

225 2285 275 2335 ego
287 2272 377 2322 nullibi
395 2273 477 2333 magis
493 2282 550 2320 sum
569 2273 686 2318 moratus
710 2268 761 2317 nisi
771 2271 898 2331 quantum
915 2276 957 2314 me
974 2277 1016 2313 co·

224 2356 337 2415 egerunt
357 2354 448 2399 ventlz
468 2352 637 2411 preterquam
656 2348 683 2395 in
698 2346 762 2395 villa
777 2345 944 2396 Natiuitatis:
956 2342 1016 2391 dum

225 2442 317 2479 arcem
332 2428 447 2478 condere
463 2432 489 2475 et
506 2429 562 2475 tuta
579 2427 666 2474 omnia
677 2437 736 2474 esse
753 2423 864 2486 providi.
880 2424 934 2483 Qus
951 2426 978 2471 et
994 2423 1016 2471 si

225 2512 342 2560 maxima
353 2511 380 2556 et
392 2506 506 2556 inaudita
523 2509 600 2555 sunt:
616 2504 697 2553 multo
708 2507 797 2553 tamen
813 2502 912 2551 maiora
932 2500 1018 2550 iorent

227 2588 251 2635 si
263 2596 344 2635 nares
356 2584 417 2632 mihi
427 2587 456 2632 ut
467 2585 534 2631 ratio
545 2581 626 2641 exigit
638 2579 835 2630 subvenissent.
847 2579 939 2627 verum
953 2579 1020 2628 mul·

227 2668 284 2714 tum
297 2676 327 2712 ac
338 2662 455 2711 mirabile
464 2661 520 2709 hoc:
531 2670 578 2708 nec
588 2659 686 2708 nostris
698 2658 798 2707 meritis
808 2657 1018 2717 correspondens

227 2744 277 2795 sed
304 2746 395 2792 sancte
422 2740 571 2790 Christiane
600 2738 677 2788 helei:
702 2742 906 2799 nostrorumque
922 2737 1017 2798 Regum

229 2824 321 2885 pietati
335 2833 365 2870 ac
378 2820 511 2881 religioni:
527 2820 587 2880 quia
603 2816 673 2880 quod
688 2816 818 2865 humanus
829 2816 955 2877 consequi
967 2827 1018 2863 non

230 2905 337 2964 poterat
349 2900 506 2950 intellectus:
515 2899 541 2947 id
553 2898 672 2946 humanis
684 2899 813 2946 concessit
825 2894 939 2945 divinus.
949 2895 1020 2944 Solet

230 2982 300 3029 enim
317 2980 384 3029 Deus
397 2988 491 3027 servos
509 2988 584 3025 suos:
601 2976 698 3038 quique
709 2987 757 3024 ιιι
771 2977 898 3037 precepta
911 2972 1019 3035 diligunt

227 3062 254 3109 et
269 3060 294 3108 in
312 3056 519 3119 impossibilibus
537 3055 683 3106 exaudire:
701 3058 730 3104 ιι
748 3053 825 3103 nobis
843 3052 869 3100 in
883 3049 1019 3113 presentia

227 3131 354 3200 contigit:
371 3136 415 3198 qui
432 3147 462 3185 ea
478 3137 611 3184 consecuti
628 3142 785 3194 sumusque
806 3131 934 3179 hactenus
952 3142 1020 3179 mor·

230 3219 322 3267 tellum
341 3217 412 3264 vires
429 3215 534 3263 minime
551 3214 709 3275 attigerant:
725 3224 784 3260 nam
802 3213 823 3259 si
838 3210 933 3257 barum
951 3208 1022 3257 insu-

233 3298 315 3346 larum
341 3296 456 3357 quipiam
484 3291 582 3354 atiquid
607 3292 773 3352 scripserunt
790 3293 835 3338 aut
852 3288 930 3337 locuti
947 3289 1020 3336 sunt:

230 3386 323 3424 omnes
341 3387 389 3435 per
406 3370 530 3433 ambages
547 3374 574 3419 et
591 3370 763 3418 coniecturas.
777 3380 854 3417 nemo
872 3379 901 3416 se
918 3378 964 3416 eas
982 3367 1021 3414 vi·

233 3453 304 3503 disse
327 3451 436 3502 asserit:
453 3450 523 3499 unde
548 3460 630 3511 prope
651 3447 793 3498 videbatur
820 3446 916 3495 tabula.
941 3446 1020 3507 lgilur

233 3534 287 3583 ltex
313 3536 339 3582 et
368 3530 464 3593 ltegina
491 3531 670 3591 princepsque
695 3538 725 3576 ac
752 3538 843 3577 eorum
870 3537 948 3587 regna
982 3525 1021 3573 ie·

233 3613 357 3663 licissimn
392 3613 539 3671 cuncteque
566 3610 616 3658 alie
649 3607 857 3657 Christianorum
887 3604 1020 3667 provincie

229 3687 491 3749 Salvatoriqliomlno
516 3691 607 3736 nostro
622 3685 684 3736 lesu
703 3685 807 3735 Christo
832 3696 939 3745 agamus
960 3695 1021 3744 gra·

234 3770 301 3818 tias:
315 3770 358 3829 qui
377 3770 449 3815 tanta
465 3778 514 3815 nos
531 3765 641 3815 victoria
658 3776 820 3827 munereque
835 3763 962 3813 donavit=
979 3773 1021 3810 ce·

234 3848 370 3897 lebrentur
386 3857 586 3907 processiones.
604 3848 764 3906 peragantur
780 3844 907 3893 solemnia
929 3853 1020 3890 sacrae

233 3927 353 3989 testaque
378 3925 471 3975 fronde
496 3925 617 3973 velentur
637 3922 761 3972 delubra.
778 3924 879 3970 exultet
901 3920 1020 3968 Christus

237 4006 264 4054 in
289 4004 369 4053 terris
391 4001 611 4065 quemadmodum
637 4002 662 4049 in
686 4001 750 4049 celis
773 4000 891 4050 exultat:
906 4010 958 4058 quo
985 4001 1023 4047 tot

232 4084 392 4147 populorum
419 4081 538 4142 perditas
563 4084 623 4129 ante
648 4080 696 4126 bac
721 4080 822 4126 animas
839 4078 967 4125 salvatum
989 4076 1020 4124 iri

233 4161 363 4225 presidet
391 4160 513 4209 Letemur
535 4164 562 4208 et
578 4170 643 4207 nese
664 4170 723 4207 cum
748 4161 857 4219 propter
884 4155 1022 4204 exaltatio·

231 4253 291 4289 nem
318 4242 408 4288 nostre
432 4236 507 4286 hdei.
526 4241 581 4286 tum
598 4239 709 4298 propter
725 4247 813 4284 rerum
838 4234 1020 4295 temporalium

231 4321 412 4367 incrementa=
429 4327 541 4377 quorum
566 4327 619 4363 non
643 4316 727 4363 solum
754 4312 876 4373 Hispania
897 4311 945 4361 sed
965 4312 1021 4360 uni-

232 4409 312 4446 versa
331 4395 513 4444 christianitas
530 4398 572 4443 est
588 4394 674 4443 lutura
693 4393 835 4455 particeps.
861 4390 914 4439 llec
931 4394 959 4439 ut
975 4402 1022 4451 ge·

232 4480 275 4525 sta
293 4478 353 4524 sunt
371 4476 409 4523 sio
426 4473 545 4522 breviter
562 4476 692 4522 enarrata.
708 4471 779 4520 vale.
797 4468 916 4520 Uliabone
936 4470 1020 4531 pridie

233 4551 295 4602 ldus
311 4552 408 4602 llartii.

275 4629 434 4678 cristoforus
452 4629 541 4679 (lolem
559 4629 663 4679 Oceano
679 4629 773 4679 classis
790 4628 924 4679 Proiectus
937 4648 959 4672 ι.

278 4710 359 4757 Simul
383 4721 414 4757 ιι
437 4707 471 4757 de
488 4710 594 4759 noviter
618 4709 735 4758 inventis
760 4708 878 4770 imperiis
902 4706 1021 4758 nuntium

233 4790 297 4851 Regi
313 4791 339 4837 ιι
355 4788 467 4848 lieginae
485 4788 626 4850 Hispaniae
644 4789 778 4850 pervenit,
794 4801 843 4851 pro
854 4786 1021 4850 legitimanda

233 4880 323 4916 rerum
340 4868 528 4928 acquisitarum
545 4869 716 4928 possessione
740 4868 774 4916 ad
789 4866 939 4917 Pontificem
961 4876 1021 4915 sese

235 4951 391 5003 verterunt,
408 4946 510 5008 legatis
526 4946 624 4995 Romae
642 4945 822 4996 residentibus
846 4958 894 5007 pro
919 4947 958 4995 eis
979 4944 1023 4993 di·

234 5029 349 5090 plomata
370 5027 543 5076 investiturae
563 5026 777 5088 implorantibus.
789 5027 855 5078 Nam
867 5029 928 5086 post
945 5024 1022 5074 Chri·

235 5105 331 5155 stolori
357 5104 475 5155 columbi
503 5104 639 5163 reditum,
660 5106 693 5156 de
725 5107 787 5156 novi
814 5106 887 5156 orbis
911 5105 1022 5166 imperio

237 5184 336 5233 acriter
352 5182 504 5232 certabatur
521 5184 590 5232 inter
606 5182 783 5233 Castellauum
812 5188 839 5233 et
871 5183 1022 5233 lusitanum

237 5264 327 5323 Reges
350 5259 396 5310 llic
413 5262 481 5310 enim
499 5262 600 5310 insulas
617 5273 630 5309 a
648 5262 776 5312 Columbo
793 5264 915 5312 inventas
941 5262 974 5311 ad
994 5274 1023 5311 se

238 5344 364 5402 spectare
391 5338 589 5399 contendebat,
615 5340 802 5402 diplomatibus
830 5339 970 5403 pontificiis
997 5342 1024 5390 in

240 5419 357 5468 medium
375 5419 476 5477 allatis,
492 5417 605 5479 quibus,
622 5420 839 5470 concessionibus
855 5419 1026 5481 apostolicis.

239 5498 265 5546 ei
282 5495 450 5546 donabantur
467 5495 694 5547 indiscriminatim
712 5502 800 5548 terrae
818 5502 845 5547 et
862 5499 963 5548 insulas
985 5485 1043 5546 ιι(

239 5580 334 5625 ventae
351 5582 377 5625 et
394 5577 550 5625 inventurae
569 5578 593 5623 in
610 5576 732 5637 partibus
749 5578 872 5635 Airicae,
889 5577 1025 5638 Guineae,

240 5668 272 5703 ae
289 5656 404 5704 hlinerae
421 5655 487 5710 auri,
504 5657 530 5702 et
547 5652 624 5702 alibi:
642 5654 755 5716 negabat
771 5656 823 5705 hex
841 5654 1024 5716 Castellanus,

238 5733 287 5783 sed
302 5733 337 5783 ad
353 5745 435 5784 novas
446 5732 637 5784 dominationes
650 5734 742 5784 melius
754 5733 912 5797 firmandas,
929 5739 1025 5788 aucto·

686 676 968 743 postulemus
989 673 1215 740 inexilium
1236 673 1363 736 SEXTI.

1802 674 1865 736 255
1892 722 1899 730 .

1081 814 1205 892 galeam,
1225 812 1298 871 elius
1318 827 1417 884 erma,
1438 810 1514 869 allus
1535 810 1655 891 insignis
1675 830 1743 873 cum
1763 823 1865 887 scuto,

1084 1008 1161 1056 ritate
1178 1005 1311 1069 pontidcis
1337 1005 1421 1055 fulciri
1449 1005 1591 1056 nitebatur.
1611 1008 1778 1070 Quapropter
1801 1010 1868 1059 Ora·

1083 1085 1185 1135 toribus
1202 1086 1228 1134 in
1252 1083 1321 1134 Urbe
1339 1083 1506 1134 manentibus
1532 1096 1626 1134 novum
1652 1091 1728 1136 extra
1750 1088 1869 1137 ordinem

1082 1162 1206 1225 Legatum
1218 1163 1333 1212 adiicere
1352 1166 1503 1212 statuerunt
1519 1175 1568 1224 pro
1585 1162 1634 1211 hac
1650 1167 1760 1227 aliisque
1777 1167 1868 1217 rebus.

1082 1242 1188 1290 lnterim
1202 1241 1351 1290 Alexander
1363 1240 1482 1290 Pontilex
1493 1243 1647 1303 priusquam
1662 1242 1774 1305 Legatos
1783 1246 1875 1306 llispa·

1082 1333 1133 1370 nus
1150 1319 1245 1370 tlrbem
1262 1322 1417 1370 solemniter
1432 1319 1562 1381 intraret,
1579 1323 1628 1371 hoo
1644 1321 1785 1383 diplomate
1803 1323 1872 1374 inter

1083 1399 1150 1448 duos
1167 1411 1243 1461 reges
1261 1402 1334 1449 litem
1351 1400 1466 1449 diremit.

1126 1496 1137 1518 ι
1156 1476 1317 1528 charissimo
1334 1492 1360 1527 ιι
1376 1477 1481 1527 Christo
1498 1478 1550 1527 llllo
1569 1477 1733 1528 sordinendo
1761 1480 1821 1542 ltegi
1846 1483 1873 1529 et

1082 1555 1254 1606 charissimae
1269 1559 1295 1606 in
1312 1556 1417 1606 Christe
1440 1556 1508 1606 illias
1535 1556 1668 1607 Elisabeth
1690 1558 1803 1619 Reginae
1824 1558 1875 1606 Ca·

1083 1635 1194 1693 stellae,
1207 1635 1328 1697 Legionis
1338 1671 1346 1695 ,
1356 1639 1524 1699 aragonum,
1541 1640 1568 1687 et
1584 1636 1714 1687 Granatae
1727 1636 1874 1688 illustribus

1082 1713 1202 1771 salutem,
1219 1720 1269 1763 etc.

1127 1792 1271 1843 «Eximiae
1294 1787 1444 1845 devotionis
1461 1796 1602 1846 sinceritas
1627 1798 1653 1843 et
1677 1796 1777 1858 lntegra
1794 1794 1874 1854 fldes,

1082 1872 1178 1932 quibus
1201 1885 1250 1922 nos
1267 1877 1293 1923 et
1317 1874 1457 1923 itomanam
1477 1875 1633 1924 reveremini
1655 1867 1798 1924 Ecclesiam
1822 1886 1873 1923 non

1084 1950 1187 2012 indigne
1206 1954 1354 2010 merentur,
1377 1955 1405 2001 ιιι
1421 1954 1465 2002 ille
1482 1952 1558 2002 robis
1583 1952 1764 2003 favorabiliter
1781 1965 1875 2002 conce·

1083 2028 1197 2087 damus,
1215 2041 1264 2091 per
1285 2042 1352 2090 quae
1377 2034 1496 2080 sanctum
1514 2034 1541 2081 et
1557 2030 1688 2080 laudabile
1710 2031 1873 2093 propositum

1083 2111 1201 2157 vestrum
1219 2111 1328 2169 etopus
1345 2109 1496 2171 incoeptum
1518 2109 1544 2159 in
1560 2109 1720 2173 quaerendis
1748 2110 1827 2158 terris
1847 2118 1874 2158 ιι

1085 2185 1179 2235 lnsulls
1195 2187 1304 2235 remotis
1322 2199 1352 2235 ac
1369 2188 1506 2249 incognitis
1524 2188 1548 2236 in
1566 2187 1623 2238 dies
1641 2188 1734 2237 melius
1758 2191 1784 2236 ιι
1806 2187 1873 2235 iact-

1085 2343 1164 2394 stlani
1186 2347 1421 2407 propagationem,
1437 2357 1468 2394 ae
1484 2344 1545 2394 ildel
1568 2345 1712 2394 catholicae
1732 2344 1873 2394 exaltatio·

1086 2436 1146 2473 nem
1170 2424 1295 2485 prosequi
1322 2424 1442 2472 valeatis.
1465 2422 1548 2474 llodie
1577 2423 1707 2487 siquidem
1734 2435 1825 2472 omnes
1848 2426 1876 2472 et

1086 2502 1202 2563 singulas
1218 2502 1315 2550 Terras
1327 2500 1426 2550 Firmos
1450 2505 1478 2551 et
1498 2502 1597 2552 insulas
1619 2507 1734 2552 remotas
1752 2506 1778 2552 et
1800 2503 1875 2552 inco·

1087 2582 1171 2644 gnitas
1188 2591 1284 2629 versus
1300 2583 1392 2641 partes
1409 2580 1586 2631 occidentales
1603 2587 1630 2631 et
1646 2594 1719 2631 mare
1742 2581 1874 2631 Oceanum

1086 2660 1262 2709 consistentes
1285 2671 1334 2720 per
1357 2669 1422 2714 vos,
1447 2669 1494 2708 seu
1516 2658 1623 2709 nuntios
1648 2661 1827 2717 vestros,‚ad
1850 2660 1877 2710 id

1087 2742 1230 2801 propterea
1248 2750 1301 2789 non
1316 2738 1373 2786 sine
1390 2738 1490 2799 magnis
1507 2736 1662 2798 laboribus,
1681 2740 1826 2801 periculis,
1850 2742 1877 2790 et

1087 2817 1215 2880 impensis
1232 2816 1396 2877 destinatos,
1413 2820 1533 2878 repertas
1549 2821 1576 2865 et
1592 2816 1764 2878 reperiendae
1779 2819 1806 2865 in
1828 2829 1878 2879 po-

1088 2902 1206 2956 sterum,
1223 2909 1290 2959 quae
1306 2895 1357 2945 sub
1375 2895 1471 2945 actuali
1490 2896 1605 2945 dominio
1622 2897 1761 2959 temporali
1774 2897 1879 2959 aliquo·

1089 2991 1146 3028 rem
1165 2978 1331 3028 dominorum
1349 2976 1559 3027 Christianorum
1582 2979 1740 3027 constitutae
1762 2989 1813 3026 non
1833 2988 1879 3025 es·

1088 3061 1164 3116 sent,
1190 3055 1395 3106 cumomnibus
1423 3055 1525 3105 illarum
1552 3055 1690 3115 dominiis,
1706 3054 1878 3113 civitatibus,

1088 3137 1200 3195 castris,
1223 3137 1306 3194 locls,
1331 3136 1422 3192 villis,
1447 3134 1570 3194 iuribus,
1597 3139 1624 3186 ιι
1648 3133 1878 3197 iurisdictionibus

1088 3216 1241 3271 universis,¹
1261 3214 1356 3273 vobis,
1381 3212 1596 3276 heredibusque,
1623 3218 1650 3264 et
1677 3214 1879 3264 successoribus

1088 3293 1189 3344 vestris
1204 3293 1333 3343 Castellae
1351 3297 1377 3341 et
1394 3292 1515 3355 Legionis
1542 3293 1657 3356 lteglbus
1676 3295 1700 3342 in
1718 3297 1877 3372 perpetuum

1089 3377 1161 3423 motu
1176 3372 1287 3436 proprio
1304 3375 1330 3421 ιι
1347 3384 1380 3422 ex
1397 3376 1470 3421 certa
1489 3374 1613 3429 selentia,
1626 3385 1655 3421 ac
1672 3373 1705 3422 de
1717 3363 1878 3436 apostelicae

1088 3452 1230 3515 potestatis
1257 3450 1421 3513 plenitudine
1448 3452 1622 3510 donavimus,
1645 3453 1826 3502 concessimus
1852 3456 1880 3501 ιι

1089 3529 1299 3593 assignavimus.
1315 3534 1394 3591 prout
1412 3533 1438 3580 in
1456 3533 1555 3580 nostris
1572 3531 1632 3581 inde
1649 3532 1777 3584 coniectls
1794 3532 1879 3581 literis

1089 3612 1192 3673 plenius
1210 3611 1368 3659 continetur.

1131 3688 1193 3739 Cum
1212 3696 1300 3738 antem
1317 3690 1382 3738 alias
1406 3690 1538 3739 nonnullis
1554 3690 1727 3753 Portugalllae
1741 3689 1876 3752 Regibus,

1088 3769 1133 3829 qui
1149 3770 1175 3817 in
1191 3768 1312 3830 partibus
1335 3768 1457 3825 Atrlcae,
1473 3768 1606 3826 Guineae,
1623 3772 1650 3818 et
1666 3770 1779 3819 hlinerae
1802 3769 1879 3828 anri,

1089 3860 1119 3895 ac
1143 3848 1208 3895 elias
1232 3847 1334 3895 insulas
1358 3849 1436 3895 etlam
1458 3846 1485 3893 in
1502 3846 1634 3895 similibus
1657 3847 1828 3896 concessione
1850 3851 1878 3897 et

1089 3926 1230 3975 donatione
1241 3925 1387 3985 apostolica
1402 3925 1442 3975 eia
1460 3924 1528 3973 iacta
1539 3929 1699 3986 repererunt
1717 3928 1742 3975 el
1760 3926 1876 3988 acquisi-

1089 4006 1201 4057 verunt,
1218 4014 1265 4063 per
1280 4001 1375 4050 sedem
1401 4002 1578 4063 spostollcnm
1596 4002 1702 4052 diversa
1724 4004 1878 4067 privilegia,

1088 4083 1209 4144 gratlae,
1226 4079 1381 4139 libertates,
1401 4080 1599 4140 immunitates,
1624 4081 1823 4143 exemptiones,
1840 4082 1880 4131 ta-

1088 4162 1217 4219 cultates,
1235 4161 1344 4217 literae,
1365 4162 1392 4208 et
1417 4158 1516 4208 indulta
1543 4172 1670 4211 concessa
1686 4161 1802 4221 tuerint,
1829 4175 1877 4213 noa
1942 4205 1965 4220 ,.
1987 4135 2043 4228 *ff

1088 4240 1209 4289 volentes
1226 4238 1417 4300 etiam,prout
1433 4237 1539 4301 dignum
1555 4243 1582 4289 et
1598 4242 1759 4291 conveniens
1776 4241 1901 4301 existit„
1939 4259 1944 4268 ·
1973 4229 1979 4240 ’
2038 4229 2044 4243 ’

1087 4333 1137 4370 ιιι
1162 4318 1327 4382 heredesque
1350 4322 1377 4368 et
1401 4330 1573 4369 successores
1594 4325 1697 4371 vestros
1719 4320 1874 4382 praedictos
1930 4303 1948 4320 ”

1088 4400 1141 4448 ιιι
1165 4398 1311 4447 minoribus
1337 4399 1442 4459 gratiis,
1460 4399 1667 4459 praerogativis,
1688 4402 1715 4448 ιι
1739 4397 1877 4448 isvoribus

1087 4480 1227 4541 prosequi,
1244 4480 1315 4525 motu
1334 4477 1429 4534 simili,
1446 4489 1497 4525 non
1515 4476 1548 4525 ad
1567 4481 1683 4526 vestram
1701 4478 1743 4526 vel
1766 4478 1875 4527 alterius

1088 4556 1232 4619 provehis
1251 4556 1327 4606 nobis
1345 4568 1426 4617 super
1444 4554 1493 4604 hoc
1510 4554 1613 4606 oblatae
1631 4558 1763 4617 petitionis
1781 4557 1882 4606 instan-

1088 4639 1169 4696 tiam,
1187 4636 1236 4687 sed
1257 4634 1291 4684 de
1316 4638 1407 4684 nestra
1430 4646 1502 4684 mera
1525 4634 1700 4694 liberalitate,
1724 4649 1755 4685 ac
1777 4636 1878 4686 eisdem
1977 4681 1981 4688 .

1088 4718 1199 4767 scientis
1221 4718 1249 4764 et
1265 4713 1426 4775 apostolicos
1443 4715 1585 4775 potestatis
1602 4714 1782 4776 plenitudine,
1804 4713 1882 4763 vobis

1088 4807 1119 4844 ac
1137 4792 1279 4844 heredibus
1296 4795 1323 4840 et
1340 4792 1543 4842 successoribus
1561 4792 1660 4842 vestris
1676 4792 1821 4854 praedictis
1833 4827 1841 4849 ,
1852 4794 1881 4839 ut

1089 4878 1114 4924 in
1132 4875 1224 4925 insulis
1242 4876 1268 4923 et
1285 4872 1365 4921 terris
1388 4883 1437 4933 per
1462 4884 1511 4920 vos
1535 4883 1582 4921 seu
1605 4873 1710 4920 nomine
1727 4875 1817 4920 vestro
1835 4870 1882 4918 ha·

1089 4958 1181 5003 ctenus
1209 4952 1324 5014 repertis
1353 4944 1503 5005 huiusmodi
1521 4954 1548 4999 et
1566 4950 1730 5011 reperiendis
1746 4950 1772 4998 in
1788 4952 1881 5012 poste·

1090 5044 1166 5089 rum,
1182 5028 1305 5080 omnibus
1322 5031 1349 5077 et
1365 5028 1473 5089 singulis
1490 5028 1597 5091 gratlls,
1617 5028 1778 5090 privilegiis,
1790 5038 1881 5076 exem·

1089 5109 1239 5173 plionibus,
1257 5108 1442 5166 libertatibus,
1459 5107 1643 5164 facultatibus,
1660 5106 1881 5167 immunitatibus,

1090 5188 1181 5245 literis,
1194 5192 1220 5237 et
1237 5186 1345 5236 indultis
1361 5186 1475 5248 Regibus
1492 5186 1664 5248 portugalliae
1680 5187 1816 5234 concessis
1834 5185 1883 5234 hu·

1087 5265 1220 5328 Jusnodr,
1236 5275 1350 5328 quorum
1367 5265 1483 5314 omnium
1503 5268 1609 5314 tenores
1627 5276 1657 5313 ac
1675 5265 1696 5313 si
1708 5263 1741 5313 de
1753 5261 1836 5313 verbo
1851 5263 1885 5314 ad

1091 5345 1202 5395 verbum
1224 5343 1409 5406 praesentibus
1433 5343 1617 5393 insererentur
1643 5343 1736 5393 haberi
1758 5343 1882 5394 volumus

1091 5438 1140 5487 pro
1157 5423 1317 5473 sullicienter
1332 5423 1469 5491 expressis
1486 5425 1513 5471 et
1528 5422 1648 5480 insertis,
1664 5423 1719 5479 nti,
1734 5423 1832 5483 potiri,
1853 5427 1881 5473 et

1092 5503 1207 5566 gaudere
1226 5501 1309 5551 libere
1326 5506 1353 5551 et
1371 5502 1440 5550 licite
1454 5502 1562 5562 possitis
1581 5506 1607 5551 et
1624 5501 1744 5551 debeatis
1757 5504 1782 5550 in
1796 5503 1882 5551 omni-

1092 5582 1142 5631 bns
1159 5586 1185 5631 et
1202 5594 1251 5643 per
1267 5580 1355 5630 omnia
1372 5579 1499 5642 perinde,
1510 5592 1540 5628 ac
1557 5582 1578 5629 sl
1596 5580 1642 5630 illa
1660 5580 1747 5629 omnia
1760 5581 1836 5630 vobis
1849 5594 1879 5631 ac

1091 5658 1236 5710 heredibus
1252 5661 1280 5707 et
1295 5658 1495 5708 successoribus
1508 5659 1606 5708 vestris
1617 5659 1745 5722 praelatis
1758 5659 1882 5722 speciali·

1092 5742 1134 5790 ter
1150 5748 1278 5790 concessa
1301 5736 1431 5797 luissent,
1447 5737 1606 5787 authoritate
1623 5738 1767 5800 apostolica
1791 5741 1885 5788 tenore
