4492 6859
298 623 339 683 ld
782 611 1066 676 uout'tutcstus
1087 609 1309 675 mudeuurt!
1328 609 1479 673 ocrem.

299 758 362 818 lum
391 772 530 835 namnum
549 770 703 814 armorum
724 751 829 831 Populi
852 749 987 821 Romani,
1007 747 1085 827 apud

297 856 444 919 sehabens
466 866 593 933 quatuor
614 853 771 914 familiares
787 850 945 931 pedestres.
964 848 1086 908 baculos

297 955 379 1017 albos
394 956 496 1034 longos
510 953 680 1024 deferentes,
695 951 868 1012 mantellinis
881 949 916 1010 de
930 945 1086 1008 boccacino

294 1056 385 1116 rubeo
406 1054 538 1126 indutos,
558 1052 701 1113 similibus
723 1050 816 1112 literis
837 1050 866 1110 in
886 1059 1087 1109 transuersum

294 1168 360 1217 ante
380 1165 410 1217 et
431 1166 513 1214 retro
536 1151 656 1212 ornatis.

338 1255 374 1315 D.
397 1251 566 1314 bernardus
587 1251 623 1311 dc
648 1248 865 1321 Breindebach,
893 1259 962 1308 tunc
990 1258 1088 1307 custos

297 1367 326 1416 ιι
347 1354 503 1416 canonicus
521 1351 669 1412 Ecclesiae
686 1349 871 1428 hlaguntinae
894 1350 946 1426 qui
963 1346 991 1406 in
1006 1345 1088 1409 Urbe

301 1466 367 1516 erat
391 1472 446 1533 pro
475 1449 692 1513 confirmatione
720 1449 757 1510 ll.
786 1448 822 1509 ι).
842 1448 879 1509 Ι).
899 1446 1028 1508 liertoldi
1053 1446 1088 1508 de

297 1553 500 1632 llennemberq
513 1554 599 1615 electi
612 1551 848 1630 maguntinensis,
862 1565 939 1609 nunc
955 1546 1088 1609 ὓιιιιιι

298 1652 426 1731 ejusdem
447 1652 605 1723 Ecclesiae,
624 1653 689 1712 loco
707 1649 919 1728 Praeceptoris,
939 1650 1001 1708 aire
1016 1665 1089 1727 pro-

299 1755 446 1817 curatoris
464 1752 574 1814 ordinis
587 1752 692 1814 Ecatae
706 1750 814 1811 hlarlaa
828 1746 1088 1819 Theutonicorum,

298 1854 328 1915 in
342 1856 443 1928 armis,
461 1864 494 1913 ut
508 1854 594 1925 alter,
609 1851 803 1912 mustellinum
819 1848 926 1911 hahens
937 1848 975 1930 de
994 1847 1089 1909 tadetia

298 1956 366 2016 albo
384 1972 453 2016 cum
471 1971 561 2015 cruce
579 1953 664 2035 nigra
681 1961 747 2011 anre
765 1961 795 2012 et
813 1962 907 2023 retro,
925 1967 1033 2027 equum
1047 1948 1090 2008 si·

299 2054 396 2114 mitem
417 2052 549 2130 equitans
571 2051 605 2112 de
631 2053 718 2112 simili
746 2050 860 2122 tall'etd,
890 2066 957 2109 cum
983 2065 1090 2126 magno

297 2171 427 2233 pennone
452 2170 607 2212 armorum
633 2150 744 2211 ordinis
769 2149 930 2229 praedicti,
958 2147 1036 2227 apud
1060 2166 1090 2208 se

299 2252 405 2314 habens
425 2261 552 2329 quatuor
575 2250 744 2321 familiares,
759 2261 792 2309 ut
811 2250 898 2320 alter,
918 2245 1091 2308 mantelliuis

300 2351 453 2413 buccacini
474 2350 544 2423 albi,
566 2368 634 2411 cum
657 2367 746 2410 cruce
768 2350 851 2428 niqra
873 2359 939 2409 ante
959 2357 990 2407 ct
1010 2357 1092 2408 retro

300 2451 427 2512 indutos.

342 2551 487 2613 lohannes
508 2549 680 2610 Franciscus
704 2547 738 2609 de
759 2548 867 2610 ιιιιιιιι
886 2544 995 2609 Comes
1015 2557 1089 2619 etc.;

302 2654 331 2714 in
360 2653 468 2725 armis,
493 2661 526 2711 ut
545 2652 597 2711 alii
621 2649 692 2723 duo,
712 2648 906 2712 mantellinam
928 2648 1033 2710 habens
1055 2646 1090 2708 de

305 2754 400 2815 talieta
415 2751 511 2812 albam
526 2763 627 2825 totam,
638 2762 667 2811 et
677 2768 785 2828 aqum
801 2750 967 2821 bardarum,
983 2747 1018 2808 de
1033 2747 1092 2806 taf-

302 2855 364 2919 feti
386 2854 473 2915 simili
495 2853 621 2915 totaliter
637 2863 819 2930 coopertum,
839 2850 915 2930 apud
937 2868 967 2911 se
981 2847 1090 2909 hahens

302 2966 430 3033 quatuor
440 2951 608 3021 familiares,
624 2950 795 3012 manretttnis
810 2950 845 3011 de
856 2948 1089 3010 buccacinoalbo

303 3055 430 3127 indutos,
440 3063 557 3132 portans
579 3052 715 3112 uexillum
738 3071 805 3112 cum
823 3052 910 3114 armls
922 3050 1015 3131 Papae
1034 3047 1091 3134 (l).

344 3155 603 3235 Thurcopellerius
634 3153 813 3227 Rhodiauus,
839 3155 936 3233 magni
957 3153 1092 3233 Magistri

304 3256 414 3318 ordinis
431 3255 464 3318 8.
486 3254 625 3317 tomnnts
645 3254 900 3335 Hierosolymam
922 3253 1046 3327 Orator,
1063 3259 1091 3314 in

303 3359 414 3430 armis,
437 3367 470 3416 ut
496 3357 545 3416 alii
565 3366 691 3433 quatuor
711 3355 871 3435 praedicti,
891 3366 1091 3435 supravestem

302 3459 411 3521 habens
440 3456 475 3517 de
501 3456 598 3517 talieta
619 3454 727 3528 rubeo,
748 3474 816 3516 cum
842 3454 937 3518 Cruce
958 3456 1022 3515 alba
1041 3472 1092 3534 per

306 3558 447 3628 medium,
466 3566 531 3616 ante
552 3566 582 3615 et
603 3566 695 3626 retro,
716 3566 835 3633 portans
857 3554 993 3615 uexillum
1009 3553 1094 3615 ordi-

305 3660 349 3720 nis
366 3656 517 3738 praedicti,
538 3656 671 3717 videlicet
691 3668 783 3717 totum
803 3655 926 3716 rubeum
944 3673 1012 3716 cum
1027 3674 1092 3715 ma·

302 3776 361 3837 gna
382 3756 478 3820 Cruce
495 3757 560 3817 alba
580 3775 632 3836 per
651 3754 788 3827 medium,
807 3773 914 3834 equum
936 3756 1091 3817 bardarum

303 3861 454 3938 equitans,
484 3870 684 3939 suprarestem
716 3876 751 3917 ex
782 3858 869 3919 simili
901 3857 996 3918 talieta
1024 3876 1091 3917 cum

304 3959 401 4026 Crura
423 3958 595 4032 habentem,
617 3957 725 4019 babens
748 3958 825 4039 apud
846 3978 876 4020 se
897 3969 1024 4037 quatuor
1045 3959 1093 4018 fa·

303 4064 432 4124 mitiores
450 4060 606 4143 pedestras,
626 4061 797 4122 manteliinis
811 4059 847 4121 de
862 4060 1019 4122 buccacino
1038 4076 1095 4119 ru·

305 4163 360 4225 beo
385 4179 453 4223 cum
473 4178 561 4221 cruce
582 4160 647 4219 alba
669 4170 735 4221 ante
755 4170 785 4221 et
806 4171 887 4220 retro
909 4158 1032 4241 indutos.

346 4264 383 4324 lli
405 4245 549 4341 quinque,
569 4278 625 4319 suo
650 4260 750 4351 ordine
772 4260 937 4341 praedicto,
961 4260 1094 4322 videlicet

305 4381 380 4425 unus
402 4363 574 4441 pomatium
601 4361 783 4438 equitabant,
804 4362 870 4421 licet
897 4363 926 4420 in
955 4360 1008 4421 riis
1027 4378 1094 4428 am·

306 4464 360 4543 plis
372 4461 420 4545 (ι)
433 4464 590 4541 potuissent
603 4462 806 4524 corruenientsr
817 4462 902 4541 primi
915 4461 984 4534 duo,
995 4459 1095 4523 deinde

344 4672 381 4734 (ι)
395 4670 595 4733 columaeuses,
610 4670 717 4731 Ursini,
733 4671 910 4732 Sabeiieuses,
927 4671 1025 4733 aliique
1042 4672 1094 4721 viri

306 4752 440 4815 principes
457 4751 569 4800 aberant
585 4750 619 4799 ab
636 4748 713 4810 Urbe,
725 4756 751 4800 et
763 4752 812 4801 bac
823 4752 856 4802 de
873 4763 952 4801 cause
969 4751 1010 4799 hic
1021 4761 1097 4813 prae·

306 4832 489 4881 termittuutur
515 4850 525 4870 ·
552 4831 603 4879 Alli
627 4832 657 4881 ιθ
676 4829 743 4880 audd
760 4832 776 4879 il
793 4830 1030 4888 comandamento,
1046 4828 1095 4878 che

307 4909 370 4959 tutti
387 4908 395 4957 i
411 4909 506 4958 baroni
523 4909 545 4957 si
562 4908 709 4970 partissero
726 4909 758 4957 da
774 4908 854 4959 Roma
871 4922 920 4971 per
937 4910 961 4957 lo
982 4905 1008 4955 dl
1026 4906 1095 4956 della

305 4987 530 5047 incoronasloua;
546 4999 561 5036 ι
578 4985 648 5048 parti
664 4989 682 5037 ιι
699 4989 746 5050 sig.
762 4987 882 5038 Fabricio
899 5000 914 5036 ι
931 4988 948 5035 it
964 4986 1011 5048 sig.
1033 4985 1096 5035 Pro·

305 5081 397 5132 spero,
414 5082 429 5119 ι
447 5068 585 5131 partirouo
601 5067 662 5116 tutti
679 5067 705 5116 di
722 5080 783 5118 casa
801 5067 903 5117 oraine.
922 5065 970 5115 atti
983 5072 1011 5115 ιι
1028 5063 1096 5114 ando

306 5149 323 5197 it
340 5148 428 5198 bando
450 5147 499 5196 che
517 5145 579 5194 tutti
596 5145 604 5194 i
624 5144 730 5195 diffidati
748 5146 770 5195 si
788 5146 932 5195 dovessero
949 5145 1048 5207 partire
1069 5143 1095 5194 di

305 5226 423 5287 nomas
443 5224 513 5274 Dior.
530 5222 589 5273 Not.
608 5222 637 5273 de
659 5224 811 5285 Antiportu,
828 5226 854 5272 in
869 5224 973 5274 unsar.
992 5219 1040 5271 lor.
1055 5221 1096 5269 rit

350 5305 387 5361 (t)
406 5322 416 5343 ·
434 5302 469 5351 to
486 5301 520 5351 lta
536 5300 662 5353 Perrante
678 5303 704 5353 di
720 5302 805 5351 Sicilia
822 5302 949 5364 pariundo
965 5314 1014 5352 con
1030 5302 1097 5365 Papa

306 5383 373 5434 sisto
386 5382 442 5443 (W)
465 5381 537 5431 disse
553 5379 602 5431 obe
619 5394 681 5432 esso
696 5394 749 5431 non
764 5392 810 5430 era
832 5382 936 5444 signore
957 5380 983 5431 di
1004 5384 1098 5444 questa

309 5465 392 5519 terra,
409 5471 424 5509 a
440 5461 488 5509 cha
504 5471 556 5510 non
573 5461 597 5510 ts
614 5465 710 5522 potera
728 5460 919 5523 signorsqgiara
940 5472 986 5522 per
1007 5472 1097 5509 amore

308 5539 352 5588 dei
368 5539 496 5601 porticali,
512 5551 559 5601 per
576 5539 600 5587 ιι
618 5542 660 5588 vie
677 5542 771 5590 stratte
788 5551 803 5588 e
819 5552 867 5602 per
883 5540 900 5589 li
916 5542 1028 5603 migrant
1048 5539 1096 5590 che

310 5619 336 5666 vt
356 5628 446 5677 erano,
458 5629 472 5667 e
483 5616 532 5667 cbo
548 5616 712 5680 bisognando
729 5616 755 5667 dl
772 5621 883 5667 mettere
894 5620 921 5668 ia
931 5618 1010 5669 Roma
1020 5622 1097 5681 gente

310 5694 426 5755 ιιίιιιι,
442 5698 465 5745 ιι
481 5696 568 5746 donne
585 5697 625 5747 coi
642 5696 751 5747 morteri
766 5695 800 5747 da
815 5696 881 5748 dettl
898 5698 1009 5761 mignanl
1027 5699 1043 5746 ti
1059 5698 1100 5747 ta·

1842 605 1952 691 (⁴⁴⁸⁴)

1153 746 1202 806 alii
1217 757 1276 807 tres
1302 747 1414 806 insimul
1430 748 1593 824 equitasse,
1609 743 1741 806 videlicet
1759 744 1800 804 ad
1817 744 1950 806 dextram

1153 848 1402 918 Alamannorum,
1427 846 1465 905 ad
1491 846 1636 907 sirrimam
1667 846 1769 926 populi
1798 843 1950 918 Romani,

1154 948 1255 1009 deinde
1282 946 1392 1007 medius
1412 946 1603 1020 Rhodanus,
1628 964 1748 1009 crucem
1773 948 1897 1021 ferens,
1915 948 1948 1006 ad

1155 1048 1302 1110 dexteram
1323 1046 1485 1120 Ecclesiae,
1506 1059 1535 1108 et
1560 1047 1597 1107 ad
1625 1049 1769 1109 sinistram
1792 1066 1950 1109 armornm

1155 1151 1250 1229 Papae
1270 1148 1373 1209 serilla
1392 1147 1559 1209 deferentes.
1577 1181 1618 1193 —
1634 1147 1796 1210 Duodecim
1807 1150 1880 1227 equi
1894 1149 1949 1209 albi

1156 1272 1223 1314 cum
1242 1256 1386 1333 coopertis
1404 1253 1439 1313 de
1454 1253 1564 1313 velluto
1576 1252 1746 1322 cremosino,
1761 1267 1799 1310 ac
1822 1250 1903 1312 sellis
1923 1262 1949 1310 et

1154 1354 1261 1416 fraenis
1275 1355 1418 1415 deauratis
1433 1353 1623 1426 ornatissima,
1635 1370 1709 1430 quos
1727 1351 1886 1414 duodeclm
1905 1351 1950 1409 fa·

1157 1457 1283 1516 miliares
1299 1454 1405 1533 Papae,
1422 1452 1546 1515 restibus
1559 1453 1685 1514 rosacels
1698 1452 1793 1513 induti
1806 1451 1953 1513 ducebant

1156 1573 1207 1633 per
1221 1555 1365 1625 fraenum,
1380 1553 1498 1613 meaios
1509 1552 1614 1613 rubeos
1627 1569 1702 1613 auro
1713 1552 1805 1612 misto
1822 1551 1950 1632 depictos

1156 1656 1257 1734 longos
1285 1654 1314 1713 ln
1334 1652 1391 1713 alla
1412 1670 1500 1713 manu
1530 1663 1691 1731 gestantem
1717 1651 1747 1711 bl
1779 1669 1860 1712 unus
1890 1664 1950 1733 post

1157 1756 1247 1824 alium
1268 1764 1370 1816 ornate
1389 1751 1563 1814 incedebant.
1580 1786 1620 1799 -
1636 1749 1771 1821 Quatuor
1790 1753 1874 1812 cirea
1888 1750 1951 1812 llo-

1159 1856 1251 1927 mani,
1272 1853 1401 1914 scutiferi
1423 1852 1542 1913 honoris
1566 1852 1740 1931 nuncupati,
1761 1854 1878 1913 ornatis
1900 1872 1952 1913 re·

1157 1955 1249 2016 stibus
1269 1954 1372 2026 lnduti,
1392 1953 1449 2013 bini
1470 1966 1500 2013 et
1519 1953 1590 2026 bini,
1618 1954 1794 2031 equitantes,
1820 1971 1952 2031 qnorum

1157 2055 1279 2133 quilibet
1306 2053 1441 2134 portabat
1470 2071 1561 2114 unum
1589 2055 1752 2134 cappellum
1782 2052 1822 2115 de
1852 2054 1952 2115 veluto

1158 2156 1327 2223 cremosino,
1345 2173 1436 2216 aureo
1456 2155 1562 2216 orletto
1579 2154 1807 2226 circumdatum,
1826 2165 1858 2215 et
1877 2173 1953 2234 pen-

1159 2255 1291 2317 dentibus
1312 2255 1428 2316 sericeis
1452 2254 1616 2315 cremesinls
1637 2272 1712 2314 auro
1737 2254 1836 2315 mistis
1861 2274 1952 2336 supra

1158 2357 1296 2418 baculum
1327 2355 1514 2433 longitudinis
1543 2366 1670 2433 quatuor
1701 2357 1873 2434 palmorum
1911 2358 1953 2418 rel

1159 2459 1251 2530 circa,
1271 2457 1381 2517 velluto
1403 2456 1563 2517 cremesino
1583 2467 1766 2536 coopertum,
1784 2468 1878 2537 caput
1897 2457 1953 2518 ba·

1158 2558 1272 2618 beatem
1295 2557 1411 2634 largum
1433 2557 1462 2615 in
1483 2555 1602 2616 modum
1630 2556 1745 2624 tellerii,
1767 2567 1801 2616 ut
1832 2559 1954 2636 cappel-

1160 2659 1221 2718 lum
1239 2656 1420 2717 substineret.
1433 2689 1474 2701 -
1492 2656 1671 2718 eubtcanrtt
1691 2668 1773 2717 extra
1793 2656 1952 2718 cameram

1159 2778 1227 2821 cum
1245 2759 1390 2839 cappuciis
1402 2768 1435 2817 ιιι
1447 2757 1476 2818 in
1491 2759 1630 2837 cappella.
1647 2790 1685 2805 -·
1703 2755 1849 2820 Oratores
1863 2757 1953 2819 Prin·

1159 2863 1256 2941 cipum
1277 2877 1333 2920 non
1354 2858 1486 2937 praelati,
1500 2858 1549 2918 sed
1563 2858 1639 2929 laici,
1659 2876 1695 2917 ac
1713 2876 1781 2917 cum
1801 2858 1954 2919 eisllaro-

1160 2980 1217 3023 oes.
1230 2991 1269 3006 ·-·
1285 2959 1485 3021 subdiaconus
1505 2977 1572 3019 cum
1594 2978 1694 3031 cruce,
1712 2959 1910 3030 ceroferariis,
1923 2970 1952 3018 et

1161 3059 1323 3133 thuribulo,
1334 3078 1432 3122 secum
1455 3059 1561 3121 habens
1582 3061 1654 3120 alios
1674 3058 1865 3119 subdiaconos
1886 3059 1955 3119 eal·

1161 3161 1242 3240 leqas
1268 3179 1345 3221 suos.
1371 3192 1410 3204 -
1432 3160 1498 3221 xn.
1521 3161 1676 3220 familiares
1701 3157 1795 3238 Papae
1824 3158 1953 3219 vestibus

1160 3264 1285 3324 rosaceis
1308 3262 1410 3335 induti,
1435 3263 1486 3340 qui
1507 3277 1561 3321 xrs
1589 3277 1694 3339 magna
1715 3258 1862 3320 intortieia
1888 3258 1953 3319 alba

1160 3380 1281 3423 accensa
1301 3372 1367 3422 ante
1387 3360 1501 3441 Corpus
1522 3360 1630 3423 Christi
1649 3361 1779 3421 ferebant
1797 3358 1953 3438 pedestres

1204 3464 1285 3527 Unus
1306 3463 1456 3522 familiaris
1484 3462 1630 3522 Sacristae
1651 3471 1799 3539 equester,
1827 3458 1852 3519 si
1874 3471 1953 3519 reete

1161 3564 1289 3637 memini,
1309 3565 1501 3643 superpelicio
1522 3562 1651 3634 indutus,
1667 3562 1717 3639 qui
1737 3578 1826 3641 super
1847 3558 1954 3620 baculo

1162 3666 1297 3725 inaurato
1319 3665 1478 3725 lanternam
1493 3663 1603 3725 ferebat
1613 3681 1682 3724 enm
1695 3661 1814 3724 mndsla
1831 3678 1955 3723 aceensa

1162 3785 1218 3847 pro
1229 3765 1360 3844 Corpore
1376 3764 1502 3838 Christi3
1521 3782 1614 3843 equus
1633 3764 1717 3824 albus
1731 3763 1803 3825 bene
1820 3762 1957 3823 domatus

1161 3878 1190 3928 ιι
1216 3864 1365 3946 placabilis
1384 3867 1493 3927 vellum
1518 3867 1677 3927 cremosino
1704 3873 1861 3944 coopertus
1886 3880 1956 3922 cum

1162 3968 1264 4029 froeno
1285 3977 1313 4027 et
1333 3967 1404 4028 sella
1425 3968 1579 4041 inauratis,
1601 3984 1688 4044 quem
1714 3964 1838 4026 ducebat
1867 3964 1957 4023 farai·

1163 4068 1243 4128 liaris
1261 4066 1407 4127 sacristae
1424 4079 1501 4128 reste
1520 4085 1635 4128 rosacea
1653 4067 1781 4139 indutus,
1795 4066 1852 4125 alia
1867 4082 1956 4125 manu

1162 4170 1300 4231 baculum
1322 4170 1445 4231 rubeum
1469 4180 1502 4229 ut
1528 4171 1615 4229 ceteri
1646 4186 1697 4229 sn.
1729 4178 1861 4248 portans,
1887 4183 1956 4227 cum

1164 4271 1295 4352 Corpore
1315 4271 1424 4333 Christi
1447 4270 1477 4330 in
1497 4288 1600 4350 capsa,
1620 4269 1755 4331 damasco
1781 4285 1833 4329 seu
1861 4267 1958 4327 bruc·

1846 4426 1960 4436 ...ι-.-

1165 4520 1238 4568 riano
1255 4517 1362 4581 largire,
1378 4543 1409 4552 -
1425 4516 1499 4565 eche
1510 4516 1536 4564 di
1549 4515 1621 4565 tacite
1634 4517 1654 4564 si
1667 4518 1798 4577 paterano
1810 4511 1958 4571 sbarrare;

1164 4610 1180 4647 e
1195 4597 1357 4660 eonsigttogii
1384 4597 1432 4645 che
1449 4594 1564 4643 doresse
1581 4592 1621 4642 far
1637 4596 1739 4655 gettare
1756 4593 1763 4641 ι
1785 4591 1898 4653 migaani
1916 4590 1957 4641 ιι

1164 4678 1294 4739 porticali,
1310 4689 1324 4724 e
1342 4676 1470 4737 ailargara
1488 4673 1511 4721 le
1528 4670 1627 4721 strade.
1655 4671 1674 4721 E
1697 4673 1721 4720 io
1741 4669 1808 4733 Papa
1830 4669 1910 4733 piqiid
1932 4669 1958 4717 lo

1165 4767 1213 4806 suo
1230 4755 1390 4817 consigtime
1407 4752 1432 4800 (ι’
1445 4752 1525 4800 altore
1543 4752 1568 4800 in
1585 4752 1745 4813 poi,quunto
1762 4750 1801 4799 sia
1812 4751 1884 4797 stato
1895 4759 1958 4811 pos·

1164 4834 1251 4892 sibile,
1267 4844 1333 4882 sono
1350 4830 1506 4892 statiglttati
1524 4831 1531 4877 i
1549 4829 1661 4892 migrant
1679 4841 1693 4878 e
1710 4828 1718 4875 l
1735 4826 1869 4891 porticali,
1886 4837 1900 4874 ι
1918 4825 1960 4875 al·

1165 4913 1263 4975 largata
1283 4912 1309 4961 le
1326 4909 1423 4959 strada.
1445 4936 1474 4946 -
1499 4910 1641 4957 irrumare
1664 4907 1697 4956 od
1724 4918 1784 4956 ann.
1807 4906 1878 4955 stro.
1894 4901 1959 4953 Vide

1165 4994 1243 5041 ettam
1271 4994 1407 5040 sponsare
1430 4987 1548 5038 Porrima
1569 4985 1719 5047 (Διιιιιιιιι
1741 4984 1768 5034 ιιι
1793 4982 1873 5032 Romo
1898 4982 1959 5032 Vsa.

1166 5071 1226 5120 ¹588
1241 5081 1266 5131 p.
1285 5070 1334 5127 td.)
1344 5070 1518 5117 nmarrnmsr
1535 5066 1573 5126 [ds
1588 5077 1656 5115 noco
1671 5064 1731 5115 Urbs
1745 5074 1772 5125 p.
1788 5060 1908 5125 lelqui
1922 5062 1960 5111 ait

1168 5151 1284 5201 ·Sixtus
1309 5148 1337 5197 lv
1353 5148 1443 5209 coepit
1458 5145 1552 5196 llrbem
1582 5146 1739 5193 instaurare.
1764 5140 1865 5190 Primus
1886 5140 1959 5189 enim

1167 5228 1292 5279 obscuras
1310 5226 1427 5289 porticus
1444 5222 1587 5281 destruxit,
1604 5234 1635 5270 ac
1652 5222 1708 5270 vias
1725 5223 1752 5269 et
1768 5219 1871 5281 plateas
1882 5214 1959 5268 Urbis

1167 5308 1296 5365 dilatavit,
1312 5311 1338 5356 et
1355 5302 1472 5354 lateritio
1488 5313 1569 5364 opere
1580 5301 1685 5359 stravit,
1697 5300 1879 5359 ecclesiasque
1890 5298 1961 5347 mut·

1166 5392 1208 5438 tas
1224 5385 1358 5435 dirutasa
1378 5379 1557 5432 fundamentis
1581 5380 1606 5429 ln
1628 5379 1766 5442 pristinam
1786 5376 1897 5427 formam
1914 5388 1960 5425 re·

1167 5467 1238 5529 degit
1254 5485 1265 5507 ι
1283 5462 1329 5513 liis
1344 5461 1378 5511 de
1394 5459 1492 5518 causis,
1503 5468 1552 5520 per
1563 5458 1621 5507 rias
1633 5456 1718 5514 Urbis,
1733 5457 1816 5519 prima
1827 5456 1885 5504 rice
1897 5458 1961 5516 post

1169 5544 1282 5599 saecuta,
1297 5540 1433 5590 coronatio
1443 5537 1585 5587 innocentii
1601 5534 1666 5593 vili,
1684 5533 1876 5597 magnificentia
1893 5544 1960 5595 prae

1174 5623 1270 5673 ceteris
1281 5616 1413 5668 excelluit.
1424 5643 1445 5653 -
1468 5615 1654 5671 Caucsuusar,
1669 5613 1719 5675 op.
1737 5614 1779 5661 ott.
1795 5624 1822 5675 p.
1838 5615 1878 5663 ta.
1895 5610 1961 5664 vide

1168 5702 1247 5751 etiam
1263 5694 1410 5749 lamorlaia
1424 5695 1451 5744 di
1467 5694 1543 5746 Paulo
1560 5694 1624 5745 dello
1640 5692 1737 5742 llortro
1761 5692 1794 5741 ad
1810 5703 1871 5742 anu.
1888 5690 1960 5742 ιιιι.
