4492 6859
254 636 365 725 (tren

253 776 413 862 Cardinalis
426 772 509 854 cnjus
520 786 603 838 erant
614 777 835 856 reponebantur.
850 775 918 856 ligo
932 776 979 837 ael
990 794 1040 837 so·

254 878 315 938 cius
334 894 430 949 meus,
451 876 640 938 conclavistas
665 878 743 937 illius
763 876 935 949 cardinalis,
956 872 1040 953 cujus

252 989 318 1038 erat
331 987 452 1039 cornuta
464 978 643 1051 vocavimus,
654 978 757 1057 quibus
768 995 899 1038 cumana
913 986 1039 1037 cornuta

252 1095 345 1139 vacua
366 1076 593 1150 advenientibus,
613 1080 715 1158 sperni
736 1077 905 1157 sportellam
925 1074 988 1137 ostii
1002 1073 1040 1133 ab

228 1170 236 1182 ’
252 1179 339 1248 intus,
348 1188 376 1238 et
388 1178 431 1239 illi
445 1177 480 1239 de
498 1187 603 1255 quarta
624 1176 752 1238 custodia
770 1177 807 1237 ab
817 1187 911 1249 extra,
921 1185 951 1236 et
965 1192 1039 1236 con·

251 1278 389 1338 claristae
406 1276 460 1358 ipsi
477 1278 515 1337 ab
529 1281 616 1350 intra,
629 1290 765 1339 cornutas
777 1277 947 1339 custodibus
962 1295 1036 1357 por·

251 1377 403 1456 rigebant,
425 1378 496 1455 qui,
514 1387 614 1457 aperta
635 1387 770 1449 cornuta,
790 1377 904 1455 singula
929 1394 964 1436 ex
985 1376 1036 1435 illa

250 1476 416 1549 trabentes,
443 1476 585 1557 ponebant
610 1493 698 1556 snpra
731 1495 853 1556 parram
887 1493 1037 1549 mensam,

250 1575 445 1655 ibidemjuxta
466 1578 571 1639 ostium
593 1577 738 1637 conclavis
758 1588 970 1657 praeparatam,
987 1576 1035 1637 ubi

251 1696 326 1740 unus
342 1679 507 1752 custodum,
524 1696 576 1759 per
590 1678 662 1738 alios
680 1676 716 1737 ad
732 1678 791 1739 boc
803 1678 964 1758 deputatus,
986 1697 1037 1741 re·

248 1779 384 1859 spiciebat
415 1778 527 1857 singula
561 1779 701 1839 volvendo
722 1777 795 1840 lassa
815 1780 896 1858 panis
922 1789 951 1841 et
978 1778 1035 1838 mi·

249 1890 369 1948 nestrae,
384 1878 537 1958 aperiendo
557 1878 674 1958 pullos,
693 1876 846 1940 scindendo
865 1895 988 1951 carnes,
1007 1890 1036 1939 et

246 1963 356 2059 panes,
377 1990 405 2039 et
426 1990 517 2039 tortas
529 2022 538 2052 ,
560 1978 608 2038 nbi
630 1978 696 2059 ipsis
717 1978 867 2040 ridebatur
879 2024 888 2054 ,
909 1998 945 2041 ac
966 1999 1036 2060 per·

245 2078 389 2159 spiciendo
414 2078 503 2151 vitra,
526 2080 586 2141 sire
607 2080 726 2140 caradas
752 2078 818 2141 vini.
841 2077 913 2139 llam
935 2080 1034 2141 vinum

246 2197 302 2240 non
324 2181 352 2239 in
373 2177 497 2253 flasclris,
511 2189 563 2238 aut
575 2179 603 2238 in
615 2196 800 2259 quocumque
818 2181 876 2241 elio
891 2198 971 2252 vaso,
985 2180 1032 2243 sed

246 2281 274 2340 in
291 2278 373 2340 vitris
388 2277 555 2359 discopertis
570 2279 749 2354 mittebatur,
770 2281 830 2341 sive
851 2280 1032 2361 portabatur.

245 2378 399 2441 blinestrae
416 2398 486 2441 raro
505 2380 533 2439 in
548 2380 647 2460 parvis
664 2383 730 2442 ollis
752 2393 785 2444 ut
802 2384 963 2461 plurimum
978 2382 1033 2443 da·

245 2479 359 2540 bantur.
372 2478 495 2558 Singula
508 2498 561 2560 per
575 2499 625 2541 eoa
645 2479 716 2542 bene
738 2482 814 2555 visa,
826 2481 905 2543 nobis
921 2483 1033 2543 clericis

245 2583 474 2646 ceremoniarum
491 2566 639 2645 ¹custodes
660 2584 713 2664 ipsi
740 2585 946 2665 porrigebant,
980 2605 1031 2666 per

245 2684 416 2763 sportellam
437 2683 511 2744 ostii.
538 2682 595 2745 Nos
617 2702 687 2746 vero
708 2684 757 2745 illa
789 2684 956 2765 recipientes
977 2705 1032 2766 po·

244 2783 355 2843 suimns
375 2801 463 2863 supra
485 2783 660 2844 credentiam
681 2795 809 2845 nostram
823 2804 970 2864 magnam,
983 2784 1031 2845 nbi

244 2883 435 2943 conclaristae
453 2883 650 2962 expectabunt,
662 2894 691 2945 et
702 2884 751 2944 illa
773 2884 958 2965 recipiebant,
974 2905 1030 2965 pn·

245 2993 342 3043 nentes
363 2982 392 3041 in
413 3000 465 3043 sua
486 2995 624 3056 cornuta,
647 3002 734 3064 quam
764 2985 802 3046 ibi
824 2984 956 3047 tenebant
975 3003 1031 3064 pa·

243 3093 349 3155 ratam,
370 3100 436 3142 cum
457 3100 515 3160 qua
536 3087 629 3145 omnia
651 3086 688 3145 ad
710 3104 839 3148 cameras
866 3105 934 3148 suas
957 3105 1030 3166 por·

242 3183 342 3243 tabant
350 3204 361 3253 3
374 3200 441 3244 cum
457 3185 486 3243 in
507 3204 573 3246 sero
595 3186 705 3246 cibaria
726 3187 854 3247 venirent
865 3206 919 3267 pro
931 3206 1029 3261 coena,

243 3284 434 3345 conclavistae
446 3285 622 3365 exponebant
641 3304 710 3347 vasa
731 3298 866 3368 argentea
882 3299 909 3350 et
928 3288 1031 3365 vitrea,

242 3403 328 3462 qnae,
342 3386 462 3446 inmane
480 3397 661 3465 acceperant,
679 3405 766 3466 snper
785 3386 959 3449 credentiam
974 3408 1030 3450 nu-

242 3496 334 3547 stram
354 3484 383 3544 in
404 3485 552 3559 conclavi,
571 3498 600 3547 et
620 3504 675 3565 ego
698 3487 746 3547 illa
768 3488 953 3550 restituebam
974 3508 1029 3568 pa·

243 3584 425 3647 ralraenariis
441 3584 478 3644 ab
497 3597 578 3646 extra
593 3585 806 3665 expectantibus
819 3605 921 3647 vacua.
938 3587 1029 3650 Panes

240 3685 328 3758 enim,
348 3696 377 3747 et
398 3684 475 3758 rina,
489 3702 524 3745 ac
545 3703 646 3746 carnes
660 3687 758 3760 salsas,
770 3697 798 3749 et
814 3688 869 3747 alia
885 3706 958 3766 quae
973 3707 1028 3769 pn·

242 3796 337 3847 terant
357 3788 540 3861 conservari,
562 3806 612 3849 nos
633 3787 733 3849 clerici
754 3792 1027 3852 ceremoniarumin

241 3906 310 3948 vasa
331 3898 438 3961 nostra,
459 3906 533 3966 quae
553 3888 591 3949 ad
609 3887 666 3948 boc
687 3888 716 3947 in
737 3891 903 3950 conclavem
925 3901 1028 3970 porta·

240 3988 347 4060 rimus,
368 3989 571 4068 reposuimus}
595 4000 782 4067 portaveram
803 3990 878 4050 enirn
901 4008 1026 4069 parvum

238 4088 421 4150 butticellum
432 4107 486 4167 pro
504 4088 569 4150 rino
583 4088 754 4167 colligendo,
765 4099 794 4151 et
807 4106 894 4150 unam
911 4107 1026 4170 capsam

240 4205 375 4267 magnam
396 4205 451 4265 pro
468 4204 541 4267 pane
565 4198 594 4247 et
614 4185 792 4265 hujusmodi,
804 4208 891 4268 quam
911 4191 1026 4269 reposui

240 4290 269 4349 in
292 4305 407 4349 camera
428 4287 618 4360 medicorum,
634 4307 685 4368 per
706 4306 794 4367 quam
815 4290 911 4350 ibatur
927 4290 963 4349 ad
980 4292 1026 4351 la-

239 4391 329 4450 trinas
355 4389 383 4449 in
407 4388 526 4467 angulo,
548 4386 626 4448 circa
648 4388 754 4449 ostium
779 4391 932 4452 conclavis.
962 4390 1024 4452 itis

239 4502 347 4564 autem,
368 4490 476 4550 scilicet
496 4488 674 4561 minestram,
696 4508 830 4564 carnem,
852 4493 912 4553 sire
933 4492 1023 4570 pisces

239 4602 393 4663 recentes,
414 4600 443 4650 et
471 4588 572 4650 similia
593 4600 674 4650 extra
701 4588 830 4651 dedimus
856 4590 1023 4652 custodibus

240 4689 408 4771 praedictis3
431 4687 505 4748 idem
526 4686 664 4749 faciebam
685 4688 713 4747 in
734 4707 817 4749 mane
837 4688 872 4749 de
894 4691 967 4750 vasis
994 4692 1023 4751 in

237 4810 303 4852 sero
323 4789 456 4870 receptis.
477 4786 713 4862 Parsiraenarii,
732 4791 778 4851 rel
799 4790 848 4851 alii
868 4790 1024 4854 servitores

240 4890 436 4953 cmdinalium
456 4889 641 4970 expectabant
661 4889 739 4951 circa
753 4890 907 4954 secundam
923 4904 1025 4955 custo·

242 4992 317 5054 dium
342 4994 371 5052 in
397 5008 479 5051 manc
503 5001 533 5052 et
559 5010 646 5064 sero,
667 4993 717 5069 qui
743 4993 950 5056 arrisabantur
971 5013 1023 5076 per

242 5109 294 5153 nos
313 5103 342 5154 et
359 5091 490 5152 custodes
511 5091 544 5153 de
566 5091 663 5163 bora,
684 5093 799 5172 quando
820 5094 928 5155 cibaria
949 5114 1024 5175 por·

241 5194 325 5255 tanda
341 5203 443 5266 essent,
456 5203 485 5253 et
502 5194 624 5255 arrisati
637 5195 801 5275 portabant,
812 5208 840 5257 et
861 5214 918 5258 non
932 5198 1021 5277 prius.

237 5296 311 5357 Nam
322 5296 395 5357 born
406 5294 490 5355 firma
509 5312 565 5355 non
586 5306 699 5375 poterat
719 5299 760 5358 eis
775 5297 914 5376 assignari
932 5316 1022 5368 exeo,

241 5398 319 5475 quod
331 5397 496 5459 cardinales
509 5396 663 5474 aliquando
684 5398 778 5470 citius,
793 5396 948 5475 aliquando
958 5408 1024 5457 tar·

239 5499 304 5559 dius
325 5517 387 5560 rem
407 5516 488 5558 suam
509 5496 690 5578 expediebant
700 5520 710 5573 3
733 5499 865 5561 custodes
885 5499 1024 5581 praedicti

235 5617 293 5659 non
308 5597 460 5661 serrabant
482 5598 571 5659 alium
593 5599 721 5662 ordinem
744 5602 773 5662 in
794 5599 959 5681 incipiendis
979 5605 1024 5665 ci-

234 5699 323 5760 bariis
350 5699 524 5779 praedictis,
549 5702 597 5763 sed
624 5700 674 5780 qni
699 5704 780 5780 prior
808 5705 936 5768 seniebat
955 5726 1023 5768 cnm

704 628 911 702 chcirAVE
932 634 1033 701 POST
1055 640 1215 705 stxrtltt·
1229 639 1434 712 nUtttttJtt.
1855 644 1896 707 tt

1112 778 1244 851 cibariis,
1265 777 1349 839 illum
1369 778 1465 858 primo
1485 778 1691 854 remittebant,
1708 779 1769 842 sire
1790 781 1897 861 primi,

1110 876 1171 939 sire
1192 878 1304 951 ultimi,
1325 888 1376 938 aut
1396 874 1607 956 cujuscumque
1628 878 1788 942 Cardinalis
1803 881 1897 942 iami-

1109 978 1189 1039 liaris
1214 987 1307 1051 asset,
1329 977 1415 1039 iidem
1446 978 1579 1039 custodes
1606 990 1727 1058 quartae
1749 979 1896 1044 custodiae

1107 1078 1227 1157 singulis
1247 1076 1346 1138 diebus
1360 1077 1433 1139 duos
1446 1079 1520 1138 inter
1538 1083 1588 1139 eo's
1608 1078 1791 1159 deputabant,
1802 1098 1894 1141 unum

1108 1195 1163 1257 pro
1183 1176 1326 1257 prandio,
1345 1187 1375 1238 et
1395 1176 1484 1238 alinm
1506 1196 1561 1258 pro
1582 1196 1694 1253 coena,
1714 1180 1764 1257 qui
1785 1180 1893 1242 cibaria

1107 1276 1315 1357 perspiciebat,
1334 1288 1368 1338 ut
1388 1295 1498 1358 supra,
1519 1279 1582 1339 aliis
1602 1278 1655 1339 sibi
1684 1279 1888 1344 assistentibus

1107 1376 1211 1439 Nullus
1231 1379 1474 1440 conclaristarum
1486 1396 1671 1458 quocumque
1689 1391 1827 1460 tempore,
1842 1393 1893 1443 aut

1106 1496 1141 1538 ex
1169 1480 1272 1557 qnaris
1298 1495 1384 1540 causa
1411 1479 1616 1544 admittebatur
1636 1480 1673 1540 sd
1698 1482 1893 1560 spondium,

1106 1579 1166 1641 sire
1186 1589 1320 1658 apertum
1333 1590 1416 1653 esset,
1437 1580 1498 1643 sire
1518 1582 1662 1656 clausum,
1682 1582 1816 1645 etiamad
1828 1584 1895 1645 col·

1106 1678 1280 1757 loquendum
1299 1696 1367 1738 curn
1382 1698 1567 1760 quacumque
1587 1695 1667 1744 extra
1685 1683 1818 1746 existente
1829 1686 1890 1746 sina

1105 1796 1238 1859 expressa
1260 1779 1373 1840 licentia
1391 1779 1533 1861 Collegii3
1548 1782 1572 1842 si
1591 1784 1705 1862 aliquae
1720 1784 1821 1846 literae
1839 1805 1894 1847 re·

1105 1879 1218 1962 niebapt
1236 1879 1271 1939 ad
1292 1879 1464 1960 Collegium,
1486 1899 1560 1959 quae
1578 1902 1630 1963 per
1651 1882 1784 1946 lissuram
1804 1904 1893 1966 epur-

1104 1981 1164 2042 telli
1177 1981 1265 2060 recipi
1286 1998 1342 2041 non
1362 1992 1503 2061 poterant,
1521 1983 1687 2061 aperuimus
1705 1986 1892 2063 sportellam,

1105 2092 1144 2154 et,
1156 2080 1246 2141 literis
1263 2080 1396 2159 receptis,
1406 2083 1464 2142 cito
1475 2083 1654 2143 reclusimus.
1668 2081 1781 2145 [literas
1794 2095 1891 2146 autem

1104 2180 1259 2254 dabamus,
1279 2181 1390 2261 collega
1412 2200 1503 2256 meus,
1523 2183 1567 2242 rel
1587 2201 1652 2262 ego,
1671 2183 1794 2263 collegio
1814 2183 1891 2246 car·

1104 2280 1253 2354 dinalium,
1274 2281 1298 2341 si
1318 2282 1404 2342 simul
1425 2293 1519 2355 erant,
1542 2284 1587 2343 vel
1609 2282 1772 2344 dicebamus
1787 2284 1891 2357 tribus,

1081 2412 1084 2418 .
1102 2393 1155 2441 aut
1175 2392 1301 2459 quatuor
1315 2380 1515 2444 cardinalibus
1532 2382 1702 2457 senioribus,
1723 2402 1776 2445 nos
1792 2383 1892 2447 literas

1103 2478 1210 2542 habere
1236 2480 1273 2541 ed
1293 2480 1469 2562 Collegium,
1488 2500 1571 2560 quas,
1591 2483 1615 2543 si
1635 2484 1773 2563 placeret,
1795 2484 1892 2548 daturi

1101 2599 1226 2642 essemtn
1247 2581 1338 2660 priori
1359 2582 1566 2645 cardinalium.
1589 2582 1708 2663 Siquis
1734 2596 1831 2645 autem
1854 2586 1890 2645 ab

1100 2692 1182 2741 extra
1208 2679 1316 2759 aliquid
1341 2679 1418 2741 intus
1444 2680 1592 2745 notificare
1626 2682 1761 2758 volebat,
1790 2685 1891 2748 clausa

1100 2781 1241 2859 sportella
1262 2779 1448 2858 loquebatur,
1468 2792 1497 2843 et
1518 2800 1593 2843 unus
1610 2803 1645 2846 ex
1664 2783 1744 2845 nobis
1759 2785 1890 2860 duobus,

1099 2898 1135 2941 eo
1161 2879 1282 2952 audito,
1303 2879 1377 2942 illud
1398 2880 1541 2967 referebat
1562 2880 1759 2944 cnrdinallum
1780 2885 1890 2963 priori,

1099 2980 1215 3053 tribus,
1237 2990 1288 3041 aut
1308 2992 1434 3058 quatuor
1456 3001 1489 3043 ex
1518 2984 1582 3045 aliis
1606 2982 1828 3058 cardinalibus,
1854 3005 1890 3048 ao

1097 3082 1183 3143 etiam
1212 3080 1352 3141 intimato.
1384 3082 1493 3162 Aperta
1523 3084 1664 3163 sportella
1691 3102 1746 3163 pro
1774 3084 1889 3146 cibariis

1098 3179 1265 3259 recipiendis
1294 3190 1323 3242 et
1342 3182 1416 3241 rasis
1436 3183 1629 3261 exponendis,
1649 3184 1799 3263 diligenter
1833 3186 1889 3246 ad·

1098 3281 1264 3354 vertimus,
1290 3298 1326 3342 ne
1353 3281 1417 3358 quis
1441 3282 1685 3344 conclavistarurn
1706 3303 1763 3346 non
1792 3288 1886 3347 solinu

1097 3383 1236 3462 sportella
1256 3380 1514 3462 appropinquaret,
1536 3383 1584 3444 sed
1605 3394 1635 3444 et
1655 3402 1690 3445 ne
1710 3384 1795 3444 etiam
1817 3404 1888 3464 ρει·

1095 3483 1220 3565 spiceret
1239 3484 1354 3563 signum
1376 3481 1504 3562 aliquod,
1525 3484 1562 3544 ab
1583 3484 1682 3562 aliquo
1701 3495 1782 3546 extra
1803 3504 1887 3548 rece-

1096 3594 1212 3664 pturus.
1230 3582 1305 3645 cum
1317 3584 1402 3643 missa
1421 3584 1536 3663 publica
1555 3603 1607 3665 ρει
1629 3583 1788 3645 Sacristam
1805 3585 1887 3649 dice·

1096 3682 1204 3756 batur,
1236 3699 1335 3745 omnes
1356 3684 1569 3758 conclarlstae,
1592 3686 1637 3747 rel
1659 3687 1708 3764 qui
1729 3685 1886 3755 volebant,
1985 3711 1988 3716 ·
2034 3660 2036 3664 Ι

1096 3786 1211 3846 missam
1224 3786 1315 3865 ipsam
1326 3781 1427 3845 audire
1448 3794 1590 3864 poterant,
1610 3794 1691 3845 extra
1710 3786 1884 3847 tamenostia

1095 3885 1240 3965 cappellae
1266 3883 1406 3955 minoris,
1432 3880 1460 3941 in
1486 3902 1543 3961 qua
1573 3884 1658 3944 missa
1685 3884 1885 3946 celebrabatur

1094 3986 1132 4047 ad
1153 3986 1296 4065 primam,
1315 3994 1345 4043 et
1364 3981 1520 4043 secundam
1542 3984 1639 4043 atilam
1661 3984 1810 4045 conclavis
1831 4004 1883 4045 re-

1094 4086 1259 4170 spondentia
1277 4094 1383 4144 stantes
1394 4126 1403 4157 ,
1424 4093 1453 4145 et
1474 4083 1587 4145 interim
1607 4101 1674 4144 cum
1696 4084 1781 4143 missa
1802 4083 1884 4145 dice·

1096 4200 1190 4262 retur,
1211 4187 1308 4249 nullus
1326 4184 1362 4245 ad
1383 4184 1488 4246 ostium
1510 4183 1655 4246 conclavis
1675 4172 1817 4263 pulsabat.
1831 4182 1883 4243 Si-

1094 4290 1202 4350 militet·
1223 4287 1292 4347 dum
1314 4284 1488 4346 scrutinium
1510 4281 1603 4357 fleret,
1624 4286 1708 4344 missa
1729 4281 1819 4357 linita,
1846 4304 1880 4345 ne

1094 4389 1224 4452 scabellis
1242 4405 1296 4468 pro
1314 4386 1435 4465 singulis
1445 4383 1645 4447 cardimlibus
1656 4403 1724 4446 cum
1741 4384 1811 4446 lolio
1827 4403 1884 4465 pa·

1093 4463 1158 4572 piri,
1170 4500 1262 4563 carta,
1272 4488 1332 4548 sive
1343 4488 1465 4558 calamo,
1481 4496 1510 4548 et
1531 4486 1698 4560 inclaustro,
1714 4496 1743 4547 at
1756 4485 1880 4547 candelis

1093 4591 1191 4670 parvis
1213 4588 1335 4662 duabus,
1355 4597 1407 4647 aut
1427 4586 1520 4650 tribus
1538 4585 1689 4660 ordinatis,
1709 4604 1808 4647 omnes
1829 4605 1880 4648 re·

1092 4690 1192 4751 dibant
1211 4689 1247 4750 ad
1269 4688 1428 4768 cappellam
1443 4684 1593 4763 maiorem,
1615 4688 1644 4746 in
1666 4704 1724 4764 qua
1744 4686 1880 4747 reclude·

1094 4790 1202 4852 bantur
1223 4809 1275 4871 per
1296 4807 1347 4850 nos
1369 4787 1489 4848 clericos
1509 4788 1739 4849 ceremoniarum
1765 4805 1880 4859 omnes,

1094 4887 1295 4953 cardinalibus
1317 4887 1345 4948 in
1368 4888 1593 4966 congregatione
1610 4885 1800 4949 existentibus.
1815 4884 1880 4964 Ego

1091 4991 1129 5054 ad
1150 4992 1256 5052 ostium
1276 4988 1386 5070 primae
1406 4989 1490 5050 aulae
1511 4987 1707 5051 custodiebam
1728 4986 1782 5061 ita,
1803 4984 1881 5063 quod

1091 5095 1166 5155 inter
1186 5092 1283 5152 aulam
1304 5090 1429 5161 tertiam,
1444 5090 1473 5149 in
1494 5106 1553 5167 qua
1573 5088 1809 5167 congregationes
1829 5083 1883 5146 lie·

1093 5198 1173 5271 bant,
1194 5206 1223 5258 et
1245 5211 1302 5267 me,
1316 5203 1380 5254 erat
1400 5189 1522 5251 secunda
1544 5191 1610 5250 aula
1633 5188 1741 5261 medie,
1762 5197 1791 5249 et
1811 5185 1881 5246 dnm

1096 5317 1143 5360 me
1154 5315 1260 5359 roeare
1270 5293 1414 5365 volebant,
1426 5291 1631 5370 campanellam
1648 5288 1782 5370 pulsabat
1795 5305 1884 5362 uirus,

1093 5411 1123 5461 et
1137 5400 1221 5461 alter.
1236 5393 1445 5466 Cardinalinm,
1459 5392 1550 5471 aliqui
1571 5393 1624 5454 soll
1646 5393 1675 5454 in
1697 5391 1809 5454 cellulis
1823 5391 1882 5450 suis

1094 5498 1292 5569 comedebant,
1303 5495 1351 5555 alli
1362 5512 1429 5556 cnm
1451 5494 1513 5553 aliis
1536 5510 1572 5553 tt.
1594 5510 1643 5554 ιιι.
1666 5510 1725 5553 ιιιι.
1748 5492 1794 5551 vel
1811 5491 1881 5571 pln-

1094 5605 1176 5667 ribus
1194 5603 1290 5664 simul.

1139 5707 1263 5769 Peracto
1275 5702 1406 5785 prandio,
1424 5700 1468 5765 dte
1486 5699 1594 5762 sabbati
1606 5696 1752 5781 praedicta
1764 5696 1806 5759 25
1820 5713 1877 5757 au·
