4492 6859
360 641 420 704 tot
824 635 1110 705 PONTlPlCATUS
1131 637 1360 706 tuttouuttrtt
1380 641 1535 708 OCTll‘l.

363 782 432 862 ipsis
451 780 554 841 litteris
575 778 738 838 nominatos
758 772 823 859 (qui
845 793 1004 856 numquam
1025 777 1150 857 appule-

357 878 481 964 runt),
509 880 616 959 quibus
637 889 665 940 et
697 895 801 940 eorum
829 878 969 957 singulis,
991 877 1149 939 dummodo

357 981 509 1061 episcopus
534 979 749 1042 bombariensis
769 974 846 1039 uuus
868 990 964 1053 esset,
996 977 1057 1038 Rex
1087 978 1148 1055 ipsc

359 1082 552 1163 preccabatur
572 1082 600 1140 io
623 1078 793 1162 exponendis
815 1079 948 1141 exhibere
974 1076 1068 1139 fidem.
1088 1078 1149 1139 Le-

356 1184 411 1244 ctis
456 1184 587 1256 litteris,
629 1184 781 1263 episcopus
824 1180 1035 1243 bamberiensis
1081 1181 1149 1241 iecit

356 1302 477 1363 parvam
510 1284 692 1356 orationem,
715 1284 744 1343 in
773 1301 829 1361 qua
857 1283 988 1345 breviter
1017 1285 1149 1343 narravit

357 1387 469 1446 cultum
492 1385 542 1462 qui
563 1402 673 1464 semper
693 1384 749 1444 luit
770 1383 799 1443 in
829 1383 966 1445 Summos
991 1382 1147 1446 Pontifices

357 1485 433 1567 apud
463 1484 557 1564 Reges
587 1484 750 1556 Franciae,
773 1503 867 1564 quos,
888 1487 962 1546 inter·
985 1486 1149 1546 saeculares

358 1586 527 1667 Principes,
542 1586 700 1667 primatum
723 1599 819 1650 tenere
836 1587 965 1659 dicebat3
984 1596 1047 1647 tum
1069 1604 1149 1664 gau·

359 1689 438 1750 dium
470 1686 645 1767 significavit
675 1688 710 1750 de
742 1690 835 1751 ioelici
869 1700 946 1750 statu
981 1688 1149 1748 sanctitatis

359 1788 447 1863 Suae,
459 1790 587 1849 laudavit
603 1789 781 1867 diligentiam
803 1801 832 1852 et
853 1791 1001 1852 solertiam
1015 1789 1144 1870 episcopi

359 1889 597 1962 concordiensis,
618 1900 646 1951 et
666 1889 780 1951 Domini
802 1892 920 1952 Antonii
941 1892 1043 1952 Plures
1058 1889 1148 1952 Rele-

360 1991 562 2053 rendariorum
584 1991 764 2070 apostoticae
786 1992 880 2065 Sedis,
900 1994 929 2053 in
951 1993 1074 2053 Francia
1090 2011 1150 2052 nu·

359 2109 411 2171 per
427 2090 601 2166 Oratorum,
617 2104 644 2154 et
662 2111 764 2155 eorum
785 2112 903 2173 operam
925 2093 1147 2156 commendavit.

360 2191 529 2273 Propterea,
544 2194 652 2273 Regem
673 2195 764 2253 multa
783 2193 873 2254 ardua
891 2204 921 2256 et
940 2211 1061 2273 magnae
1089 2195 1150 2254 im·

360 2294 523 2374 portantiae
554 2296 669 2373 negotia
700 2291 770 2373 ipsis
792 2295 978 2367 commisisse,
997 2294 1149 2355 Sanctitati

242 2404 244 2407 ’
362 2396 438 2457 Suae
455 2396 499 2456 vel
516 2394 691 2473 cuicumque
704 2396 761 2455 alio
778 2414 829 2475 per
850 2396 1037 2457 sanctitatem
1057 2394 1147 2454 Suom

360 2496 457 2557 lorsan
478 2497 513 2556 ad
537 2497 592 2558 boc
614 2496 792 2576 deputando,
814 2498 1004 2578 exponenda,
1024 2508 1053 2557 et
1074 2515 1148 2575 quae

361 2607 474 2678 possent
494 2595 530 2656 ad
551 2597 668 2677 plenum
684 2599 797 2676 exequi,
816 2598 882 2677 ipsis
903 2599 1045 2679 impensa:
1061 2610 1149 2673 etse,

361 2698 452 2760 cidem
474 2696 625 2759 Sanctitati
647 2698 867 2760 commendavit.
888 2700 932 2759 at
954 2718 1027 2778 qaree
1053 2702 1148 2761 omnin

362 2797 506 2859 Sanctitas
527 2797 587 2858 Sua
614 2799 751 2860 brevibus
773 2799 868 2859 verbis
894 2799 1048 2880 respondit.
1071 2800 1149 2860 'l'um

362 2900 457 2961 dietus
489 2900 640 2981 episcopus
673 2898 887 2961 Lombarieosis
908 2900 1046 2973 litteras,
1076 2918 1149 2980 quas

363 3000 399 3058 ad
418 3000 580 3078 Collegium
603 2999 734 3073 babebat,
749 3002 990 3063 vicecancellario
1010 3018 1150 3081 praesen·

364 3102 456 3172 tavit,
476 3100 525 3178 qui
546 3099 707 3163 strccessive
731 3102 922 3180 praesentavit
942 3102 1149 3183 Neapolitano,

364 3220 516 3281 qttousque
537 3202 571 3260 ad
590 3201 773 3264 cardinalem
810 3203 909 3264 Sancti
929 3203 1049 3284 Georgii
1085 3204 1150 3283 pri·

364 3323 443 3364 mum
463 3304 624 3368 Diaconum
645 3304 861 3384 pervenissent3
884 3305 951 3383 qui,
967 3305 1003 3364 ad
1026 3305 1149 3367 verbnm

363 3405 622 3476 vicecancellarii,
640 3424 688 3465 eos
710 3404 827 3465 tradidit
848 3404 994 3483 praedicto
1013 3405 1150 3484 episcopo

363 3504 503 3566 Perusino
534 3507 691 3567 secretario
716 3505 836 3584 Papae,
857 3505 999 3584 legendas,
1022 3506 1072 3583 qui
1102 3525 1149 3568 eas

365 3607 435 3684 legit
456 3604 592 3686 publice,
612 3617 640 3667 et
661 3606 756 3685 primo
776 3606 1076 3686 superscriptionem,
1095 3607 1148 3668 da·

364 3708 428 3766 inde
446 3706 683 3787 subscriptionem
700 3726 774 3786 quae
791 3720 854 3769 erat
877 3707 1031 3779 chartea,
1051 3708 1149 3771 deinde

267 3811 272 3823 '
364 3808 459 3870 datum
486 3808 620 3870 Petronia
641 3819 697 3869 etc.
719 3819 813 3888 postea
835 3808 1010 3889 principium
1034 3810 1150 3872 littera·

364 3927 432 3970 rum
453 3909 530 3988 quod
561 3921 624 3969 erat
647 3908 783 3973 Carolus
808 3910 878 3972 Rex
902 3911 1062 3973 Francius
1092 3920 1149 3972 etc.

364 4009 422 4071 Per
444 4011 553 4072 litteras
568 4009 628 4071 ilex
643 4011 701 4090 ipse
715 4009 932 4081 commendabat
948 4007 1150 4072 cardinalibus

366 4107 507 4174 Oratores
539 4112 698 4192 praedictos
730 4123 760 4172 et
790 4131 843 4173 sua
874 4113 1012 4193 negotia,
1045 4122 1075 4174 et
1109 4113 1150 4173 eis

364 4213 455 4272 amice
469 4211 611 4272 scribebat
626 4212 795 4292 appellando
809 4232 857 4276 eos
877 4215 995 4275 amieos
1017 4215 1150 4276 dilectos

364 4330 399 4372 ac
419 4312 442 4371 si
463 4323 553 4373 essent
572 4315 729 4392 cappellani
751 4314 795 4374 sui
810 4355 819 4387 ,
835 4312 994 4375 denotando
1020 4332 1069 4376 cos
1096 4334 1148 4394 per

365 4429 421 4472 nos
439 4423 466 4473 et
485 4430 541 4473 non
561 4431 612 4492 per
629 4412 721 4475 dictos
737 4416 782 4475 rel
798 4413 888 4476 dictos
908 4417 1027 4477 litteras.
1054 4413 1149 4475 beatis
1182 4399 1185 4430 '

358 4512 408 4573 liis
430 4514 534 4574 litteris
552 4530 608 4573 iton
630 4512 684 4574 iuit
706 4514 817 4574 dietum
839 4515 1047 4594 quodcumque
1069 4514 1148 4576 aliud

364 4612 509 4686 verbum,
529 4612 578 4673 sed
598 4626 786 4675 surrexerunt
808 4611 952 4677 Oratores
980 4614 1148 4696 praedicti,

363 4723 391 4773 et
412 4731 557 4775 cameram
578 4712 748 4776 Cortsistorii
770 4717 944 4788 exiverunt,
964 4734 1036 4795 quos
1059 4719 1148 4777 eremi

362 4825 430 4874 sont
449 4815 498 4874 alii
520 4811 660 4877 Oratores
677 4826 705 4875 et
726 4817 847 4894 praelati
869 4817 975 4876 Palatii
998 4819 1048 4894 qui
1071 4816 1149 4877 intus

362 4925 444 4975 eram
455 4938 466 4989 3
487 4925 515 4976 et
542 4915 600 4978 sine
627 4935 709 4977 mora
730 4917 816 4976 iidem
841 4915 982 4979 Oratores
1007 4917 1149 4977 Franciae

363 5033 398 5076 co
417 5017 517 5078 ordine
539 5027 627 5097 prout
649 5028 808 5091 renerunt,
829 5029 857 5078 et
878 5017 914 5077 ab
935 5017 1040 5079 eisdem
1062 5012 1149 5097 'prae-

364 5116 430 5176 latis
462 5118 592 5179 associati
621 5118 657 5178 od
687 5117 804 5178 domum
834 5117 869 5180 de
899 5118 1017 5190 libero,
1036 5119 1064 5178 in
1092 5136 1148 5197 qtra

363 5218 513 5299 episcopus
544 5218 759 5279 humber-ieosis
793 5218 955 5298 hospitatus
985 5229 1050 5291 est,
1081 5228 1149 5278 sunt

365 5320 497 5393 rerersi,
518 5320 573 5380 boc
595 5322 656 5381 solo
675 5320 813 5401 dempto,
833 5320 913 5398 quod
934 5320 1028 5380 abbas
1049 5320 1148 5381 Sancti

364 5420 477 5478 Antonii
513 5421 649 5481 continuo
678 5421 752 5482 inter
777 5420 913 5482 Priorem
947 5420 1102 5482 Alrerniae
1132 5439 1149 5481 a

364 5516 489 5591 dextris,
507 5531 537 5581 et
556 5522 720 5600 episcopum
739 5520 978 5582 concordiensem
994 5540 1011 5580 o
1026 5521 1149 5581 sinistris

365 5620 473 5679 medius
492 5620 549 5680 ibat
569 5623 599 5681 in
618 5622 697 5682 dicto
715 5624 788 5684 loeo.

404 5721 491 5784 Feria
507 5734 595 5800 sexta
609 5724 719 5787 deciam
733 5736 837 5790 octst'a
856 5725 959 5788 mucis
973 5722 1149 5799 novembris,

1905 648 2012 735 (rior)

1217 781 1289 843 lesto
1326 782 1517 846 dedicationis
1544 784 1733 846 Basilicarum
1765 775 1844 847 Beati
1868 786 1952 849 Petri
1981 801 2009 851 et

1217 881 1325 958 Pauli,
1344 901 1400 944 non
1417 883 1474 944 luit
1495 883 1639 965 Cappella.
1659 884 1769 948 Eadem
1790 887 1838 949 die
1868 901 1933 968 post
1957 891 2011 952 bo·

1217 1002 1281 1043 ram
1302 984 1473 1063 vigesimam
1489 1029 1497 1055 ,
1516 1003 1567 1065 per
1589 995 1703 1064 portant
1724 988 1866 1050 viridarii
1893 990 2011 1054 intrarit

1216 1083 1252 1143 ll.
1286 1083 1427 1144 Dominus
1462 1084 1610 1146 liobertas
1636 1088 1787 1169 episcopus
1820 1089 2012 1169 Glasquensis

1217 1182 1327 1244 Orator
1356 1185 1436 1243 llius.
1468 1184 1568 1245 tacoot
1602 1185 1759 1248 Scotorum
1778 1188 1891 1268 Regis,
1921 1193 2012 1269 quia

1217 1284 1331 1344 larrriliis
1353 1284 1409 1346 SS.
1434 1285 1548 1346 Domini
1568 1285 1664 1347 Nostri
1686 1287 1781 1369 Papae
1802 1300 1832 1350 et
1864 1290 2013 1352 Cardine·

1217 1386 1288 1446 lium
1307 1403 1341 1446 ac
1357 1383 1533 1446 Oratoribus
1552 1385 1681 1466 Regum,
1696 1400 1725 1449 et
1740 1388 1915 1471 Principum
1933 1402 2014 1453 extra

1217 1496 1332 1564 portam
1356 1496 1490 1566 receptus
1510 1497 1578 1558 est,
1603 1485 1633 1547 et
1657 1505 1749 1567 usque
1784 1490 1820 1550 ad
1852 1491 2016 1571 hospitium

1216 1604 1301 1647 suurn
1335 1586 1411 1647 inter
1441 1583 1562 1667 puteum
1593 1589 1710 1665 album,
1739 1603 1769 1654 et
1798 1594 1947 1673 palatium
1979 1595 2014 1657 de

1215 1688 1311 1749 Plisco
1341 1705 1424 1749 sactu
1456 1706 1536 1750 more
1569 1691 1655 1752 solito
1686 1694 1844 1754 associatus
1870 1695 2017 1774 equitavit

1216 1788 1290 1849 inter
1313 1788 1547 1849 Gubernatorem
1573 1790 1682 1865 Urbis,
1700 1803 1730 1853 et
1749 1792 2015 1876 brebiepiseopunr

1216 1888 1449 1971 Thebanumil)
1470 1891 1594 1951 electum
1618 1888 1869 1971 andegavensem.

1243 1990 1341 2053 Paria
1360 1991 1494 2063 secunda,
1519 1991 1656 2070 vigesima
1676 2004 1781 2054 octavu
1802 1994 1876 2055 dicti
1896 1999 2018 2067 mensis,

1215 2091 1244 2151 in
1264 2093 1330 2152 aula
1350 2092 1442 2171 prima
1465 2089 1588 2167 majore,
1609 2092 1740 2155 videlieet
1761 2096 1862 2175 palatii
1883 2096 2016 2176 Aposto-

1217 2193 1265 2253 llci
1278 2236 1286 2266 ,
1320 2192 1374 2253 luit
1403 2192 1613 2270 Consistorium
1646 2195 1794 2274 publicum
1818 2198 1851 2257 in
1881 2216 1946 2277 quo
1978 2198 2018 2258 ll.

1215 2292 1304 2353 Pater
1322 2293 1461 2354 Dominus
1475 2292 1624 2355 liebertus
1647 2297 1800 2376 episcopus
1826 2298 2019 2377 Glasquensis

1217 2394 1327 2454 Orator
1359 2393 1439 2453 lllus.
1461 2392 1575 2454 Domini
1602 2393 1704 2455 taeoot
1738 2396 1901 2460 Scotorum
1925 2399 2019 2480 „nega

1216 2494 1449 2556 associatusluit
1471 2513 1487 2554 a
1510 2495 1622 2555 iamilia
1643 2496 1805 2559 Cardlnalis
1835 2499 1955 2562 Ascanii
1969 2546 1978 2575 ,
1992 2514 2018 2563 et

1217 2593 1395 2658 Oratoribus
1427 2594 1515 2675 Regis
1546 2596 1690 2659 anciue
1725 2598 1763 2658 ab
1802 2600 1934 2681 bospitio
1967 2621 2018 2661 suo

1217 2697 1363 2775 usquead
1383 2697 1536 2759 Cumarum
1560 2699 1781 2778 Apostolicem,
1805 2702 1858 2762 ubi
1879 2714 2017 2783 expecta·

1218 2801 1283 2871 rit3
1303 2797 1401 2858 deinde
1422 2798 1459 2857 ab
1479 2799 1577 2859 eadem
1598 2799 1722 2861 Cantera
1745 2801 1782 2861 ad
1799 2802 2016 2864 Concistorlum

1218 2918 1270 2979 per
1296 2897 1542 2978 archiepiscopum
1571 2900 1765 2963 Arelatenseru
1786 2913 1815 2964 et
1842 2904 2014 2985 episcopum

1218 2999 1473 3070 vrtteraneasern,
1503 3000 1700 3078 sequentibus·
1718 2999 1899 3065 Oratoribus
1930 3004 2016 3085 Regis

1189 3119 1192 3125 ³
1218 3099 1376 3172 Pranciae,
1411 3117 1510 3160 coram
1546 3100 1600 3161 SS.
1632 3100 1756 3166 Domino
1790 3104 1909 3166 Nostro.
1948 3106 2013 3167 Post

1218 3199 1460 3261 deosculationem
1481 3202 1593 3262 solitam
1628 3206 1819 3281 praesentarit
1849 3205 2015 3286 gesruflexus

1219 3311 1352 3381 patentes
1374 3301 1484 3362 litteras
1506 3302 1600 3381 regim
1623 3305 1790 3365 mandatum
1811 3323 1900 3367 suum
1924 3309 2015 3369 conti·

1219 3412 1340 3474 nentes,
1361 3402 1448 3480 sigilli
1467 3405 1564 3482 magni
1586 3406 1662 3483 regii
1684 3406 1857 3486 appensione
1889 3409 2016 3469 munitas

1218 3513 1246 3564 et
1268 3520 1355 3562 manu
1376 3501 1463 3580 Regis
1484 3503 1685 3585 subscriptas,
1708 3523 1780 3584 quas
1805 3526 1862 3569 suo
1886 3520 2016 3590 tempore

1219 3606 1288 3685 legit
1320 3606 1471 3686 episcopus
1507 3605 1671 3666 Perusinus
1711 3610 1899 3682 secretarius.
1936 3611 2016 3673 Duae

1218 3706 1432 3766 commissiones
1461 3705 1580 3767 leserunt
1618 3710 1804 3788 propositae,
1833 3712 1933 3792 prima
1965 3733 2017 3793 per

1219 3807 1373 3868 Dominum
1388 3806 1513 3867 Paulum
1535 3806 1570 3868 de
1591 3808 1697 3868 Planaa
1719 3810 1919 3888 proquodam
1936 3831 2011 3893 pau·

1218 3927 1285 3988 pere
1318 3908 1487 3988 presbytero
1516 3908 1675 3971 caminensi
1725 3911 1859 3972 dioecesis
1902 3913 2013 3994 Spole·

1218 4018 1301 4096 tanae
1321 4008 1494 4089 depraedato
1527 4020 1555 4070 et
1591 4010 1799 4083 incarcerato,
1821 4012 1948 4075 liberato
1970 4027 2012 4074 ts·

1219 4121 1407 4184 men,contra
1429 4127 1497 4170 suos
1515 4109 1707 4189 spoliatores,
1727 4112 1833 4189 quibus
1851 4112 2014 4191 juraverat

1218 4232 1247 4272 se
1280 4228 1336 4270 non
1369 4210 1547 4283 rendieure,
1570 4229 1662 4289 neque
1690 4213 1900 4275 absolutionem
1936 4218 2012 4277 velle

1218 4311 1367 4382 obtinere,
1380 4321 1409 4370 et
1429 4307 1610 4387 fidejussores
1633 4311 1773 4387 dederat,
1789 4315 1841 4392 qui
1864 4315 1943 4376 idem
1955 4314 2013 4393 jn·

1219 4421 1360 4473 raserunt
1373 4456 1381 4483 ‚
1395 4423 1425 4471 et
1445 4430 1475 4471 se
1496 4412 1700 4490 obligaverunt
1721 4415 1806 4474 toties
1830 4417 1945 4493 quoties
1962 4434 2013 4496 per

1217 4511 1330 4575 eosdem
1353 4514 1571 4590 requirerentur
1594 4514 1668 4573 rette
1701 4531 1752 4593 per
1773 4515 1909 4576 eumdem
1941 4534 2012 4577 ora·

1219 4626 1311 4675 torem
1337 4608 1380 4693 (i)
1401 4614 1467 4693 ipsis
1488 4624 1686 4694 representare
1692 4636 1703 4689 3
1730 4626 1793 4693 post
1815 4612 1902 4691 cujus
1923 4616 2011 4680 finem

1220 4715 1323 4774 irirnus
1343 4731 1398 4792 pro
1426 4710 1562 4775 Oratore.
1590 4712 1752 4775 Secundam
1777 4718 1928 4795 proposuit
1951 4718 2014 4780 Do-

1219 4817 1312 4876 minus
1333 4814 1459 4893 Angelus
1480 4814 1515 4876 de
1536 4815 1612 4877 Cesis
1632 4815 1702 4876 satis
1720 4819 1817 4891 rnala,
1836 4817 1924 4896 cujus
1943 4838 2009 4879 ma·

1218 4918 1323 4978 teriam
1343 4934 1400 4976 non
1424 4917 1572 4989 intellexi3
1591 4916 1742 4998 episcopus
1760 4916 2014 4996 Glasquensissub

1219 5035 1308 5097 cappa
1346 5034 1398 5075 aua
1429 5015 1529 5076 babuit
1556 5028 1662 5078 vestem
1685 5018 1721 5080 de
1742 5018 1813 5079 Tabi
1835 5022 2013 5096 cremesino;

1219 5118 1298 5196 quod
1331 5114 1590 5178 inhonestissimum
1622 5118 1676 5180 fuit
1688 5140 1697 5191 3
1719 5120 1828 5180 avisari
1858 5134 2013 5203 propterea

1219 5221 1311 5299 ipsum
1333 5238 1367 5281 ne
1389 5220 1521 5299 deinceps
1551 5237 1618 5279 cnm
1641 5240 1673 5281 ea
1703 5221 1732 5281 io
1754 5222 1907 5302 publicum
1928 5225 2015 5285 reni·

1221 5330 1288 5381 ret:
1308 5320 1364 5380 alia
1384 5321 1480 5381 omnia
1502 5331 1567 5380 acta
1587 5331 1656 5380 suut
1678 5339 1762 5383 more
1783 5321 1879 5384 solito.

1259 5423 1343 5483 Peria
1365 5432 1483 5501 quarta,
1500 5420 1602 5482 ultima
1626 5423 1730 5484 merrsis
1755 5423 1933 5499 novembris,
1956 5424 2011 5486 SS.

1217 5524 1358 5585 Dominus
1372 5522 1473 5586 Noster
1492 5524 1568 5586 renit
1583 5525 1619 5584 ad
1641 5523 1793 5586 basilicam
1810 5522 1914 5586 Sancti
1932 5524 2014 5587 Petri

1218 5624 1268 5703 irbi
1289 5627 1318 5685 in
1338 5624 1465 5704 cappella
1487 5623 1662 5688 Sanctorum
1678 5625 1809 5688 Andreae
1822 5638 1851 5688 at
1873 5624 2016 5706 Gregorii

1217 5725 1329 5787 audivit
1349 5724 1466 5788 libram
1486 5728 1654 5803 solennem,
1671 5744 1759 5806 quam
1781 5725 1889 5790 ibidem
1909 5728 2000 5809 porti·
