4492 6859
232 629 343 714 (tros)

234 769 395 830 sinistrum.
417 765 502 830 Veste
523 766 614 845 regali
647 766 676 827 ia
710 767 828 829 modum
850 767 1022 829 dalmaticae

233 888 268 929 ex
300 868 440 929 brochato
461 868 527 927 auri
559 867 651 928 riccio
674 872 862 940 cremesino,
883 868 1025 929 sessuram

235 968 357 1027 habente
389 978 453 1027 ante
485 978 514 1028 et
543 975 624 1029 retro
660 985 724 1028 titt.
756 970 945 1047 palmorum,
979 970 1024 1027 rel

235 1069 324 1142 circa,
344 1069 439 1145 longa,
456 1067 599 1146 usquead
617 1069 727 1129 collum
748 1070 844 1147 pedis,
862 1074 940 1128 circa
960 1070 1026 1128 col·

234 1169 296 1228 lum
317 1180 345 1227 ct
369 1168 492 1226 turonicas
508 1177 538 1228 et
559 1186 612 1246 per
634 1166 763 1228 fimbrias
784 1167 820 1228 ad
840 1169 1025 1228 latitudinem

234 1279 360 1345 quatuor
387 1268 567 1346 digitorum,
590 1269 634 1329 vel
658 1270 763 1343 circa,
797 1272 884 1350 perlis
913 1282 1024 1330 ornata.

234 1369 344 1430 Collari
377 1370 414 1426 ad
451 1369 630 1429 latitudinem
646 1388 769 1436 ,manns
804 1371 891 1449 perlis
922 1381 1025 1433 ornato

233 1470 287 1529 sub
308 1479 409 1528 mento
430 1467 540 1527 duabus
563 1470 651 1548 perlis
679 1471 783 1549 ligato,
802 1470 879 1547 quod
900 1471 1024 1531 sormam

235 1570 364 1644 habeat,
384 1581 472 1647 prout
494 1571 585 1630 solent
606 1572 634 1629 in
656 1572 769 1631 amictis
792 1572 877 1651 poni,
899 1592 933 1632 ex
953 1572 1025 1633 bro·

234 1671 319 1730 chnto
340 1673 427 1749 plano
448 1672 607 1731 cremosino
628 1682 656 1730 et
677 1671 767 1732 benda
791 1673 876 1752 longa
897 1692 931 1734 ex
953 1674 1025 1732 bro·

235 1772 320 1831 chata
341 1776 499 1833 creincsino
526 1786 652 1850 quatuor
676 1773 841 1851 digitorum
869 1777 912 1836 rel
935 1778 1024 1850 circa,

236 1891 312 1950 quae
333 1891 350 1930 a
373 1875 450 1933 collo
474 1874 594 1953 pendeat
616 1892 706 1952 usque
737 1875 774 1933 ad
807 1877 915 1936 collum
937 1878 1023 1955 pedis.

234 1974 382 2033 Birretum
405 1974 552 2033 retinebit.

277 2074 382 2152 Sicquc
401 2087 520 2154 paratus
546 2075 658 2136 accedit
672 2076 708 2136 ad
725 2075 889 2135 thalamum
909 2076 1023 2155 regium

234 2194 250 2232 a
274 2175 385 2235 duobus
402 2177 460 2234 suis
475 2177 668 2237 assistentibus
689 2196 723 2237 ac
744 2177 843 2256 Regiis
861 2189 889 2237 et
906 2178 1023 2256 cappel-

235 2276 308 2337 lanis
324 2278 436 2337 dnobus
456 2275 627 2353 majoribus,
649 2279 872 2340 Eleemosinario
893 2289 922 2339 et
943 2280 1024 2339 Con·

233 2378 339 2437 sessore
362 2378 518 2449 dumtaxat,
534 2380 707 2452 associatus,
729 2380 778 2439 ubi
799 2380 829 2438 in
850 2381 947 2440 sedinli
971 2399 1024 2441 suo

234 2477 415 2556 genuflectit,
434 2488 462 2537 et
483 2498 518 2539 ex
538 2479 614 2539 libro
636 2479 705 2539 dicit
726 2482 882 2540 introitum
904 2480 1022 2562 Kyrie·
1063 2531 1069 2544 .

235 2582 364 2660 leysos,
385 2579 500 2639 Glorin
518 2580 552 2639 in
571 2583 732 2652 excelsis,
750 2580 919 2642 Orationem
940 2583 1024 2645 Deus

234 2680 292 2759 qui
314 2682 412 2741 cordo
434 2683 584 2760 fidelium,
603 2693 631 2742 et
647 2683 702 2742 snb
724 2684 822 2744 eadem
843 2685 1024 2746 conclusione

233 2792 397 2857 sequentem
422 2782 505 2843 Deus
521 2802 687 2863 regnorum
709 2787 846 2846 censium
861 2797 1025 2865 protector

238 2881 278 2939 dn
302 2881 380 2940 scribi
402 2900 492 2943 seruo
514 2893 568 2942 tuo
591 2885 782 2963 triumphurn
803 2887 934 2948 uirtutis
952 2896 1025 2946 tuoe

240 2980 377 3041 scienter
398 2983 563 3055 excolere,
586 2993 615 3042 ct
643 2986 700 3064 qui
723 2996 778 3045 lua
799 2987 1026 3048 constitutione

236 3082 294 3140 sim
320 3082 489 3162 Princeps,
514 3093 568 3143 tuo
590 3105 708 3163 semper
734 3087 860 3146 nuntiae
887 3090 945 3148 sim
965 3106 1026 3169 po·

237 3192 321 3243 tens:
341 3182 403 3243 Per
420 3182 461 3242 D.
480 3181 518 3243 Ν.
542 3195 609 3257 etc,
631 3184 800 3266 Epistulam,
821 3198 850 3247 et
871 3188 1025 3266 Allelnya,

240 3298 308 3341 cuns
335 3284 429 3360 primo
453 3301 541 3343 versu
574 3294 704 3358 tantum,
737 3287 878 3361 videlicet,
908 3289 1026 3349 Emitte

239 3380 394 3462 Spiritum
413 3395 481 3456 etc,
497 3385 611 3445 duobus
626 3388 829 3450 Assistentibns
844 3400 872 3451 et
887 3392 950 3450 aliis
965 3389 1026 3451 Re·

237 3484 293 3562 giis
315 3486 428 3545 interim
450 3486 526 3565 apud
549 3486 657 3566 Regem
680 3491 832 3551 stantibus.

278 3587 450 3648 Cantcribus
472 3610 588 3651 versum
624 3593 806 3671 praedictum
828 3594 948 3654 Emitte
970 3606 1026 3655 etc.

239 3690 446 3759 cantantibus,
479 3693 630 3770 reponitur
652 3693 843 3754 faldistorium
865 3691 965 3773 Legati
999 3694 1026 3753 in

239 3791 333 3851 medio
368 3791 466 3850 altaris
502 3794 530 3851 in
567 3812 627 3871 quo
663 3795 721 3871 ipse
753 3794 833 3853 sedit
867 3812 935 3853 cnm
969 3794 1026 3853 mi·

242 3902 296 3950 tra.

276 3991 338 4051 Rex
355 3990 499 4051 descendit
516 3992 549 4051 de
566 3994 693 4054 thalamo
708 4012 761 4054 suo
782 3994 819 4052 ab
840 3994 897 4054 illis
915 3994 1026 4055 dnobus

240 4092 300 4151 suis
330 4093 551 4165 assistentibus,
571 4106 599 4154 ct
627 4096 691 4155 aliis
711 4096 770 4155 suis
799 4098 979 4169 associatus,
998 4108 1027 4158 et

237 4193 350 4253 accedit
371 4194 408 4253 ad
428 4192 584 4273 Legatum:
607 4196 708 4274 prelati
728 4207 896 4275 assurgunt,
910 4208 937 4258 at
954 4197 1027 4256 iaci·

240 4302 292 4353 unt
323 4296 525 4368 reverentias,
548 4296 653 4373 quibus
674 4309 702 4356 et
735 4298 793 4376 ipse
825 4302 933 4378 pariter
959 4299 1027 4360 iacit

242 4407 274 4451 ut
297 4396 400 4473 prius,
423 4408 452 4455 et
478 4398 574 4470 iacta,
596 4399 708 4460 detecto
730 4401 844 4479 capite,
866 4403 1026 4463 reverentia

239 4513 341 4555 coram
366 4496 497 4576 legato,
518 4518 606 4578 super
628 4502 740 4561 cassino
760 4501 936 4580 genuflectit.

283 4596 408 4657 Praelati
424 4618 522 4660 omries
536 4602 646 4661 iaciunt
661 4604 807 4662 circulum
822 4616 886 4683 post
900 4603 1026 4682 Regem,

240 4708 273 4757 ut
291 4701 372 4777 prius
388 4718 457 4759 cum
470 4701 564 4761 mitris
579 4713 696 4776 stantes,
708 4715 736 4763 et
748 4706 844 4764 omnia
860 4707 944 4767 simul
959 4725 1026 4767 cnm

239 4795 370 4877 legato,
385 4803 467 4878 plane
490 4813 583 4861 tamen
602 4802 735 4877 dicentes.

287 4897 426 4978 laegatus,
447 4913 565 4983 accepto
584 4922 648 4965 ense
663 4904 742 4966 nudo
761 4904 796 4966 de
812 4908 895 4968 altari
917 4929 968 4988 per
981 4929 1027 4971 me

242 5000 296 5059 sibi
317 5013 477 5079 porrecto,
504 5004 589 5063 illum
608 5005 698 5067 tradit
718 5006 746 5066 in
768 5026 854 5069 manu
872 5009 959 5088 Regis
978 5031 1027 5072 re-

242 5101 382 5179 cipientis,
399 5102 495 5162 dicens
511 5105 626 5185 Accipe
641 5109 781 5189 gladium
793 5119 860 5182 etc.;
871 5129 931 5188 qno
950 5111 1027 5172 dicto

244 5199 306 5260 Res
328 5204 478 5263 osculatur
499 5223 603 5265 manus
623 5206 736 5287 Legati.

286 5302 382 5371 Tum,
404 5306 538 5385 imposito
558 5327 609 5387 per
631 5328 676 5371 me
697 5311 796 5390 gladio
816 5312 845 5371 in
868 5313 1026 5392 raginam,

242 5402 372 5484 legatus
393 5408 484 5486 cingit
512 5409 621 5487 Regem
640 5414 738 5491 gladio
756 5416 784 5473 in
804 5414 962 5493 vaginam,
980 5414 1028 5473 di·

242 5525 330 5567 cens:
354 5509 526 5594 Accingere
546 5524 603 5572 etc.

285 5608 392 5688 Surgit
412 5610 475 5672 Rex
505 5625 535 5674 et
555 5625 718 5675 extractum
739 5632 834 5678 ensem
854 5615 889 5678 da
924 5616 1027 5695 ragina

244 5709 370 5773 viriliter
402 5715 487 5777 tertio
508 5715 626 5791 ribrat;
656 5727 719 5779 tum
751 5736 839 5797 super
872 5716 1028 5780 brachium

716 626 1000 696 consumatus
1021 627 1246 692 immuunt
1268 629 1396 693 suunt.
1820 635 1881 697 snt

1092 767 1240 829 sinistrum
1270 768 1414 847 extergit,
1436 768 1548 848 reponit
1570 767 1599 829 ia
1629 770 1753 849 sagina,
1772 780 1802 832 et
1822 773 1880 833 ite·

1092 888 1160 931 rum
1182 890 1283 931 coram
1304 869 1435 950 Legato,
1455 873 1614 951 nimius,
1635 871 1812 951 genuflectit.

1134 972 1265 1045 Corona,
1287 972 1322 1032 de
1342 972 1427 1033 altari
1450 991 1501 1051 per
1530 992 1576 1034 me
1595 984 1728 1051 sumpta,
1750 973 1876 1034 traditur

1092 1072 1226 1152 Legata,
1254 1092 1340 1151 qnam
1364 1092 1431 1133 cum
1453 1073 1584 1133 omnibus
1611 1078 1744 1153 praelatis
1766 1075 1876 1154 paratis

1094 1194 1210 1235 manum
1232 1175 1463 1254 apponentibus,
1485 1177 1563 1235 solus
1585 1174 1659 1255 Regi
1678 1178 1810 1256 imponit,
1831 1176 1879 1234 di·

1092 1295 1181 1337 cens:
1205 1276 1322 1355 Accipe
1343 1293 1492 1335 coronans
1510 1288 1564 1336 etc.

1135 1378 1258 1440 Pomum
1280 1377 1377 1439 deinde
1393 1396 1409 1435 a
1424 1375 1592 1455 meLegato
1614 1389 1794 1457 porrectum,
1815 1374 1875 1437 Le·
1957 1375 1960 1379 ’

1091 1492 1177 1559 gatus
1198 1479 1287 1539 tradit
1308 1478 1380 1556 Regi
1405 1477 1433 1536 in
1468 1480 1613 1538 sinistram
1635 1480 1805 1558 recipienti,
1827 1478 1875 1537 di·

1092 1599 1177 1641 cens:
1202 1580 1320 1661 Accipe
1340 1580 1509 1661 digititotis
1521 1599 1657 1661 porrum,
1674 1591 1704 1640 et
1718 1599 1776 1659 per
1794 1579 1831 1639 id
1843 1579 1877 1639 in

1093 1691 1122 1740 tc
1137 1680 1315 1742 catholicoe
1326 1682 1401 1759 pilei
1414 1699 1564 1762 cognosce
1578 1682 1788 1761 signaculum,
1800 1680 1878 1760 quic

1093 1792 1127 1841 ut
1142 1783 1235 1842 hodie
1251 1782 1415 1843 ordinaris
1433 1791 1527 1861 ceput
1555 1791 1585 1840 et
1609 1781 1762 1860 Princeps
1777 1780 1879 1859 Repeti
1960 1853 1965 1869 1

1092 1892 1122 1941 et
1136 1883 1259 1962 populi,
1277 1883 1324 1943 itu
1340 1900 1520 1961 perseveres
1536 1883 1652 1942 author
1666 1893 1695 1941 ct
1712 1881 1878 1941 stabilitor

1093 1983 1354 2052 christianornm,
1366 1994 1395 2043 et
1410 1982 1485 2061 {idei
1504 1984 1758 2053 caristiensem
1775 1981 1878 2062 foelix

1094 2087 1128 2146 ier
1148 2106 1254 2166 opere,
1274 2087 1415 2165 lucrrplcs
1436 2085 1632 2165 insisterem
1655 2085 1738 2165 Repe
1759 2081 1877 2166 Regum

1092 2187 1257 2269 glorieris,
1270 2187 1326 2266 qui
1340 2187 1420 2248 vivit
1435 2196 1465 2245 et
1480 2196 1590 2267 repunt
1601 2186 1686 2247 Deus
1698 2204 1757 2265 per
1772 2185 1878 2246 omnio

1091 2288 1220 2349 soeculo
1238 2288 1444 2348 soeculorum.

1135 2372 1238 2449 Surgit
1260 2370 1342 2441 Res,
1364 2383 1393 2431 et
1414 2389 1465 2450 per
1488 2389 1533 2430 me
1554 2389 1619 2433 ense
1637 2370 1827 2443 discinditur,
1847 2379 1879 2431 et

1092 2472 1128 2532 D.
1149 2471 1268 2533 Hectori
1288 2469 1417 2532 Carallae
1436 2473 1598 2533 camerario
1619 2490 1673 2532 suo
1688 2469 1793 2547 majori
1812 2481 1879 2530 tra-

1092 2575 1187 2648 ditur,
1203 2575 1253 2651 qui
1272 2590 1340 2634 eum
1361 2573 1390 2631 in
1409 2572 1541 2650 vaginam
1558 2574 1720 2633 immediate
1733 2582 1801 2633 ante
1818 2570 1881 2631 Re-

1091 2693 1158 2755 gem
1180 2674 1272 2734 desert
1293 2692 1345 2753 per
1367 2685 1463 2734 totum
1486 2673 1629 2737 Officium.

1134 2775 1263 2855 Legatus
1281 2796 1298 2835 a
1318 2775 1435 2841 dextris,
1454 2785 1483 2835 et
1501 2775 1743 2853 Archiepiscopus
1764 2772 1880 2854 'Neapo-

1093 2875 1197 2937 litanus
1216 2893 1232 2933 a
1253 2874 1372 2933 sinistris
1388 2872 1475 2952 Regis
1494 2872 1640 2932 deducunt
1657 2873 1753 2951 ipsum
1769 2872 1878 2951 Regem

1094 2976 1283 3057 praecedente
1299 2975 1361 3035 solo
1376 2985 1546 3054 porrectore
1564 2970 1879 3051 ejusdem;sequuntu1·

1095 3078 1266 3140 Patriarcba
1288 3077 1528 3148 Anthiochensis,
1551 3074 1714 3147 Oratores,
1745 3076 1828 3155 Regii
1850 3086 1879 3137 et

1094 3181 1251 3261 cappellani
1274 3176 1398 3254 majores
1421 3196 1487 3237 cum
1510 3176 1678 3239 Coniessore
1700 3189 1728 3238 et
1745 3178 1882 3240 Eleemo-

1093 3283 1224 3357 sinario,
1242 3282 1290 3341 nbi
1307 3281 1366 3341 Rex
1384 3284 1440 3361 ipse
1460 3301 1527 3342 cum
1547 3294 1662 3361 sceptro
1682 3283 1710 3340 in
1729 3280 1830 3341 dextra
1851 3292 1881 3342 et
1911 3353 1914 3358 Ι

1093 3404 1179 3465 pomo
1201 3386 1229 3443 in
1250 3386 1362 3443 sinistra
1385 3402 1436 3461 per
1459 3381 1601 3463 Legatum
1623 3395 1650 3443 et
1672 3382 1879 3460 Archiepisco·

1094 3504 1164 3565 pum
1186 3485 1390 3565 praedictum,
1412 3485 1442 3544 in
1464 3486 1535 3543 solio
1552 3497 1579 3545 et
1601 3484 1666 3545 sede
1688 3485 1767 3563 regia
1789 3484 1880 3544 intro·

1095 3588 1249 3656 mictitur,
1270 3595 1298 3645 et
1320 3585 1356 3643 ad
1378 3583 1533 3646 sedendum
1555 3586 1683 3665 ponitur,
1705 3585 1814 3664 Legato
1834 3583 1882 3643 att-

1096 3699 1179 3748 cente
1202 3690 1249 3748 ila
1266 3699 1294 3747 el
1311 3690 1413 3748 retine
1431 3700 1487 3749 etc.

1138 3790 1349 3850 Convenienter
1389 3787 1592 3866 praecederent
1632 3789 1741 3868 Regem
1782 3806 1880 3850 omnes

1095 3889 1202 3967 Regii,
1230 3899 1259 3949 et
1280 3889 1399 3965 praelati
1431 3905 1529 3948 oumes
1561 3888 1655 3967 parati
1687 3900 1878 3966 sequerentur

1096 3998 1205 4049 stantes
1227 3992 1254 4048 in
1283 3987 1411 4047 thalamo
1442 4007 1459 4046 a
1493 3988 1619 4062 destris,
1649 4000 1678 4050 et
1708 4008 1725 4047 a
1757 3991 1881 4050 sinistris

1095 4103 1159 4152 ante
1193 4090 1286 4152 sedem
1328 4090 1462 4168 regium,
1491 4090 1539 4149 sed
1574 4109 1627 4169 pro
1657 4091 1790 4169 angustia
1823 4091 1879 4151 loci

1096 4192 1158 4253 beri
1181 4192 1287 4273 poterit
1306 4200 1338 4250 ul
1357 4210 1445 4270 snpra
1464 4189 1535 4263 disi3
1555 4191 1629 4250 istud
1651 4203 1744 4251 tamen
1768 4194 1880 4253 melius.

1139 4294 1218 4373 Rege
1231 4294 1416 4367 intronizato,
1428 4293 1555 4372 Legatus
1564 4293 1690 4373 deposita
1703 4294 1789 4356 mitra
1804 4307 1881 4356 stans

1097 4415 1198 4457 rersus
1220 4393 1255 4453 ad
1277 4395 1391 4464 altare,
1425 4395 1522 4473 incipit
1556 4396 1691 4456 incentu
1718 4396 1758 4457 Te
1782 4396 1881 4456 Deum

1096 4497 1271 4567 lecticarius,
1293 4512 1379 4571 quem
1403 4506 1534 4556 cantores
1552 4508 1770 4575 prosequuntur
1789 4515 1882 4575 usque

1096 4598 1132 4657 ad
1152 4597 1255 4667 finem,
1274 4594 1385 4675 Legato
1406 4596 1468 4674 ipso
1488 4596 1526 4655 ad
1544 4597 1703 4670 dexteram,
1715 4608 1744 4659 et
1758 4599 1883 4659 Archie-

1096 4704 1212 4779 piscopo
1235 4699 1271 4758 ad
1292 4697 1435 4757 sinistram
1456 4697 1543 4778 Regis
1570 4700 1628 4759 sine
1650 4701 1747 4759 mitris
1768 4700 1882 4759 interim

1094 4801 1246 4873 stantibus,
1262 4810 1291 4860 et
1307 4798 1464 4878 Regalibns
1484 4801 1617 4860 omnibus
1638 4811 1701 4879 post
1722 4800 1883 4878 praedictos

1096 4901 1162 4961 hinc
1180 4903 1245 4963 inde
1263 4899 1347 4978 juxta
1368 4901 1486 4981 Regem.
1500 4901 1596 4963 Finito
1613 4901 1653 4961 Te
1664 4902 1773 4972 Deum,
1784 4898 1882 4980 Lega-

1095 5015 1142 5063 tus
1163 5014 1241 5063 stans
1262 5004 1291 5063 in
1314 5004 1378 5064 loco
1406 5002 1554 5083 praedicto
1581 5000 1666 5078 juxta
1699 5001 1809 5081 Regem
1830 5000 1882 5062 de·

1095 5113 1174 5166 tecto
1196 5104 1299 5183 capite,
1321 5124 1355 5166 ex
1376 5105 1451 5165 libro
1471 5103 1542 5165 dicit
1561 5103 1683 5163 tirmiter
1700 5103 1810 5165 Manus
1827 5112 1882 5163 tuo

1095 5216 1149 5266 etc.
1173 5225 1240 5266 curn
1262 5204 1375 5265 duabus
1393 5206 1570 5266 orationibus
1590 5204 1784 5284 sequentibus:
1806 5202 1880 5265 idem

1095 5308 1196 5369 dicunt
1217 5310 1300 5388 plane
1321 5327 1419 5369 omnes
1444 5307 1573 5389 praelati.

1139 5409 1190 5469 His
1211 5409 1315 5481 dictis,
1335 5408 1465 5488 Legatus
1485 5420 1603 5489 accepta
1625 5410 1735 5481 mitra,
1757 5417 1787 5469 et
1808 5407 1885 5468 sacta

1097 5530 1164 5572 cum
1181 5530 1213 5570 ea
1232 5510 1306 5590 Regi
1321 5513 1440 5589 aliquali
1457 5513 1619 5572 reverentia
1634 5555 1643 5583 ,
1661 5522 1689 5572 et
1702 5529 1754 5590 per
1770 5509 1880 5588 Regem

1097 5612 1160 5692 peri
1183 5611 1269 5674 modo
1291 5613 1422 5685 retacta,
1445 5611 1520 5675 redit
1540 5630 1609 5674 cum
1639 5611 1774 5691 praelatis
1799 5609 1884 5670 simi·

1099 5715 1167 5776 liter
1182 5732 1252 5776 cum
1267 5714 1363 5777 minis
1383 5715 1591 5792 incedentibus,
1611 5714 1745 5776 similiter
1762 5731 1815 5794 per
1835 5728 1886 5773 eos
