<?xml version="1.0" encoding="UTF-8"?>
<!DOCTYPE html PUBLIC "-//W3C//DTD XHTML 1.0 Transitional//EN"
    "http://www.w3.org/TR/xhtml1/DTD/xhtml1-transitional.dtd">
<html xmlns="http://www.w3.org/1999/xhtml" xml:lang="en" lang="en">
 <head>
  <title>
</title>
<meta http-equiv="Content-Type" content="text/html;charset=utf-8" />
  <meta name='ocr-system' content='tesseract 3.04.00' />
  <meta name='ocr-capabilities' content='ocr_page ocr_carea ocr_par ocr_line ocrx_word'/>
</head>
<body>
  <div class='ocr_page' id='page_1' title='image "./johannisburchar01burcgoog/johannisburchar01burcgoog_0197.png"; bbox 0 0 4492 6859; ppageno 0'>
   <div class='ocr_carea' id='block_1_1' title="bbox 247 629 358 714">
    <p class='ocr_par' dir='ltr' id='par_1_1' title="bbox 247 629 358 714">
     <span class='ocr_line' id='line_1_1' title="bbox 247 629 358 714; baseline 0.018 -22"><span class='ocrx_word' id='word_1_1' title='bbox 247 629 358 714; x_wconf 78' lang='lat' dir='ltr'><strong>(iim)</strong></span> 
     </span>
    </p>
   </div>
   <div class='ocr_carea' id='block_1_2' title="bbox 246 770 1040 951">
    <p class='ocr_par' dir='ltr' id='par_1_2' title="bbox 246 770 1040 951">
     <span class='ocr_line' id='line_1_2' title="bbox 246 770 1038 851; baseline 0.004 -20"><span class='ocrx_word' id='word_1_2' title='bbox 246 772 368 833; x_wconf 87' lang='lat' dir='ltr'><strong>rictibus</strong></span> <span class='ocrx_word' id='word_1_3' title='bbox 389 780 418 831; x_wconf 90' lang='lat' dir='ltr'><strong>et</strong></span> <span class='ocrx_word' id='word_1_4' title='bbox 442 770 524 833; x_wconf 88' lang='lat' dir='ltr'><strong>lectis</strong></span> <span class='ocrx_word' id='word_1_5' title='bbox 549 783 784 851; x_wconf 73' lang='lat' dir='ltr'><strong>paramentorum</strong></span> <span class='ocrx_word' id='word_1_6' title='bbox 810 792 925 835; x_wconf 88' lang='lat' dir='ltr'><strong>omnem</strong></span> <span class='ocrx_word' id='word_1_7' title='bbox 942 793 1038 835; x_wconf 90' lang='lat' dir='ltr'><strong>orua-</strong></span> 
     </span>
     <span class='ocr_line' id='line_1_3' title="bbox 249 872 1040 951; baseline 0.005 -20"><span class='ocrx_word' id='word_1_8' title='bbox 249 884 332 945; x_wconf 81' lang='lat' dir='ltr'><strong>tum3</strong></span> <span class='ocrx_word' id='word_1_9' title='bbox 354 890 463 951; x_wconf 85' lang='lat' dir='ltr'><strong>pannos</strong></span> <span class='ocrx_word' id='word_1_10' title='bbox 483 872 518 935; x_wconf 92' lang='lat' dir='ltr'><strong>de</strong></span> <span class='ocrx_word' id='word_1_11' title='bbox 537 874 628 933; x_wconf 83' lang='lat' dir='ltr'><strong>russia</strong></span> <span class='ocrx_word' id='word_1_12' title='bbox 648 873 841 935; x_wconf 76' lang='lat' dir='ltr'><strong>familiaribus</strong></span> <span class='ocrx_word' id='word_1_13' title='bbox 860 875 922 934; x_wconf 89' lang='lat' dir='ltr'><strong>suis</strong></span> <span class='ocrx_word' id='word_1_14' title='bbox 943 876 1040 935; x_wconf 90' lang='lat' dir='ltr'><strong>omui·</strong></span> 
     </span>
    </p>
   </div>
   <div class='ocr_carea' id='block_1_3' title="bbox 248 1126 1050 5627">
    <p class='ocr_par' dir='ltr' id='par_1_3' title="bbox 248 1126 1050 5627">
     <span class='ocr_line' id='line_1_4' title="bbox 252 1126 1041 1189; baseline -0.001 -13"><span class='ocrx_word' id='word_1_15' title='bbox 252 1140 305 1189; x_wconf 90' lang='lat' dir='ltr'><strong>quo</strong></span> <span class='ocrx_word' id='word_1_16' title='bbox 322 1126 480 1188; x_wconf 88' lang='lat' dir='ltr'><strong>praecordia</strong></span> <span class='ocrx_word' id='word_1_17' title='bbox 504 1127 668 1186; x_wconf 77' lang='lat' dir='ltr'>foverentur,</span> <span class='ocrx_word' id='word_1_18' title='bbox 685 1128 771 1189; x_wconf 86' lang='lat' dir='ltr'><strong>agnita</strong></span> <span class='ocrx_word' id='word_1_19' title='bbox 788 1128 832 1177; x_wconf 93' lang='lat' dir='ltr'><strong>ille</strong></span> <span class='ocrx_word' id='word_1_20' title='bbox 854 1128 942 1176; x_wconf 88' lang='lat' dir='ltr'><strong>statim</strong></span> <span class='ocrx_word' id='word_1_21' title='bbox 961 1138 1041 1185; x_wconf 90' lang='lat' dir='ltr'><strong>voce,</strong></span> 
     </span>
     <span class='ocr_line' id='line_1_5' title="bbox 252 1204 1042 1269; baseline 0 -15"><span class='ocrx_word' id='word_1_22' title='bbox 252 1218 283 1255; x_wconf 92' lang='lat' dir='ltr'><strong>ae</strong></span> <span class='ocrx_word' id='word_1_23' title='bbox 296 1218 338 1256; x_wconf 88' lang='lat' dir='ltr'><strong>me</strong></span> <span class='ocrx_word' id='word_1_24' title='bbox 356 1206 441 1255; x_wconf 86' lang='lat' dir='ltr'><strong>hilare</strong></span> <span class='ocrx_word' id='word_1_25' title='bbox 453 1205 558 1255; x_wconf 89' lang='lat' dir='ltr'><strong>intuens</strong></span> <span class='ocrx_word' id='word_1_26' title='bbox 571 1210 609 1261; x_wconf 91' lang='lat' dir='ltr'><strong>(ut</strong></span> <span class='ocrx_word' id='word_1_27' title='bbox 620 1217 726 1269; x_wconf 90' lang='lat' dir='ltr'><strong>semper</strong></span> <span class='ocrx_word' id='word_1_28' title='bbox 738 1206 852 1265; x_wconf 90' lang='lat' dir='ltr'><strong>solitus),</strong></span> <span class='ocrx_word' id='word_1_29' title='bbox 863 1204 935 1261; x_wconf 83' lang='lat' dir='ltr'><strong>heus,</strong></span> <span class='ocrx_word' id='word_1_30' title='bbox 950 1204 1042 1266; x_wconf 90' lang='lat' dir='ltr'><strong>lnquit,</strong></span> 
     </span>
     <span class='ocr_line' id='line_1_6' title="bbox 250 1282 1041 1347; baseline -0.001 -14"><span class='ocrx_word' id='word_1_31' title='bbox 250 1286 313 1336; x_wconf 75' lang='lat' dir='ltr'><strong>loeus</strong></span> <span class='ocrx_word' id='word_1_32' title='bbox 329 1284 432 1347; x_wconf 72' lang='lat' dir='ltr'><strong>Asana,</strong></span> <span class='ocrx_word' id='word_1_33' title='bbox 449 1285 526 1334; x_wconf 90' lang='lat' dir='ltr'><strong>simul</strong></span> <span class='ocrx_word' id='word_1_34' title='bbox 539 1283 646 1333; x_wconf 88' lang='lat' dir='ltr'><strong>brachia</strong></span> <span class='ocrx_word' id='word_1_35' title='bbox 663 1286 716 1342; x_wconf 89' lang='lat' dir='ltr'><strong>jam</strong></span> <span class='ocrx_word' id='word_1_36' title='bbox 733 1286 863 1333; x_wconf 86' lang='lat' dir='ltr'><strong>exhausta</strong></span> <span class='ocrx_word' id='word_1_37' title='bbox 874 1282 978 1332; x_wconf 88' lang='lat' dir='ltr'><strong>viribus</strong></span> <span class='ocrx_word' id='word_1_38' title='bbox 995 1294 1041 1332; x_wconf 87' lang='lat' dir='ltr'><strong>ae·</strong></span> 
     </span>
     <span class='ocr_line' id='line_1_7' title="bbox 254 1361 1041 1427; baseline -0.004 -13"><span class='ocrx_word' id='word_1_39' title='bbox 254 1378 301 1427; x_wconf 89' lang='lat' dir='ltr'><strong>gre</strong></span> <span class='ocrx_word' id='word_1_40' title='bbox 315 1364 451 1424; x_wconf 87' lang='lat' dir='ltr'><strong>attollens,</strong></span> <span class='ocrx_word' id='word_1_41' title='bbox 469 1376 560 1414; x_wconf 88' lang='lat' dir='ltr'><strong>manus</strong></span> <span class='ocrx_word' id='word_1_42' title='bbox 573 1363 665 1412; x_wconf 89' lang='lat' dir='ltr'><strong>ambas</strong></span> <span class='ocrx_word' id='word_1_43' title='bbox 682 1365 830 1413; x_wconf 69' lang='lat' dir='ltr'><strong>arctissime</strong></span> <span class='ocrx_word' id='word_1_44' title='bbox 842 1361 991 1425; x_wconf 87' lang='lat' dir='ltr'><strong>prehendit.</strong></span> <span class='ocrx_word' id='word_1_45' title='bbox 1001 1362 1041 1412; x_wconf 77' lang='lat' dir='ltr'><strong>tie</strong></span> 
     </span>
     <span class='ocr_line' id='line_1_8' title="bbox 254 1443 1041 1507; baseline -0.003 -16"><span class='ocrx_word' id='word_1_46' title='bbox 254 1456 320 1494; x_wconf 93' lang='lat' dir='ltr'><strong>vero</strong></span> <span class='ocrx_word' id='word_1_47' title='bbox 345 1444 475 1506; x_wconf 88' lang='lat' dir='ltr'><strong>singultus</strong></span> <span class='ocrx_word' id='word_1_48' title='bbox 500 1443 706 1507; x_wconf 84' lang='lat' dir='ltr'><strong>lachrymaeque</strong></span> <span class='ocrx_word' id='word_1_49' title='bbox 733 1455 791 1492; x_wconf 91' lang='lat' dir='ltr'><strong>cum</strong></span> <span class='ocrx_word' id='word_1_50' title='bbox 819 1444 1041 1506; x_wconf 77' lang='lat' dir='ltr'><strong>occupavissent,</strong></span> 
     </span>
     <span class='ocr_line' id='line_1_9' title="bbox 250 1518 1041 1588; baseline -0.01 -12"><span class='ocrx_word' id='word_1_51' title='bbox 250 1538 317 1588; x_wconf 85' lang='lat' dir='ltr'><strong>ques</strong></span> <span class='ocrx_word' id='word_1_52' title='bbox 334 1524 423 1574; x_wconf 87' lang='lat' dir='ltr'><strong>celare</strong></span> <span class='ocrx_word' id='word_1_53' title='bbox 440 1527 528 1572; x_wconf 90' lang='lat' dir='ltr'><strong>tamen</strong></span> <span class='ocrx_word' id='word_1_54' title='bbox 555 1521 655 1584; x_wconf 88' lang='lat' dir='ltr'><strong>rejecta</strong></span> <span class='ocrx_word' id='word_1_55' title='bbox 672 1523 778 1571; x_wconf 90' lang='lat' dir='ltr'><strong>cervice</strong></span> <span class='ocrx_word' id='word_1_56' title='bbox 795 1522 932 1579; x_wconf 88' lang='lat' dir='ltr'><strong>conabar,</strong></span> <span class='ocrx_word' id='word_1_57' title='bbox 959 1518 1041 1569; x_wconf 81' lang='lat' dir='ltr'><strong>nihilo</strong></span> 
     </span>
     <span class='ocr_line' id='line_1_10' title="bbox 251 1598 1038 1663; baseline -0.008 -9"><span class='ocrx_word' id='word_1_58' title='bbox 251 1607 296 1654; x_wconf 92' lang='lat' dir='ltr'><strong>ille</strong></span> <span class='ocrx_word' id='word_1_59' title='bbox 313 1604 480 1661; x_wconf 88' lang='lat' dir='ltr'><strong>commotior,</strong></span> <span class='ocrx_word' id='word_1_60' title='bbox 490 1602 569 1651; x_wconf 88' lang='lat' dir='ltr'><strong>etiam</strong></span> <span class='ocrx_word' id='word_1_61' title='bbox 582 1607 661 1663; x_wconf 87' lang='lat' dir='ltr'><strong>atque</strong></span> <span class='ocrx_word' id='word_1_62' title='bbox 680 1603 759 1652; x_wconf 88' lang='lat' dir='ltr'><strong>etiam</strong></span> <span class='ocrx_word' id='word_1_63' title='bbox 772 1613 866 1650; x_wconf 90' lang='lat' dir='ltr'><strong>manus</strong></span> <span class='ocrx_word' id='word_1_64' title='bbox 880 1598 1038 1649; x_wconf 85' lang='lat' dir='ltr'><strong>retentabat.</strong></span> 
     </span>
     <span class='ocr_line' id='line_1_11' title="bbox 252 1679 1042 1744; baseline -0.009 -10"><span class='ocrx_word' id='word_1_65' title='bbox 252 1682 300 1734; x_wconf 86' lang='lat' dir='ltr'><strong>libi</strong></span> <span class='ocrx_word' id='word_1_66' title='bbox 319 1685 406 1733; x_wconf 85' lang='lat' dir='ltr'><strong>autem</strong></span> <span class='ocrx_word' id='word_1_67' title='bbox 423 1681 557 1744; x_wconf 76' lang='lat' dir='ltr'><strong>persensit</strong></span> <span class='ocrx_word' id='word_1_68' title='bbox 568 1681 630 1729; x_wconf 92' lang='lat' dir='ltr'><strong>lletu</strong></span> <span class='ocrx_word' id='word_1_69' title='bbox 643 1680 728 1729; x_wconf 91' lang='lat' dir='ltr'><strong>adhuc</strong></span> <span class='ocrx_word' id='word_1_70' title='bbox 744 1679 896 1743; x_wconf 87' lang='lat' dir='ltr'><strong>praepediri</strong></span> <span class='ocrx_word' id='word_1_71' title='bbox 913 1689 973 1736; x_wconf 88' lang='lat' dir='ltr'><strong>me,</strong></span> <span class='ocrx_word' id='word_1_72' title='bbox 990 1689 1042 1740; x_wconf 92' lang='lat' dir='ltr'><strong>quo</strong></span> 
     </span>
     <span class='ocr_line' id='line_1_12' title="bbox 252 1759 1043 1823; baseline -0.008 -10"><span class='ocrx_word' id='word_1_73' title='bbox 252 1762 341 1813; x_wconf 90' lang='lat' dir='ltr'><strong>minus</strong></span> <span class='ocrx_word' id='word_1_74' title='bbox 359 1761 384 1813; x_wconf 90' lang='lat' dir='ltr'><strong>ei</strong></span> <span class='ocrx_word' id='word_1_75' title='bbox 401 1772 509 1823; x_wconf 90' lang='lat' dir='ltr'><strong>operam</strong></span> <span class='ocrx_word' id='word_1_76' title='bbox 534 1760 644 1817; x_wconf 87' lang='lat' dir='ltr'><strong>darem,</strong></span> <span class='ocrx_word' id='word_1_77' title='bbox 669 1762 752 1809; x_wconf 88' lang='lat' dir='ltr'><strong>sensit</strong></span> <span class='ocrx_word' id='word_1_78' title='bbox 777 1759 878 1808; x_wconf 88' lang='lat' dir='ltr'><strong>scilicet</strong></span> <span class='ocrx_word' id='word_1_79' title='bbox 898 1772 960 1818; x_wconf 88' lang='lat' dir='ltr'><strong>ees,</strong></span> <span class='ocrx_word' id='word_1_80' title='bbox 976 1770 1043 1820; x_wconf 84' lang='lat' dir='ltr'><strong>qur·</strong></span> 
     </span>
     <span class='ocr_line' id='line_1_13' title="bbox 251 1840 1040 1905; baseline -0.009 -13"><span class='ocrx_word' id='word_1_81' title='bbox 251 1844 326 1905; x_wconf 86' lang='lat' dir='ltr'><strong>sique</strong></span> <span class='ocrx_word' id='word_1_82' title='bbox 343 1841 544 1891; x_wconf 79' lang='lat' dir='ltr'><strong>dissimulanter</strong></span> <span class='ocrx_word' id='word_1_83' title='bbox 560 1841 658 1889; x_wconf 90' lang='lat' dir='ltr'><strong>omisit.</strong></span> <span class='ocrx_word' id='word_1_84' title='bbox 682 1840 735 1902; x_wconf 84' lang='lat' dir='ltr'><strong>Ego</strong></span> <span class='ocrx_word' id='word_1_85' title='bbox 753 1852 795 1889; x_wconf 85' lang='lat' dir='ltr'><strong>rna</strong></span> <span class='ocrx_word' id='word_1_86' title='bbox 813 1843 900 1890; x_wconf 89' lang='lat' dir='ltr'><strong>antem</strong></span> <span class='ocrx_word' id='word_1_87' title='bbox 918 1840 1040 1900; x_wconf 89' lang='lat' dir='ltr'><strong>contigno</strong></span> 
     </span>
     <span class='ocr_line' id='line_1_14' title="bbox 251 1916 1040 1984; baseline -0.005 -14"><span class='ocrx_word' id='word_1_88' title='bbox 251 1923 277 1971; x_wconf 92' lang='lat' dir='ltr'><strong>in</strong></span> <span class='ocrx_word' id='word_1_89' title='bbox 295 1920 432 1984; x_wconf 89' lang='lat' dir='ltr'><strong>penetrale</strong></span> <span class='ocrx_word' id='word_1_90' title='bbox 444 1920 550 1969; x_wconf 89' lang='lat' dir='ltr'><strong>thalami</strong></span> <span class='ocrx_word' id='word_1_91' title='bbox 567 1919 681 1977; x_wconf 75' lang='lat' dir='ltr'><strong>conjicio</strong></span> <span class='ocrx_word' id='word_1_92' title='bbox 693 1920 815 1977; x_wconf 90' lang='lat' dir='ltr'><strong>tientem,</strong></span> <span class='ocrx_word' id='word_1_93' title='bbox 832 1923 911 1981; x_wconf 90' lang='lat' dir='ltr'><strong>atque</strong></span> <span class='ocrx_word' id='word_1_94' title='bbox 923 1916 1040 1966; x_wconf 83' lang='lat' dir='ltr'><strong>habenas</strong></span> 
     </span>
     <span class='ocr_line' id='line_1_15' title="bbox 251 1994 1041 2063; baseline -0.004 -13"><span class='ocrx_word' id='word_1_95' title='bbox 251 2005 292 2063; x_wconf 86' lang='lat' dir='ltr'><strong>(nt</strong></span> <span class='ocrx_word' id='word_1_96' title='bbox 308 2002 345 2049; x_wconf 88' lang='lat' dir='ltr'><strong>ita</strong></span> <span class='ocrx_word' id='word_1_97' title='bbox 361 1999 461 2057; x_wconf 91' lang='lat' dir='ltr'><strong>dicam)</strong></span> <span class='ocrx_word' id='word_1_98' title='bbox 476 1994 561 2047; x_wconf 92' lang='lat' dir='ltr'><strong>dolori</strong></span> <span class='ocrx_word' id='word_1_99' title='bbox 578 2002 605 2047; x_wconf 92' lang='lat' dir='ltr'><strong>et</strong></span> <span class='ocrx_word' id='word_1_100' title='bbox 621 1999 766 2062; x_wconf 79' lang='lat' dir='ltr'><strong>lachrymis</strong></span> <span class='ocrx_word' id='word_1_101' title='bbox 784 2000 852 2048; x_wconf 86' lang='lat' dir='ltr'><strong>laxo.</strong></span> <span class='ocrx_word' id='word_1_102' title='bbox 876 2000 936 2048; x_wconf 81' lang='lat' dir='ltr'><strong>idox</strong></span> <span class='ocrx_word' id='word_1_103' title='bbox 953 2003 1041 2047; x_wconf 91' lang='lat' dir='ltr'><strong>tamen</strong></span> 
     </span>
     <span class='ocr_line' id='line_1_16' title="bbox 255 2078 1040 2141; baseline -0.004 -11"><span class='ocrx_word' id='word_1_104' title='bbox 255 2085 379 2131; x_wconf 90' lang='lat' dir='ltr'><strong>revertor</strong></span> <span class='ocrx_word' id='word_1_105' title='bbox 404 2079 514 2137; x_wconf 90' lang='lat' dir='ltr'><strong>eodem,</strong></span> <span class='ocrx_word' id='word_1_106' title='bbox 539 2079 645 2128; x_wconf 81' lang='lat' dir='ltr'><strong>siccatis</strong></span> <span class='ocrx_word' id='word_1_107' title='bbox 669 2082 796 2141; x_wconf 86' lang='lat' dir='ltr'><strong>quantum</strong></span> <span class='ocrx_word' id='word_1_108' title='bbox 825 2079 921 2127; x_wconf 82' lang='lat' dir='ltr'><strong>licebat</strong></span> <span class='ocrx_word' id='word_1_109' title='bbox 945 2078 1040 2127; x_wconf 89' lang='lat' dir='ltr'><strong>oculis.</strong></span> 
     </span>
     <span class='ocr_line' id='line_1_17' title="bbox 254 2157 1041 2217; baseline -0.001 -9"><span class='ocrx_word' id='word_1_110' title='bbox 254 2160 300 2209; x_wconf 89' lang='lat' dir='ltr'><strong>lile</strong></span> <span class='ocrx_word' id='word_1_111' title='bbox 319 2159 362 2209; x_wconf 93' lang='lat' dir='ltr'><strong>ubi</strong></span> <span class='ocrx_word' id='word_1_112' title='bbox 388 2169 429 2208; x_wconf 90' lang='lat' dir='ltr'><strong>me</strong></span> <span class='ocrx_word' id='word_1_113' title='bbox 445 2157 532 2217; x_wconf 88' lang='lat' dir='ltr'><strong>vidit,</strong></span> <span class='ocrx_word' id='word_1_114' title='bbox 549 2159 616 2207; x_wconf 88' lang='lat' dir='ltr'><strong>vidit</strong></span> <span class='ocrx_word' id='word_1_115' title='bbox 639 2163 725 2207; x_wconf 87' lang='lat' dir='ltr'><strong>autem</strong></span> <span class='ocrx_word' id='word_1_116' title='bbox 744 2159 852 2215; x_wconf 82' lang='lat' dir='ltr'><strong>statim,</strong></span> <span class='ocrx_word' id='word_1_117' title='bbox 868 2162 946 2207; x_wconf 87' lang='lat' dir='ltr'><strong>vocat</strong></span> <span class='ocrx_word' id='word_1_118' title='bbox 964 2157 996 2206; x_wconf 89' lang='lat' dir='ltr'><strong>ad</strong></span> <span class='ocrx_word' id='word_1_119' title='bbox 1013 2168 1041 2207; x_wconf 88' lang='lat' dir='ltr'><strong>se</strong></span> 
     </span>
     <span class='ocr_line' id='line_1_18' title="bbox 255 2236 1042 2301; baseline -0.008 -11"><span class='ocrx_word' id='word_1_120' title='bbox 255 2252 380 2296; x_wconf 87' lang='lat' dir='ltr'><strong>rursum,</strong></span> <span class='ocrx_word' id='word_1_121' title='bbox 405 2239 561 2301; x_wconf 79' lang='lat' dir='ltr'><strong>quaeritque</strong></span> <span class='ocrx_word' id='word_1_122' title='bbox 581 2238 745 2299; x_wconf 84' lang='lat' dir='ltr'><strong>perblanda.</strong></span> <span class='ocrx_word' id='word_1_123' title='bbox 768 2236 830 2299; x_wconf 86' lang='lat' dir='ltr'><strong>quid</strong></span> <span class='ocrx_word' id='word_1_124' title='bbox 845 2237 920 2286; x_wconf 85' lang='lat' dir='ltr'><strong>Piens</strong></span> <span class='ocrx_word' id='word_1_125' title='bbox 944 2237 1042 2286; x_wconf 85' lang='lat' dir='ltr'><strong>bliran·</strong></span> 
     </span>
     <span class='ocr_line' id='line_1_19' title="bbox 250 2314 1042 2380; baseline -0.01 -9"><span class='ocrx_word' id='word_1_126' title='bbox 250 2320 312 2370; x_wconf 90' lang='lat' dir='ltr'><strong>dala</strong></span> <span class='ocrx_word' id='word_1_127' title='bbox 330 2332 394 2370; x_wconf 88' lang='lat' dir='ltr'><strong>snus</strong></span> <span class='ocrx_word' id='word_1_128' title='bbox 411 2321 510 2380; x_wconf 87' lang='lat' dir='ltr'><strong>ageret.</strong></span> <span class='ocrx_word' id='word_1_129' title='bbox 529 2317 702 2379; x_wconf 76' lang='lat' dir='ltr'><strong>despondeo,</strong></span> <span class='ocrx_word' id='word_1_130' title='bbox 720 2329 827 2365; x_wconf 90' lang='lat' dir='ltr'><strong>manere</strong></span> <span class='ocrx_word' id='word_1_131' title='bbox 848 2330 907 2364; x_wconf 88' lang='lat' dir='ltr'><strong>aum</strong></span> <span class='ocrx_word' id='word_1_132' title='bbox 920 2317 945 2363; x_wconf 92' lang='lat' dir='ltr'><strong>in</strong></span> <span class='ocrx_word' id='word_1_133' title='bbox 963 2314 1042 2372; x_wconf 89' lang='lat' dir='ltr'><strong>urbe,</strong></span> 
     </span>
     <span class='ocr_line' id='line_1_20' title="bbox 248 2396 1042 2464; baseline -0.011 -12"><span class='ocrx_word' id='word_1_134' title='bbox 248 2401 321 2464; x_wconf 91' lang='lat' dir='ltr'><strong>quod</strong></span> <span class='ocrx_word' id='word_1_135' title='bbox 338 2404 477 2455; x_wconf 84' lang='lat' dir='ltr'><strong>vereatur,</strong></span> <span class='ocrx_word' id='word_1_136' title='bbox 501 2411 542 2456; x_wconf 91' lang='lat' dir='ltr'><strong>ne,</strong></span> <span class='ocrx_word' id='word_1_137' title='bbox 560 2399 614 2457; x_wconf 88' lang='lat' dir='ltr'><strong>illo,</strong></span> <span class='ocrx_word' id='word_1_138' title='bbox 625 2402 645 2447; x_wconf 88' lang='lat' dir='ltr'><strong>si</strong></span> <span class='ocrx_word' id='word_1_139' title='bbox 664 2400 770 2454; x_wconf 87' lang='lat' dir='ltr'><strong>veniat,</strong></span> <span class='ocrx_word' id='word_1_140' title='bbox 786 2398 924 2446; x_wconf 88' lang='lat' dir='ltr'><strong>molestior</strong></span> <span class='ocrx_word' id='word_1_141' title='bbox 941 2398 983 2444; x_wconf 90' lang='lat' dir='ltr'><strong>sit.</strong></span> <span class='ocrx_word' id='word_1_142' title='bbox 1008 2396 1042 2443; x_wconf 81' lang='lat' dir='ltr'><strong>at</strong></span> 
     </span>
     <span class='ocr_line' id='line_1_21' title="bbox 252 2476 1042 2544; baseline -0.008 -13"><span class='ocrx_word' id='word_1_143' title='bbox 252 2493 313 2544; x_wconf 84' lang='lat' dir='ltr'><strong>ego,</strong></span> <span class='ocrx_word' id='word_1_144' title='bbox 331 2482 434 2544; x_wconf 91' lang='lat' dir='ltr'><strong>inquit,</strong></span> <span class='ocrx_word' id='word_1_145' title='bbox 453 2479 581 2536; x_wconf 89' lang='lat' dir='ltr'><strong>vicissim,</strong></span> <span class='ocrx_word' id='word_1_146' title='bbox 598 2481 623 2526; x_wconf 92' lang='lat' dir='ltr'><strong>ni</strong></span> <span class='ocrx_word' id='word_1_147' title='bbox 641 2491 736 2528; x_wconf 89' lang='lat' dir='ltr'><strong>verear</strong></span> <span class='ocrx_word' id='word_1_148' title='bbox 753 2490 785 2528; x_wconf 90' lang='lat' dir='ltr'><strong>ne</strong></span> <span class='ocrx_word' id='word_1_149' title='bbox 811 2478 949 2527; x_wconf 87' lang='lat' dir='ltr'><strong>molestum</strong></span> <span class='ocrx_word' id='word_1_150' title='bbox 968 2476 1042 2525; x_wconf 89' lang='lat' dir='ltr'><strong>silei</strong></span> 
     </span>
     <span class='ocr_line' id='line_1_22' title="bbox 251 2558 1045 2621; baseline -0.01 -11"><span class='ocrx_word' id='word_1_151' title='bbox 251 2561 301 2610; x_wconf 89' lang='lat' dir='ltr'><strong>hoc</strong></span> <span class='ocrx_word' id='word_1_152' title='bbox 319 2561 384 2618; x_wconf 90' lang='lat' dir='ltr'><strong>iter,</strong></span> <span class='ocrx_word' id='word_1_153' title='bbox 402 2560 493 2608; x_wconf 86' lang='lat' dir='ltr'><strong>videre</strong></span> <span class='ocrx_word' id='word_1_154' title='bbox 514 2561 593 2621; x_wconf 87' lang='lat' dir='ltr'><strong>atque</strong></span> <span class='ocrx_word' id='word_1_155' title='bbox 611 2558 707 2621; x_wconf 86' lang='lat' dir='ltr'><strong>alloqui</strong></span> <span class='ocrx_word' id='word_1_156' title='bbox 734 2562 883 2607; x_wconf 89' lang='lat' dir='ltr'><strong>extremum</strong></span> <span class='ocrx_word' id='word_1_157' title='bbox 901 2558 1045 2617; x_wconf 83' lang='lat' dir='ltr'><strong>exoptem,</strong></span> 
     </span>
     <span class='ocr_line' id='line_1_23' title="bbox 250 2636 1043 2703; baseline -0.011 -13"><span class='ocrx_word' id='word_1_158' title='bbox 250 2641 406 2703; x_wconf 87' lang='lat' dir='ltr'><strong>priusquam</strong></span> <span class='ocrx_word' id='word_1_159' title='bbox 424 2638 528 2699; x_wconf 84' lang='lat' dir='ltr'><strong>planet</strong></span> <span class='ocrx_word' id='word_1_160' title='bbox 546 2636 623 2686; x_wconf 81' lang='lat' dir='ltr'><strong>vohis</strong></span> <span class='ocrx_word' id='word_1_161' title='bbox 641 2636 750 2697; x_wconf 88' lang='lat' dir='ltr'><strong>emigro.</strong></span> <span class='ocrx_word' id='word_1_162' title='bbox 768 2636 852 2685; x_wconf 84' lang='lat' dir='ltr'><strong>Vin&#39;tn</strong></span> <span class='ocrx_word' id='word_1_163' title='bbox 864 2637 980 2698; x_wconf 87' lang='lat' dir='ltr'><strong>inquam,</strong></span> <span class='ocrx_word' id='word_1_164' title='bbox 997 2647 1043 2682; x_wconf 90' lang='lat' dir='ltr'><strong>ac-</strong></span> 
     </span>
     <span class='ocr_line' id='line_1_24' title="bbox 249 2716 1043 2780; baseline -0.009 -11"><span class='ocrx_word' id='word_1_165' title='bbox 249 2721 388 2772; x_wconf 73' lang='lat' dir='ltr'><strong>cersatur?</strong></span> <span class='ocrx_word' id='word_1_166' title='bbox 404 2718 456 2780; x_wconf 83' lang='lat' dir='ltr'><strong>Ego</strong></span> <span class='ocrx_word' id='word_1_167' title='bbox 469 2731 548 2776; x_wconf 88' lang='lat' dir='ltr'><strong>vero,</strong></span> <span class='ocrx_word' id='word_1_168' title='bbox 568 2718 603 2765; x_wconf 87' lang='lat' dir='ltr'><strong>ait</strong></span> <span class='ocrx_word' id='word_1_169' title='bbox 616 2718 673 2773; x_wconf 88' lang='lat' dir='ltr'><strong>ille,</strong></span> <span class='ocrx_word' id='word_1_170' title='bbox 690 2719 893 2779; x_wconf 87' lang='lat' dir='ltr'><strong>quamprimum.</strong></span> <span class='ocrx_word' id='word_1_171' title='bbox 909 2716 961 2764; x_wconf 86' lang='lat' dir='ltr'><strong>lsta</strong></span> <span class='ocrx_word' id='word_1_172' title='bbox 980 2728 1043 2763; x_wconf 84' lang='lat' dir='ltr'><strong>saue</strong></span> 
     </span>
     <span class='ocr_line' id='line_1_25' title="bbox 252 2796 1045 2859; baseline -0.01 -10"><span class='ocrx_word' id='word_1_173' title='bbox 252 2801 338 2857; x_wconf 89' lang='lat' dir='ltr'><strong>iaoio,</strong></span> <span class='ocrx_word' id='word_1_174' title='bbox 355 2800 465 2848; x_wconf 87' lang='lat' dir='ltr'><strong>venerat</strong></span> <span class='ocrx_word' id='word_1_175' title='bbox 488 2797 559 2857; x_wconf 80' lang='lat' dir='ltr'><strong>lam,</strong></span> <span class='ocrx_word' id='word_1_176' title='bbox 579 2796 734 2854; x_wconf 88' lang='lat' dir='ltr'><strong>assederat,</strong></span> <span class='ocrx_word' id='word_1_177' title='bbox 752 2801 830 2859; x_wconf 83' lang='lat' dir='ltr'><strong>atque</strong></span> <span class='ocrx_word' id='word_1_178' title='bbox 856 2809 904 2857; x_wconf 88' lang='lat' dir='ltr'><strong>ego</strong></span> <span class='ocrx_word' id='word_1_179' title='bbox 921 2806 1045 2859; x_wconf 88' lang='lat' dir='ltr'><strong>qnoque,</strong></span> 
     </span>
     <span class='ocr_line' id='line_1_26' title="bbox 248 2876 1041 2941; baseline -0.008 -12"><span class='ocrx_word' id='word_1_180' title='bbox 248 2882 326 2941; x_wconf 82' lang='lat' dir='ltr'><strong>iuxta</strong></span> <span class='ocrx_word' id='word_1_181' title='bbox 344 2876 454 2941; x_wconf 78' lang='lat' dir='ltr'><strong>genibus</strong></span> <span class='ocrx_word' id='word_1_182' title='bbox 467 2876 655 2933; x_wconf 86' lang='lat' dir='ltr'><strong>incubueram,</strong></span> <span class='ocrx_word' id='word_1_183' title='bbox 673 2889 725 2938; x_wconf 89' lang='lat' dir='ltr'><strong>quo</strong></span> <span class='ocrx_word' id='word_1_184' title='bbox 739 2878 888 2938; x_wconf 89' lang='lat' dir='ltr'><strong>loquentem</strong></span> <span class='ocrx_word' id='word_1_185' title='bbox 901 2880 1041 2937; x_wconf 89' lang='lat' dir='ltr'><strong>patronum</strong></span> 
     </span>
     <span class='ocr_line' id='line_1_27' title="bbox 251 2954 1040 3018; baseline -0.01 -10"><span class='ocrx_word' id='word_1_186' title='bbox 251 2959 368 3014; x_wconf 74' lang='lat' dir='ltr'><strong>lucilius,</strong></span> <span class='ocrx_word' id='word_1_187' title='bbox 397 2959 489 3018; x_wconf 91' lang='lat' dir='ltr'><strong>utpote</strong></span> <span class='ocrx_word' id='word_1_188' title='bbox 517 2955 619 3005; x_wconf 88' lang='lat' dir='ltr'><strong>detecta</strong></span> <span class='ocrx_word' id='word_1_189' title='bbox 648 2956 702 3017; x_wconf 84' lang='lat' dir='ltr'><strong>jam</strong></span> <span class='ocrx_word' id='word_1_190' title='bbox 737 2956 848 3012; x_wconf 88' lang='lat' dir='ltr'><strong>vocula,</strong></span> <span class='ocrx_word' id='word_1_191' title='bbox 875 2954 1040 3004; x_wconf 88' lang='lat' dir='ltr'><strong>exaudirem.</strong></span> 
     </span>
     <span class='ocr_line' id='line_1_28' title="bbox 254 3034 1044 3099; baseline -0.008 -12"><span class='ocrx_word' id='word_1_192' title='bbox 254 3039 323 3088; x_wconf 86' lang='lat' dir='ltr'><strong>Bone</strong></span> <span class='ocrx_word' id='word_1_193' title='bbox 340 3038 427 3094; x_wconf 87' lang='lat' dir='ltr'><strong>Deus,</strong></span> <span class='ocrx_word' id='word_1_194' title='bbox 450 3049 502 3099; x_wconf 93' lang='lat' dir='ltr'><strong>qua</strong></span> <span class='ocrx_word' id='word_1_195' title='bbox 519 3036 563 3084; x_wconf 89' lang='lat' dir='ltr'><strong>ille</strong></span> <span class='ocrx_word' id='word_1_196' title='bbox 581 3036 649 3084; x_wconf 88' lang='lat' dir='ltr'><strong>linnc</strong></span> <span class='ocrx_word' id='word_1_197' title='bbox 677 3037 807 3084; x_wconf 89' lang='lat' dir='ltr'><strong>hominem</strong></span> <span class='ocrx_word' id='word_1_198' title='bbox 826 3034 969 3090; x_wconf 85' lang='lat' dir='ltr'><strong>comitate,</strong></span> <span class='ocrx_word' id='word_1_199' title='bbox 993 3046 1044 3095; x_wconf 91' lang='lat' dir='ltr'><strong>qna</strong></span> 
     </span>
     <span class='ocr_line' id='line_1_29' title="bbox 255 3110 1045 3177; baseline -0.008 -9"><span class='ocrx_word' id='word_1_200' title='bbox 255 3119 434 3175; x_wconf 83' lang='lat' dir='ltr'><strong>humanitate,</strong></span> <span class='ocrx_word' id='word_1_201' title='bbox 451 3114 547 3177; x_wconf 90' lang='lat' dir='ltr'><strong>quihus</strong></span> <span class='ocrx_word' id='word_1_202' title='bbox 574 3118 653 3164; x_wconf 91' lang='lat' dir='ltr'><strong>etiam</strong></span> <span class='ocrx_word' id='word_1_203' title='bbox 671 3115 747 3176; x_wconf 89' lang='lat' dir='ltr'><strong>quasi</strong></span> <span class='ocrx_word' id='word_1_204' title='bbox 765 3114 899 3163; x_wconf 85' lang='lat' dir='ltr'><strong>blanditiis</strong></span> <span class='ocrx_word' id='word_1_205' title='bbox 925 3110 1045 3173; x_wconf 80' lang='lat' dir='ltr'><strong>excepit?</strong></span> 
     </span>
     <span class='ocr_line' id='line_1_30' title="bbox 253 3190 1044 3261; baseline -0.014 -12"><span class='ocrx_word' id='word_1_206' title='bbox 253 3200 363 3261; x_wconf 82' lang='lat' dir='ltr'><strong>Rogavit</strong></span> <span class='ocrx_word' id='word_1_207' title='bbox 380 3197 484 3259; x_wconf 89' lang='lat' dir='ltr'><strong>primo,</strong></span> <span class='ocrx_word' id='word_1_208' title='bbox 512 3195 660 3257; x_wconf 80' lang='lat' dir='ltr'><strong>ignosceret</strong></span> <span class='ocrx_word' id='word_1_209' title='bbox 685 3195 755 3257; x_wconf 91' lang='lat' dir='ltr'><strong>quod</strong></span> <span class='ocrx_word' id='word_1_210' title='bbox 781 3193 805 3242; x_wconf 92' lang='lat' dir='ltr'><strong>ei</strong></span> <span class='ocrx_word' id='word_1_211' title='bbox 831 3194 949 3242; x_wconf 88' lang='lat' dir='ltr'><strong>laborem</strong></span> <span class='ocrx_word' id='word_1_212' title='bbox 975 3190 1044 3239; x_wconf 92' lang='lat' dir='ltr'><strong>hune</strong></span> 
     </span>
     <span class='ocr_line' id='line_1_31' title="bbox 255 3271 1045 3338; baseline -0.009 -13"><span class='ocrx_word' id='word_1_213' title='bbox 255 3276 433 3338; x_wconf 71' lang='lat' dir='ltr'><strong>injunxisset,</strong></span> <span class='ocrx_word' id='word_1_214' title='bbox 459 3274 542 3323; x_wconf 90' lang='lat' dir='ltr'><strong>amori</strong></span> <span class='ocrx_word' id='word_1_215' title='bbox 561 3276 610 3324; x_wconf 87' lang='lat' dir='ltr'><strong>hoe</strong></span> <span class='ocrx_word' id='word_1_216' title='bbox 633 3276 721 3322; x_wconf 89' lang='lat' dir='ltr'><strong>lamen</strong></span> <span class='ocrx_word' id='word_1_217' title='bbox 748 3278 775 3322; x_wconf 91' lang='lat' dir='ltr'><strong>et</strong></span> <span class='ocrx_word' id='word_1_218' title='bbox 799 3271 1000 3322; x_wconf 88' lang='lat' dir='ltr'><strong>benevolentiae</strong></span> <span class='ocrx_word' id='word_1_219' title='bbox 1019 3271 1045 3319; x_wconf 92' lang='lat' dir='ltr'><strong>tn</strong></span> 
     </span>
     <span class='ocr_line' id='line_1_32' title="bbox 256 3348 1046 3413; baseline -0.011 -7"><span class='ocrx_word' id='word_1_220' title='bbox 256 3358 328 3406; x_wconf 90' lang='lat' dir='ltr'><strong>illum</strong></span> <span class='ocrx_word' id='word_1_221' title='bbox 346 3366 410 3405; x_wconf 90' lang='lat' dir='ltr'><strong>suae</strong></span> <span class='ocrx_word' id='word_1_222' title='bbox 429 3353 608 3413; x_wconf 85' lang='lat' dir='ltr'><strong>adscriberet,</strong></span> <span class='ocrx_word' id='word_1_223' title='bbox 625 3351 750 3401; x_wconf 87' lang='lat' dir='ltr'><strong>libentius</strong></span> <span class='ocrx_word' id='word_1_224' title='bbox 771 3364 831 3401; x_wconf 89' lang='lat' dir='ltr'><strong>seso</strong></span> <span class='ocrx_word' id='word_1_225' title='bbox 857 3351 969 3401; x_wconf 89' lang='lat' dir='ltr'><strong>animam</strong></span> <span class='ocrx_word' id='word_1_226' title='bbox 988 3348 1046 3399; x_wconf 91' lang='lat' dir='ltr'><strong>adi·</strong></span> 
     </span>
     <span class='ocr_line' id='line_1_33' title="bbox 257 3428 1047 3496; baseline -0.008 -12"><span class='ocrx_word' id='word_1_227' title='bbox 257 3440 360 3493; x_wconf 90' lang='lat' dir='ltr'><strong>turum,</strong></span> <span class='ocrx_word' id='word_1_228' title='bbox 378 3436 399 3483; x_wconf 90' lang='lat' dir='ltr'><strong>si</strong></span> <span class='ocrx_word' id='word_1_229' title='bbox 416 3434 491 3496; x_wconf 89' lang='lat' dir='ltr'><strong>prius</strong></span> <span class='ocrx_word' id='word_1_230' title='bbox 503 3432 656 3482; x_wconf 88' lang='lat' dir='ltr'><strong>amicissimi</strong></span> <span class='ocrx_word' id='word_1_231' title='bbox 674 3432 786 3482; x_wconf 88' lang='lat' dir='ltr'><strong>hominis</strong></span> <span class='ocrx_word' id='word_1_232' title='bbox 803 3434 913 3493; x_wconf 88' lang='lat' dir='ltr'><strong>aspectu</strong></span> <span class='ocrx_word' id='word_1_233' title='bbox 932 3428 1047 3479; x_wconf 86' lang='lat' dir='ltr'><strong>morian·</strong></span> 
     </span>
     <span class='ocr_line' id='line_1_34' title="bbox 255 3502 1046 3571; baseline -0.008 -8"><span class='ocrx_word' id='word_1_234' title='bbox 255 3518 295 3563; x_wconf 90' lang='lat' dir='ltr'><strong>tes</strong></span> <span class='ocrx_word' id='word_1_235' title='bbox 316 3513 407 3562; x_wconf 90' lang='lat' dir='ltr'><strong>oculos</strong></span> <span class='ocrx_word' id='word_1_236' title='bbox 425 3502 557 3560; x_wconf 85' lang='lat' dir='ltr'><strong>s&#39;atiasset.</strong></span> <span class='ocrx_word' id='word_1_237' title='bbox 574 3510 639 3559; x_wconf 88' lang='lat' dir='ltr'><strong>Tum</strong></span> <span class='ocrx_word' id='word_1_238' title='bbox 657 3523 793 3560; x_wconf 89' lang='lat' dir='ltr'><strong>sermones</strong></span> <span class='ocrx_word' id='word_1_239' title='bbox 811 3508 901 3571; x_wconf 85' lang='lat' dir='ltr'><strong>injecit</strong></span> <span class='ocrx_word' id='word_1_240' title='bbox 919 3507 1046 3569; x_wconf 89' lang='lat' dir='ltr'><strong>urbanos,</strong></span> 
     </span>
     <span class='ocr_line' id='line_1_35' title="bbox 260 3589 1047 3650; baseline -0.005 -9"><span class='ocrx_word' id='word_1_241' title='bbox 260 3597 288 3642; x_wconf 93' lang='lat' dir='ltr'><strong>ut</strong></span> <span class='ocrx_word' id='word_1_242' title='bbox 305 3590 427 3649; x_wconf 81' lang='lat' dir='ltr'><strong>solebat,</strong></span> <span class='ocrx_word' id='word_1_243' title='bbox 444 3593 471 3639; x_wconf 93' lang='lat' dir='ltr'><strong>et</strong></span> <span class='ocrx_word' id='word_1_244' title='bbox 488 3589 638 3639; x_wconf 74' lang='lat' dir='ltr'><strong>familiares.</strong></span> <span class='ocrx_word' id='word_1_245' title='bbox 655 3589 713 3640; x_wconf 84' lang='lat' dir='ltr'><strong>Non</strong></span> <span class='ocrx_word' id='word_1_246' title='bbox 730 3590 791 3638; x_wconf 87' lang='lat' dir='ltr'><strong>nihil</strong></span> <span class='ocrx_word' id='word_1_247' title='bbox 810 3590 963 3638; x_wconf 90' lang='lat' dir='ltr'><strong>etiamtunc</strong></span> <span class='ocrx_word' id='word_1_248' title='bbox 979 3599 1047 3650; x_wconf 91' lang='lat' dir='ltr'><strong>quo·</strong></span> 
     </span>
     <span class='ocr_line' id='line_1_36' title="bbox 261 3667 1044 3735; baseline -0.009 -13"><span class='ocrx_word' id='word_1_249' title='bbox 261 3686 312 3735; x_wconf 91' lang='lat' dir='ltr'><strong>que</strong></span> <span class='ocrx_word' id='word_1_250' title='bbox 331 3674 431 3729; x_wconf 80' lang='lat' dir='ltr'><strong>iocatus</strong></span> <span class='ocrx_word' id='word_1_251' title='bbox 455 3667 591 3718; x_wconf 88' lang='lat' dir='ltr'><strong>nobiscum</strong></span> <span class='ocrx_word' id='word_1_252' title='bbox 607 3705 614 3724; x_wconf 91' lang='lat'><strong>,</strong></span> <span class='ocrx_word' id='word_1_253' title='bbox 630 3669 695 3731; x_wconf 91' lang='lat' dir='ltr'><strong>quin</strong></span> <span class='ocrx_word' id='word_1_254' title='bbox 712 3672 840 3731; x_wconf 90' lang='lat' dir='ltr'><strong>utrosque</strong></span> <span class='ocrx_word' id='word_1_255' title='bbox 858 3669 962 3717; x_wconf 87' lang='lat' dir='ltr'><strong>intuens</strong></span> <span class='ocrx_word' id='word_1_256' title='bbox 978 3678 1044 3726; x_wconf 77' lang='lat' dir='ltr'><strong>nos3</strong></span> 
     </span>
     <span class='ocr_line' id='line_1_37' title="bbox 258 3746 1046 3808; baseline -0.003 -13"><span class='ocrx_word' id='word_1_257' title='bbox 258 3750 364 3808; x_wconf 84' lang='lat' dir='ltr'><strong>Vellem,</strong></span> <span class='ocrx_word' id='word_1_258' title='bbox 381 3750 434 3806; x_wconf 88' lang='lat' dir='ltr'><strong>ait,</strong></span> <span class='ocrx_word' id='word_1_259' title='bbox 450 3746 587 3797; x_wconf 80' lang='lat' dir='ltr'><strong>distulisset</strong></span> <span class='ocrx_word' id='word_1_260' title='bbox 603 3760 642 3796; x_wconf 88' lang='lat' dir='ltr'><strong>mc</strong></span> <span class='ocrx_word' id='word_1_261' title='bbox 664 3747 751 3797; x_wconf 82' lang='lat' dir='ltr'><strong>saltem</strong></span> <span class='ocrx_word' id='word_1_262' title='bbox 767 3758 838 3795; x_wconf 83' lang='lat' dir='ltr'><strong>mors</strong></span> <span class='ocrx_word' id='word_1_263' title='bbox 854 3746 915 3796; x_wconf 85' lang='lat' dir='ltr'><strong>hoec</strong></span> <span class='ocrx_word' id='word_1_264' title='bbox 931 3746 965 3795; x_wconf 87' lang='lat' dir='ltr'><strong>od</strong></span> <span class='ocrx_word' id='word_1_265' title='bbox 989 3757 1046 3794; x_wconf 85' lang='lat' dir='ltr'><strong>cum</strong></span> 
     </span>
     <span class='ocr_line' id='line_1_38' title="bbox 254 3824 1046 3888; baseline -0.004 -9"><span class='ocrx_word' id='word_1_266' title='bbox 254 3829 337 3888; x_wconf 72' lang='lat' dir='ltr'><strong>dum,</strong></span> <span class='ocrx_word' id='word_1_267' title='bbox 354 3841 403 3888; x_wconf 86' lang='lat' dir='ltr'><strong>quo</strong></span> <span class='ocrx_word' id='word_1_268' title='bbox 413 3829 525 3876; x_wconf 89' lang='lat' dir='ltr'><strong>oestrum</strong></span> <span class='ocrx_word' id='word_1_269' title='bbox 540 3826 616 3888; x_wconf 87' lang='lat' dir='ltr'><strong>plone</strong></span> <span class='ocrx_word' id='word_1_270' title='bbox 627 3826 802 3876; x_wconf 80' lang='lat' dir='ltr'><strong>bibliothecam</strong></span> <span class='ocrx_word' id='word_1_271' title='bbox 818 3825 987 3875; x_wconf 83' lang='lat' dir='ltr'><strong>absolvissem.</strong></span> <span class='ocrx_word' id='word_1_272' title='bbox 1006 3824 1046 3876; x_wconf 85' lang='lat' dir='ltr'><strong>Ne</strong></span> 
     </span>
     <span class='ocr_line' id='line_1_39' title="bbox 258 3904 1046 3961; baseline -0.003 -6"><span class='ocrx_word' id='word_1_273' title='bbox 258 3909 356 3956; x_wconf 84' lang='lat' dir='ltr'><strong>multis.</strong></span> <span class='ocrx_word' id='word_1_274' title='bbox 376 3906 483 3956; x_wconf 76' lang='lat' dir='ltr'><strong>abierat</strong></span> <span class='ocrx_word' id='word_1_275' title='bbox 504 3906 549 3953; x_wconf 89' lang='lat' dir='ltr'><strong>le</strong></span> <span class='ocrx_word' id='word_1_276' title='bbox 574 3905 635 3953; x_wconf 91' lang='lat' dir='ltr'><strong>dum</strong></span> <span class='ocrx_word' id='word_1_277' title='bbox 664 3905 755 3961; x_wconf 79' lang='lat' dir='ltr'><strong>Picus,</strong></span> <span class='ocrx_word' id='word_1_278' title='bbox 781 3917 839 3953; x_wconf 93' lang='lat' dir='ltr'><strong>cum</strong></span> <span class='ocrx_word' id='word_1_279' title='bbox 867 3904 1046 3953; x_wconf 77' lang='lat' dir='ltr'><strong>serrariensts</strong></span> 
     </span>
     <span class='ocr_line' id='line_1_40' title="bbox 259 3983 1046 4047; baseline -0.005 -12"><span class='ocrx_word' id='word_1_280' title='bbox 259 3985 454 4047; x_wconf 81' lang='lat' dir='ltr'><strong>Hieronymus,</strong></span> <span class='ocrx_word' id='word_1_281' title='bbox 478 3984 585 4045; x_wconf 85' lang='lat' dir='ltr'><strong>insignis</strong></span> <span class='ocrx_word' id='word_1_282' title='bbox 610 3987 636 4030; x_wconf 90' lang='lat' dir='ltr'><strong>et</strong></span> <span class='ocrx_word' id='word_1_283' title='bbox 670 3984 789 4031; x_wconf 90' lang='lat' dir='ltr'><strong>doctriua</strong></span> <span class='ocrx_word' id='word_1_284' title='bbox 824 3986 850 4031; x_wconf 91' lang='lat' dir='ltr'><strong>et</strong></span> <span class='ocrx_word' id='word_1_285' title='bbox 875 3983 1046 4031; x_wconf 86' lang='lat' dir='ltr'><strong>sanctimonia</strong></span> 
     </span>
     <span class='ocr_line' id='line_1_41' title="bbox 256 4060 1048 4123; baseline -0.003 -12"><span class='ocrx_word' id='word_1_286' title='bbox 256 4068 315 4121; x_wconf 89' lang='lat' dir='ltr'><strong>vir,</strong></span> <span class='ocrx_word' id='word_1_287' title='bbox 332 4062 506 4123; x_wconf 86' lang='lat' dir='ltr'><strong>caelestiaque</strong></span> <span class='ocrx_word' id='word_1_288' title='bbox 518 4061 656 4110; x_wconf 89' lang='lat' dir='ltr'><strong>doctrinae</strong></span> <span class='ocrx_word' id='word_1_289' title='bbox 669 4060 838 4122; x_wconf 86' lang='lat' dir='ltr'><strong>praedicator</strong></span> <span class='ocrx_word' id='word_1_290' title='bbox 855 4060 984 4123; x_wconf 86' lang='lat' dir='ltr'><strong>egregius,</strong></span> <span class='ocrx_word' id='word_1_291' title='bbox 1000 4072 1048 4109; x_wconf 92' lang='lat' dir='ltr'><strong>cn·</strong></span> 
     </span>
     <span class='ocr_line' id='line_1_42' title="bbox 257 4139 1046 4203; baseline -0.003 -11"><span class='ocrx_word' id='word_1_292' title='bbox 257 4144 376 4193; x_wconf 89' lang='lat' dir='ltr'><strong>hionium</strong></span> <span class='ocrx_word' id='word_1_293' title='bbox 402 4141 566 4203; x_wconf 82' lang='lat' dir='ltr'><strong>ingreditur,</strong></span> <span class='ocrx_word' id='word_1_294' title='bbox 592 4142 713 4190; x_wconf 87' lang='lat' dir='ltr'><strong>hortatur</strong></span> <span class='ocrx_word' id='word_1_295' title='bbox 729 4144 757 4189; x_wconf 89' lang='lat' dir='ltr'><strong>ut</strong></span> <span class='ocrx_word' id='word_1_296' title='bbox 784 4139 862 4189; x_wconf 83' lang='lat' dir='ltr'><strong>udam</strong></span> <span class='ocrx_word' id='word_1_297' title='bbox 880 4144 985 4198; x_wconf 82' lang='lat' dir='ltr'><strong>tenest;</strong></span> <span class='ocrx_word' id='word_1_298' title='bbox 1002 4141 1046 4190; x_wconf 91' lang='lat' dir='ltr'><strong>ille</strong></span> 
     </span>
     <span class='ocr_line' id='line_1_43' title="bbox 259 4219 1047 4282; baseline -0.001 -13"><span class='ocrx_word' id='word_1_299' title='bbox 259 4234 325 4271; x_wconf 92' lang='lat' dir='ltr'><strong>vero</strong></span> <span class='ocrx_word' id='word_1_300' title='bbox 342 4225 434 4269; x_wconf 90' lang='lat' dir='ltr'><strong>tenere</strong></span> <span class='ocrx_word' id='word_1_301' title='bbox 457 4232 486 4269; x_wconf 90' lang='lat' dir='ltr'><strong>se</strong></span> <span class='ocrx_word' id='word_1_302' title='bbox 504 4220 541 4268; x_wconf 92' lang='lat' dir='ltr'><strong>ait</strong></span> <span class='ocrx_word' id='word_1_303' title='bbox 558 4220 756 4269; x_wconf 88' lang='lat' dir='ltr'><strong>inconcussam:</strong></span> <span class='ocrx_word' id='word_1_304' title='bbox 773 4223 801 4269; x_wconf 92' lang='lat' dir='ltr'><strong>nt</strong></span> <span class='ocrx_word' id='word_1_305' title='bbox 818 4232 896 4282; x_wconf 90' lang='lat' dir='ltr'><strong>quam</strong></span> <span class='ocrx_word' id='word_1_306' title='bbox 921 4219 1047 4269; x_wconf 88' lang='lat' dir='ltr'><strong>emenda·</strong></span> 
     </span>
     <span class='ocr_line' id='line_1_44' title="bbox 258 4297 1045 4360; baseline -0.001 -11"><span class='ocrx_word' id='word_1_307' title='bbox 258 4300 360 4349; x_wconf 87' lang='lat' dir='ltr'><strong>tissime</strong></span> <span class='ocrx_word' id='word_1_308' title='bbox 383 4299 492 4360; x_wconf 83' lang='lat' dir='ltr'><strong>positae</strong></span> <span class='ocrx_word' id='word_1_309' title='bbox 519 4299 612 4347; x_wconf 86' lang='lat' dir='ltr'><strong>vivere</strong></span> <span class='ocrx_word' id='word_1_310' title='bbox 636 4297 765 4357; x_wconf 86' lang='lat' dir='ltr'><strong>destinet;</strong></span> <span class='ocrx_word' id='word_1_311' title='bbox 793 4301 893 4351; x_wconf 84' lang='lat' dir='ltr'><strong>scilicet</strong></span> <span class='ocrx_word' id='word_1_312' title='bbox 917 4300 1045 4349; x_wconf 89' lang='lat' dir='ltr'><strong>iacturum</strong></span> 
     </span>
     <span class='ocr_line' id='line_1_45' title="bbox 259 4377 1047 4441; baseline -0.001 -13"><span class='ocrx_word' id='word_1_313' title='bbox 259 4380 358 4428; x_wconf 83' lang='lat' dir='ltr'><strong>obnixe</strong></span> <span class='ocrx_word' id='word_1_314' title='bbox 384 4377 538 4439; x_wconf 83' lang='lat' dir='ltr'><strong>respondit:</strong></span> <span class='ocrx_word' id='word_1_315' title='bbox 562 4381 590 4426; x_wconf 92' lang='lat' dir='ltr'><strong>nt</strong></span> <span class='ocrx_word' id='word_1_316' title='bbox 608 4382 719 4426; x_wconf 89' lang='lat' dir='ltr'><strong>mortem</strong></span> <span class='ocrx_word' id='word_1_317' title='bbox 746 4378 874 4441; x_wconf 85' lang='lat' dir='ltr'><strong>denique,</strong></span> <span class='ocrx_word' id='word_1_318' title='bbox 899 4380 919 4429; x_wconf 91' lang='lat' dir='ltr'><strong>si</strong></span> <span class='ocrx_word' id='word_1_319' title='bbox 936 4389 1047 4429; x_wconf 84' lang='lat' dir='ltr'><strong>necesse</strong></span> 
     </span>
     <span class='ocr_line' id='line_1_46' title="bbox 262 4456 1046 4522; baseline 0.004 -14"><span class='ocrx_word' id='word_1_320' title='bbox 262 4462 314 4517; x_wconf 88' lang='lat' dir='ltr'><strong>sit,</strong></span> <span class='ocrx_word' id='word_1_321' title='bbox 338 4472 423 4521; x_wconf 88' lang='lat' dir='ltr'><strong>aequo</strong></span> <span class='ocrx_word' id='word_1_322' title='bbox 441 4456 529 4506; x_wconf 90' lang='lat' dir='ltr'><strong>animo</strong></span> <span class='ocrx_word' id='word_1_323' title='bbox 558 4457 678 4515; x_wconf 89' lang='lat' dir='ltr'><strong>tulloret;</strong></span> <span class='ocrx_word' id='word_1_324' title='bbox 695 4459 756 4507; x_wconf 83' lang='lat' dir='ltr'><strong>nihil</strong></span> <span class='ocrx_word' id='word_1_325' title='bbox 781 4471 860 4515; x_wconf 88' lang='lat' dir='ltr'><strong>vero,</strong></span> <span class='ocrx_word' id='word_1_326' title='bbox 876 4461 961 4522; x_wconf 89' lang='lat' dir='ltr'><strong>inquit</strong></span> <span class='ocrx_word' id='word_1_327' title='bbox 984 4459 1046 4511; x_wconf 89' lang='lat' dir='ltr'><strong>ille.</strong></span> 
     </span>
     <span class='ocr_line' id='line_1_47' title="bbox 256 4535 1047 4598; baseline -0.001 -11"><span class='ocrx_word' id='word_1_328' title='bbox 256 4538 417 4598; x_wconf 78' lang='lat' dir='ltr'><strong>iucundius.</strong></span> <span class='ocrx_word' id='word_1_329' title='bbox 434 4536 563 4598; x_wconf 84' lang='lat' dir='ltr'><strong>siquidem</strong></span> <span class='ocrx_word' id='word_1_330' title='bbox 581 4538 616 4583; x_wconf 91' lang='lat' dir='ltr'><strong>ita</strong></span> <span class='ocrx_word' id='word_1_331' title='bbox 628 4535 681 4585; x_wconf 89' lang='lat' dir='ltr'><strong>Deo</strong></span> <span class='ocrx_word' id='word_1_332' title='bbox 697 4535 833 4586; x_wconf 84' lang='lat' dir='ltr'><strong>decretum</strong></span> <span class='ocrx_word' id='word_1_333' title='bbox 846 4537 888 4586; x_wconf 86' lang='lat' dir='ltr'><strong>sil.</strong></span> <span class='ocrx_word' id='word_1_334' title='bbox 901 4536 1047 4587; x_wconf 75' lang='lat' dir='ltr'><strong>decedebat</strong></span> 
     </span>
     <span class='ocr_line' id='line_1_48' title="bbox 263 4612 1048 4678; baseline 0 -15"><span class='ocrx_word' id='word_1_335' title='bbox 263 4617 339 4665; x_wconf 82' lang='lat' dir='ltr'><strong>liomo</strong></span> <span class='ocrx_word' id='word_1_336' title='bbox 354 4616 427 4676; x_wconf 85' lang='lat' dir='ltr'><strong>jam,</strong></span> <span class='ocrx_word' id='word_1_337' title='bbox 444 4626 502 4662; x_wconf 93' lang='lat' dir='ltr'><strong>cnm</strong></span> <span class='ocrx_word' id='word_1_338' title='bbox 528 4612 699 4672; x_wconf 84' lang='lat' dir='ltr'><strong>Laurentius,</strong></span> <span class='ocrx_word' id='word_1_339' title='bbox 715 4614 802 4675; x_wconf 90' lang='lat' dir='ltr'><strong>lleus,</strong></span> <span class='ocrx_word' id='word_1_340' title='bbox 820 4616 920 4678; x_wconf 90' lang='lat' dir='ltr'><strong>inquit,</strong></span> <span class='ocrx_word' id='word_1_341' title='bbox 940 4614 1048 4665; x_wconf 90' lang='lat' dir='ltr'><strong>benedi-</strong></span> 
     </span>
     <span class='ocr_line' id='line_1_49' title="bbox 265 4692 1047 4756; baseline 0.004 -17"><span class='ocrx_word' id='word_1_342' title='bbox 265 4696 378 4743; x_wconf 84' lang='lat' dir='ltr'><strong>ctionem</strong></span> <span class='ocrx_word' id='word_1_343' title='bbox 392 4697 477 4756; x_wconf 85' lang='lat' dir='ltr'><strong>pnter,</strong></span> <span class='ocrx_word' id='word_1_344' title='bbox 489 4695 641 4755; x_wconf 82' lang='lat' dir='ltr'><strong>prinsquam</strong></span> <span class='ocrx_word' id='word_1_345' title='bbox 654 4706 667 4741; x_wconf 87' lang='lat' dir='ltr'><strong>a</strong></span> <span class='ocrx_word' id='word_1_346' title='bbox 681 4692 756 4743; x_wconf 89' lang='lat' dir='ltr'><strong>nobis</strong></span> <span class='ocrx_word' id='word_1_347' title='bbox 770 4694 955 4756; x_wconf 76' lang='lat' dir='ltr'><strong>proficiscaris.</strong></span> <span class='ocrx_word' id='word_1_348' title='bbox 968 4693 1047 4744; x_wconf 89' lang='lat' dir='ltr'><strong>Simul</strong></span> 
     </span>
     <span class='ocr_line' id='line_1_50' title="bbox 262 4774 1049 4836; baseline -0.001 -13"><span class='ocrx_word' id='word_1_349' title='bbox 262 4774 378 4823; x_wconf 90' lang='lat' dir='ltr'><strong>demisso</strong></span> <span class='ocrx_word' id='word_1_350' title='bbox 396 4776 481 4835; x_wconf 89' lang='lat' dir='ltr'><strong>capite</strong></span> <span class='ocrx_word' id='word_1_351' title='bbox 500 4774 644 4835; x_wconf 90' lang='lat' dir='ltr'><strong>vultuque,</strong></span> <span class='ocrx_word' id='word_1_352' title='bbox 659 4777 685 4822; x_wconf 90' lang='lat' dir='ltr'><strong>et</strong></span> <span class='ocrx_word' id='word_1_353' title='bbox 702 4775 727 4822; x_wconf 92' lang='lat' dir='ltr'><strong>in</strong></span> <span class='ocrx_word' id='word_1_354' title='bbox 746 4787 848 4824; x_wconf 87' lang='lat' dir='ltr'><strong>omnem</strong></span> <span class='ocrx_word' id='word_1_355' title='bbox 866 4775 925 4836; x_wconf 90' lang='lat' dir='ltr'><strong>piae</strong></span> <span class='ocrx_word' id='word_1_356' title='bbox 943 4775 1049 4836; x_wconf 90' lang='lat' dir='ltr'><strong>religio·</strong></span> 
     </span>
     <span class='ocr_line' id='line_1_51' title="bbox 261 4852 1047 4915; baseline 0.003 -14"><span class='ocrx_word' id='word_1_357' title='bbox 261 4854 303 4902; x_wconf 90' lang='lat' dir='ltr'><strong>nis</strong></span> <span class='ocrx_word' id='word_1_358' title='bbox 320 4852 459 4915; x_wconf 82' lang='lat' dir='ltr'><strong>imaginem</strong></span> <span class='ocrx_word' id='word_1_359' title='bbox 481 4852 627 4911; x_wconf 88' lang='lat' dir='ltr'><strong>iormatns,</strong></span> <span class='ocrx_word' id='word_1_360' title='bbox 644 4852 756 4903; x_wconf 88' lang='lat' dir='ltr'><strong>subinde</strong></span> <span class='ocrx_word' id='word_1_361' title='bbox 774 4854 807 4903; x_wconf 88' lang='lat' dir='ltr'><strong>ad</strong></span> <span class='ocrx_word' id='word_1_362' title='bbox 833 4852 917 4903; x_wconf 87' lang='lat' dir='ltr'><strong>verba</strong></span> <span class='ocrx_word' id='word_1_363' title='bbox 934 4853 1004 4902; x_wconf 87' lang='lat' dir='ltr'><strong>illius</strong></span> <span class='ocrx_word' id='word_1_364' title='bbox 1021 4857 1047 4903; x_wconf 94' lang='lat' dir='ltr'><strong>et</strong></span> 
     </span>
     <span class='ocr_line' id='line_1_52' title="bbox 263 4932 1048 4994; baseline 0 -13"><span class='ocrx_word' id='word_1_365' title='bbox 263 4945 374 4993; x_wconf 88' lang='lat' dir='ltr'><strong>preces,</strong></span> <span class='ocrx_word' id='word_1_366' title='bbox 392 4936 441 4981; x_wconf 91' lang='lat' dir='ltr'><strong>rite</strong></span> <span class='ocrx_word' id='word_1_367' title='bbox 459 4945 488 4980; x_wconf 92' lang='lat' dir='ltr'><strong>ac</strong></span> <span class='ocrx_word' id='word_1_368' title='bbox 507 4936 659 4981; x_wconf 87' lang='lat' dir='ltr'><strong>memoriter</strong></span> <span class='ocrx_word' id='word_1_369' title='bbox 676 4932 889 4994; x_wconf 87' lang='lat' dir='ltr'><strong>responsitebat,</strong></span> <span class='ocrx_word' id='word_1_370' title='bbox 911 4945 944 4982; x_wconf 92' lang='lat' dir='ltr'><strong>ne</strong></span> <span class='ocrx_word' id='word_1_371' title='bbox 961 4932 1048 4982; x_wconf 92' lang='lat' dir='ltr'><strong>tantll·</strong></span> 
     </span>
     <span class='ocr_line' id='line_1_53' title="bbox 263 5010 1047 5075; baseline 0.003 -16"><span class='ocrx_word' id='word_1_372' title='bbox 263 5012 315 5061; x_wconf 92' lang='lat' dir='ltr'><strong>tum</strong></span> <span class='ocrx_word' id='word_1_373' title='bbox 332 5011 437 5073; x_wconf 89' lang='lat' dir='ltr'><strong>quidem</strong></span> <span class='ocrx_word' id='word_1_374' title='bbox 455 5010 620 5061; x_wconf 86' lang='lat' dir='ltr'><strong>tamiliarium</strong></span> <span class='ocrx_word' id='word_1_375' title='bbox 638 5012 709 5061; x_wconf 90' lang='lat' dir='ltr'><strong>luctu</strong></span> <span class='ocrx_word' id='word_1_376' title='bbox 724 5048 731 5068; x_wconf 98' lang='lat'><strong>,</strong></span> <span class='ocrx_word' id='word_1_377' title='bbox 749 5015 842 5075; x_wconf 89' lang='lat' dir='ltr'><strong>aperto</strong></span> <span class='ocrx_word' id='word_1_378' title='bbox 856 5011 927 5074; x_wconf 82' lang='lat' dir='ltr'><strong>jam,</strong></span> <span class='ocrx_word' id='word_1_379' title='bbox 943 5024 1047 5075; x_wconf 89' lang='lat' dir='ltr'><strong>neque,</strong></span> 
     </span>
     <span class='ocr_line' id='line_1_54' title="bbox 263 5088 1048 5150; baseline 0.003 -11"><span class='ocrx_word' id='word_1_380' title='bbox 263 5102 294 5139; x_wconf 88' lang='lat' dir='ltr'><strong>se</strong></span> <span class='ocrx_word' id='word_1_381' title='bbox 312 5089 424 5139; x_wconf 90' lang='lat' dir='ltr'><strong>ulterius</strong></span> <span class='ocrx_word' id='word_1_382' title='bbox 451 5088 650 5150; x_wconf 88' lang='lat' dir='ltr'><strong>dissimulante,</strong></span> <span class='ocrx_word' id='word_1_383' title='bbox 674 5095 831 5141; x_wconf 90' lang='lat' dir='ltr'><strong>commotus.</strong></span> <span class='ocrx_word' id='word_1_384' title='bbox 856 5091 957 5142; x_wconf 85' lang='lat' dir='ltr'><strong>Diceris</strong></span> <span class='ocrx_word' id='word_1_385' title='bbox 979 5092 1048 5141; x_wconf 89' lang='lat' dir='ltr'><strong>indi·</strong></span> 
     </span>
     <span class='ocr_line' id='line_1_55' title="bbox 262 5167 1046 5230; baseline 0.006 -15"><span class='ocrx_word' id='word_1_386' title='bbox 262 5171 333 5217; x_wconf 89' lang='lat' dir='ltr'><strong>ctam</strong></span> <span class='ocrx_word' id='word_1_387' title='bbox 359 5169 473 5225; x_wconf 89' lang='lat' dir='ltr'><strong>ceteris,</strong></span> <span class='ocrx_word' id='word_1_388' title='bbox 490 5179 541 5214; x_wconf 91' lang='lat' dir='ltr'><strong>uno</strong></span> <span class='ocrx_word' id='word_1_389' title='bbox 559 5171 671 5229; x_wconf 88' lang='lat' dir='ltr'><strong>excepto</strong></span> <span class='ocrx_word' id='word_1_390' title='bbox 691 5167 852 5230; x_wconf 84' lang='lat' dir='ltr'><strong>Laurentio,</strong></span> <span class='ocrx_word' id='word_1_391' title='bbox 868 5173 989 5220; x_wconf 89' lang='lat' dir='ltr'><strong>mortem.</strong></span> <span class='ocrx_word' id='word_1_392' title='bbox 1006 5171 1046 5220; x_wconf 85' lang='lat' dir='ltr'><strong>Sic</strong></span> 
     </span>
     <span class='ocr_line' id='line_1_56' title="bbox 263 5245 1049 5310; baseline -0.003 -13"><span class='ocrx_word' id='word_1_393' title='bbox 263 5248 364 5297; x_wconf 88' lang='lat' dir='ltr'><strong>scilicet</strong></span> <span class='ocrx_word' id='word_1_394' title='bbox 382 5258 450 5295; x_wconf 90' lang='lat' dir='ltr'><strong>nnus</strong></span> <span class='ocrx_word' id='word_1_395' title='bbox 475 5257 509 5293; x_wconf 89' lang='lat' dir='ltr'><strong>ex</strong></span> <span class='ocrx_word' id='word_1_396' title='bbox 526 5245 646 5295; x_wconf 89' lang='lat' dir='ltr'><strong>omnibus</strong></span> <span class='ocrx_word' id='word_1_397' title='bbox 663 5247 720 5310; x_wconf 87' lang='lat' dir='ltr'><strong>ipse</strong></span> <span class='ocrx_word' id='word_1_398' title='bbox 745 5249 840 5297; x_wconf 90' lang='lat' dir='ltr'><strong>nnllam</strong></span> <span class='ocrx_word' id='word_1_399' title='bbox 858 5248 972 5307; x_wconf 89' lang='lat' dir='ltr'><strong>doloris,</strong></span> <span class='ocrx_word' id='word_1_400' title='bbox 989 5248 1049 5296; x_wconf 91' lang='lat' dir='ltr'><strong>nul·</strong></span> 
     </span>
     <span class='ocr_line' id='line_1_57' title="bbox 265 5324 1048 5389; baseline -0.003 -13"><span class='ocrx_word' id='word_1_401' title='bbox 265 5328 316 5376; x_wconf 89' lang='lat' dir='ltr'><strong>lem</strong></span> <span class='ocrx_word' id='word_1_402' title='bbox 334 5325 557 5389; x_wconf 87' lang='lat' dir='ltr'><strong>perturbationis,</strong></span> <span class='ocrx_word' id='word_1_403' title='bbox 583 5324 678 5374; x_wconf 88' lang='lat' dir='ltr'><strong>nullam</strong></span> <span class='ocrx_word' id='word_1_404' title='bbox 697 5327 819 5375; x_wconf 89' lang='lat' dir='ltr'><strong>tristitiae</strong></span> <span class='ocrx_word' id='word_1_405' title='bbox 835 5325 1048 5388; x_wconf 83' lang='lat' dir='ltr'><strong>significationem</strong></span> 
     </span>
     <span class='ocr_line' id='line_1_58' title="bbox 263 5404 1050 5467; baseline -0.004 -11"><span class='ocrx_word' id='word_1_406' title='bbox 263 5406 361 5463; x_wconf 84' lang='lat' dir='ltr'><strong>debet,</strong></span> <span class='ocrx_word' id='word_1_407' title='bbox 378 5408 587 5465; x_wconf 88' lang='lat' dir='ltr'><strong>consuetumque</strong></span> <span class='ocrx_word' id='word_1_408' title='bbox 609 5404 686 5453; x_wconf 87' lang='lat' dir='ltr'><strong>animi</strong></span> <span class='ocrx_word' id='word_1_409' title='bbox 704 5406 838 5467; x_wconf 90' lang='lat' dir='ltr'><strong>vigorem,</strong></span> <span class='ocrx_word' id='word_1_410' title='bbox 854 5405 1050 5465; x_wconf 88' lang='lat' dir='ltr'><strong>constantiam,</strong></span> 
     </span>
     <span class='ocr_line' id='line_1_59' title="bbox 263 5482 1050 5549; baseline 0.001 -15"><span class='ocrx_word' id='word_1_411' title='bbox 263 5486 497 5549; x_wconf 84' lang='lat' dir='ltr'><strong>aequabilitatem,</strong></span> <span class='ocrx_word' id='word_1_412' title='bbox 515 5482 738 5546; x_wconf 78' lang='lat' dir='ltr'><strong>magnitudinem,</strong></span> <span class='ocrx_word' id='word_1_413' title='bbox 756 5485 788 5534; x_wconf 92' lang='lat' dir='ltr'><strong>ad</strong></span> <span class='ocrx_word' id='word_1_414' title='bbox 801 5489 948 5536; x_wconf 90' lang='lat' dir='ltr'><strong>extremum</strong></span> <span class='ocrx_word' id='word_1_415' title='bbox 966 5498 1050 5547; x_wconf 89' lang='lat' dir='ltr'><strong>usque</strong></span> 
     </span>
     <span class='ocr_line' id='line_1_60' title="bbox 264 5561 1050 5627; baseline -0.001 -13"><span class='ocrx_word' id='word_1_416' title='bbox 264 5566 386 5627; x_wconf 90' lang='lat' dir='ltr'><strong>spiritum</strong></span> <span class='ocrx_word' id='word_1_417' title='bbox 399 5561 572 5626; x_wconf 89' lang='lat' dir='ltr'><strong>producebat.</strong></span> <span class='ocrx_word' id='word_1_418' title='bbox 587 5561 723 5613; x_wconf 87' lang='lat' dir='ltr'><strong>instabant</strong></span> <span class='ocrx_word' id='word_1_419' title='bbox 739 5564 834 5614; x_wconf 82' lang='lat' dir='ltr'><strong>medici</strong></span> <span class='ocrx_word' id='word_1_420' title='bbox 855 5564 938 5614; x_wconf 88' lang='lat' dir='ltr'><strong>adhuc</strong></span> <span class='ocrx_word' id='word_1_421' title='bbox 956 5569 1050 5622; x_wconf 89' lang='lat' dir='ltr'><strong>tamen,</strong></span> 
     </span>
    </p>
   </div>
   <div class='ocr_carea' id='block_1_4' title="bbox 710 633 1417 702">
    <p class='ocr_par' dir='ltr' id='par_1_4' title="bbox 710 633 1417 702">
     <span class='ocr_line' id='line_1_61' title="bbox 710 633 1417 702; baseline 0.001 -7"><span class='ocrx_word' id='word_1_422' title='bbox 710 633 995 701; x_wconf 72' lang='lat' dir='ltr'><strong>PON&#39;lelCATUS</strong></span> <span class='ocrx_word' id='word_1_423' title='bbox 1016 637 1242 702; x_wconf 75' lang='lat' dir='ltr'><strong>thuochu&#39;t&#39;u</strong></span> <span class='ocrx_word' id='word_1_424' title='bbox 1263 637 1417 701; x_wconf 79' lang='lat' dir='ltr'><strong>ou&#39;rht&#39;t.</strong></span> 
     </span>
    </p>
   </div>
   <div class='ocr_carea' id='block_1_5' title="bbox 1838 642 1897 703">
    <p class='ocr_par' dir='ltr' id='par_1_5' title="bbox 1838 642 1897 703">
     <span class='ocr_line' id='line_1_62' title="bbox 1838 642 1897 703; baseline 0.017 -2"><span class='ocrx_word' id='word_1_425' title='bbox 1838 642 1897 703; x_wconf 54' lang='lat' dir='ltr'><strong>«lid</strong></span> 
     </span>
    </p>
   </div>
   <div class='ocr_carea' id='block_1_6' title="bbox 1107 774 1898 958">
    <p class='ocr_par' dir='ltr' id='par_1_6' title="bbox 1107 774 1898 958">
     <span class='ocr_line' id='line_1_63' title="bbox 1107 774 1897 855; baseline 0.004 -19"><span class='ocrx_word' id='word_1_426' title='bbox 1107 777 1162 836; x_wconf 85' lang='lat' dir='ltr'><strong>bus</strong></span> <span class='ocrx_word' id='word_1_427' title='bbox 1182 777 1245 836; x_wconf 91' lang='lat' dir='ltr'><strong>dari</strong></span> <span class='ocrx_word' id='word_1_428' title='bbox 1263 775 1356 849; x_wconf 87' lang='lat' dir='ltr'><strong>iecit,</strong></span> <span class='ocrx_word' id='word_1_429' title='bbox 1376 774 1483 836; x_wconf 87' lang='lat' dir='ltr'><strong>birreta</strong></span> <span class='ocrx_word' id='word_1_430' title='bbox 1504 775 1626 855; x_wconf 86' lang='lat' dir='ltr'><strong>integra.</strong></span> <span class='ocrx_word' id='word_1_431' title='bbox 1649 777 1712 855; x_wconf 88' lang='lat' dir='ltr'><strong>lpse</strong></span> <span class='ocrx_word' id='word_1_432' title='bbox 1731 776 1897 839; x_wconf 86' lang='lat' dir='ltr'><strong>Cardinalis</strong></span> 
     </span>
     <span class='ocr_line' id='line_1_64' title="bbox 1109 875 1898 958; baseline 0.006 -24"><span class='ocrx_word' id='word_1_433' title='bbox 1109 877 1226 937; x_wconf 92' lang='lat' dir='ltr'><strong>indutus</strong></span> <span class='ocrx_word' id='word_1_434' title='bbox 1254 886 1297 937; x_wconf 87' lang='lat' dir='ltr'><strong>est</strong></span> <span class='ocrx_word' id='word_1_435' title='bbox 1327 886 1405 937; x_wconf 87' lang='lat' dir='ltr'><strong>veste</strong></span> <span class='ocrx_word' id='word_1_436' title='bbox 1435 875 1555 936; x_wconf 84' lang='lat' dir='ltr'><strong>violacio</strong></span> <span class='ocrx_word' id='word_1_437' title='bbox 1588 876 1740 951; x_wconf 89' lang='lat' dir='ltr'><strong>obseura;</strong></span> <span class='ocrx_word' id='word_1_438' title='bbox 1763 877 1898 958; x_wconf 87' lang='lat' dir='ltr'><strong>depositis</strong></span> 
     </span>
    </p>
   </div>
   <div class='ocr_carea' id='block_1_7' title="bbox 1107 1125 1905 5628">
    <p class='ocr_par' dir='ltr' id='par_1_7' title="bbox 1107 1125 1905 5628">
     <span class='ocr_line' id='line_1_65' title="bbox 1109 1125 1895 1191; baseline 0.003 -15"><span class='ocrx_word' id='word_1_439' title='bbox 1109 1128 1181 1183; x_wconf 90' lang='lat' dir='ltr'><strong>sarl,</strong></span> <span class='ocrx_word' id='word_1_440' title='bbox 1198 1127 1268 1189; x_wconf 91' lang='lat' dir='ltr'><strong>qnod</strong></span> <span class='ocrx_word' id='word_1_441' title='bbox 1285 1128 1321 1176; x_wconf 92' lang='lat' dir='ltr'><strong>illi</strong></span> <span class='ocrx_word' id='word_1_442' title='bbox 1339 1125 1417 1176; x_wconf 90' lang='lat' dir='ltr'><strong>modo</strong></span> <span class='ocrx_word' id='word_1_443' title='bbox 1434 1125 1612 1185; x_wconf 88' lang='lat' dir='ltr'><strong>obtulissent,</strong></span> <span class='ocrx_word' id='word_1_444' title='bbox 1632 1140 1684 1176; x_wconf 93' lang='lat' dir='ltr'><strong>non</strong></span> <span class='ocrx_word' id='word_1_445' title='bbox 1702 1128 1808 1191; x_wconf 83' lang='lat' dir='ltr'><strong>quidem</strong></span> <span class='ocrx_word' id='word_1_446' title='bbox 1827 1142 1895 1191; x_wconf 89' lang='lat' dir='ltr'><strong>quo·</strong></span> 
     </span>
     <span class='ocr_line' id='line_1_66' title="bbox 1108 1206 1896 1271; baseline 0.003 -15"><span class='ocrx_word' id='word_1_447' title='bbox 1108 1208 1178 1257; x_wconf 89' lang='lat' dir='ltr'><strong>niam</strong></span> <span class='ocrx_word' id='word_1_448' title='bbox 1196 1219 1244 1268; x_wconf 87' lang='lat' dir='ltr'><strong>spe</strong></span> <span class='ocrx_word' id='word_1_449' title='bbox 1262 1208 1331 1256; x_wconf 90' lang='lat' dir='ltr'><strong>vitae</strong></span> <span class='ocrx_word' id='word_1_450' title='bbox 1348 1206 1508 1256; x_wconf 89' lang='lat' dir='ltr'><strong>blandientis</strong></span> <span class='ocrx_word' id='word_1_451' title='bbox 1525 1207 1693 1268; x_wconf 88' lang='lat' dir='ltr'><strong>illeceretnr,</strong></span> <span class='ocrx_word' id='word_1_452' title='bbox 1709 1208 1756 1258; x_wconf 89' lang='lat' dir='ltr'><strong>sed</strong></span> <span class='ocrx_word' id='word_1_453' title='bbox 1769 1222 1801 1258; x_wconf 93' lang='lat' dir='ltr'><strong>ne</strong></span> <span class='ocrx_word' id='word_1_454' title='bbox 1819 1220 1896 1271; x_wconf 91' lang='lat' dir='ltr'><strong>quem</strong></span> 
     </span>
     <span class='ocr_line' id='line_1_67' title="bbox 1109 1275 1895 1350; baseline 0.001 -16"><span class='ocrx_word' id='word_1_455' title='bbox 1109 1275 1184 1336; x_wconf 89' lang='lat' dir='ltr'><strong>torte&#39;</strong></span> <span class='ocrx_word' id='word_1_456' title='bbox 1196 1286 1329 1342; x_wconf 88' lang='lat' dir='ltr'><strong>moriens,</strong></span> <span class='ocrx_word' id='word_1_457' title='bbox 1347 1286 1387 1333; x_wconf 87' lang='lat' dir='ltr'><strong>vel</strong></span> <span class='ocrx_word' id='word_1_458' title='bbox 1406 1285 1539 1335; x_wconf 87' lang='lat' dir='ltr'><strong>levissime</strong></span> <span class='ocrx_word' id='word_1_459' title='bbox 1555 1286 1756 1348; x_wconf 75' lang='lat' dir='ltr'><strong>perstringeret.</strong></span> <span class='ocrx_word' id='word_1_460' title='bbox 1772 1285 1895 1350; x_wconf 81' lang='lat' dir='ltr'><strong>Adeoque</strong></span> 
     </span>
     <span class='ocr_line' id='line_1_68' title="bbox 1108 1363 1894 1427; baseline -0.001 -13"><span class='ocrx_word' id='word_1_461' title='bbox 1108 1365 1184 1416; x_wconf 90' lang='lat' dir='ltr'><strong>tortis</strong></span> <span class='ocrx_word' id='word_1_462' title='bbox 1197 1364 1229 1413; x_wconf 94' lang='lat' dir='ltr'><strong>ad</strong></span> <span class='ocrx_word' id='word_1_463' title='bbox 1247 1368 1395 1414; x_wconf 89' lang='lat' dir='ltr'><strong>extremum</strong></span> <span class='ocrx_word' id='word_1_464' title='bbox 1407 1363 1533 1426; x_wconf 89' lang='lat' dir='ltr'><strong>perstitit,</strong></span> <span class='ocrx_word' id='word_1_465' title='bbox 1546 1363 1617 1412; x_wconf 88' lang='lat' dir='ltr'><strong>atde</strong></span> <span class='ocrx_word' id='word_1_466' title='bbox 1629 1376 1676 1414; x_wconf 89' lang='lat' dir='ltr'><strong>aaa</strong></span> <span class='ocrx_word' id='word_1_467' title='bbox 1687 1376 1793 1427; x_wconf 90' lang='lat' dir='ltr'><strong>quoque</strong></span> <span class='ocrx_word' id='word_1_468' title='bbox 1810 1364 1894 1427; x_wconf 88' lang='lat' dir='ltr'><strong>ipsius</strong></span> 
     </span>
     <span class='ocr_line' id='line_1_69' title="bbox 1109 1435 1890 1507; baseline -0.001 -13"><span class='ocrx_word' id='word_1_469' title='bbox 1109 1448 1193 1495; x_wconf 90' lang='lat' dir='ltr'><strong>morte</strong></span> <span class='ocrx_word' id='word_1_470' title='bbox 1218 1444 1332 1494; x_wconf 89' lang='lat' dir='ltr'><strong>nonnihil</strong></span> <span class='ocrx_word' id='word_1_471' title='bbox 1357 1443 1542 1499; x_wconf 89' lang='lat' dir='ltr'><strong>cavillaretur,</strong></span> <span class='ocrx_word' id='word_1_472' title='bbox 1566 1444 1643 1493; x_wconf 90' lang='lat' dir='ltr'><strong>sicuti</strong></span> <span class='ocrx_word' id='word_1_473' title='bbox 1661 1456 1720 1493; x_wconf 90' lang='lat' dir='ltr'><strong>cum</strong></span> <span class='ocrx_word' id='word_1_474' title='bbox 1745 1435 1890 1507; x_wconf 79' lang='lat' dir='ltr'><strong>porrigenti</strong></span> 
     </span>
     <span class='ocr_line' id='line_1_70' title="bbox 1108 1522 1897 1588; baseline 0.001 -15"><span class='ocrx_word' id='word_1_475' title='bbox 1108 1523 1212 1574; x_wconf 91' lang='lat' dir='ltr'><strong>cuidam</strong></span> <span class='ocrx_word' id='word_1_476' title='bbox 1237 1522 1347 1580; x_wconf 89' lang='lat' dir='ltr'><strong>cibum,</strong></span> <span class='ocrx_word' id='word_1_477' title='bbox 1370 1524 1525 1586; x_wconf 79' lang='lat' dir='ltr'><strong>rogantique</strong></span> <span class='ocrx_word' id='word_1_478' title='bbox 1543 1535 1603 1572; x_wconf 91' lang='lat' dir='ltr'><strong>mox</strong></span> <span class='ocrx_word' id='word_1_479' title='bbox 1629 1536 1706 1588; x_wconf 90' lang='lat' dir='ltr'><strong>quam</strong></span> <span class='ocrx_word' id='word_1_480' title='bbox 1733 1525 1897 1585; x_wconf 85' lang='lat' dir='ltr'><strong>placuisset,</strong></span> 
     </span>
     <span class='ocr_line' id='line_1_71' title="bbox 1107 1602 1899 1667; baseline 0 -14"><span class='ocrx_word' id='word_1_481' title='bbox 1107 1602 1261 1667; x_wconf 81' lang='lat' dir='ltr'><strong>respondit;</strong></span> <span class='ocrx_word' id='word_1_482' title='bbox 1277 1614 1354 1663; x_wconf 82' lang='lat' dir='ltr'><strong>quom</strong></span> <span class='ocrx_word' id='word_1_483' title='bbox 1371 1602 1433 1651; x_wconf 85' lang='lat' dir='ltr'><strong>solet</strong></span> <span class='ocrx_word' id='word_1_484' title='bbox 1449 1602 1573 1653; x_wconf 84' lang='lat' dir='ltr'><strong>morienti.</strong></span> <span class='ocrx_word' id='word_1_485' title='bbox 1598 1605 1657 1653; x_wconf 83' lang='lat' dir='ltr'><strong>Post</strong></span> <span class='ocrx_word' id='word_1_486' title='bbox 1673 1603 1700 1652; x_wconf 91' lang='lat' dir='ltr'><strong>id</strong></span> <span class='ocrx_word' id='word_1_487' title='bbox 1727 1602 1823 1653; x_wconf 87' lang='lat' dir='ltr'><strong>blande</strong></span> <span class='ocrx_word' id='word_1_488' title='bbox 1841 1605 1899 1655; x_wconf 88' lang='lat' dir='ltr'><strong>ain-</strong></span> 
     </span>
     <span class='ocr_line' id='line_1_72' title="bbox 1107 1682 1896 1745; baseline 0 -13"><span class='ocrx_word' id='word_1_489' title='bbox 1107 1684 1183 1745; x_wconf 85' lang='lat' dir='ltr'><strong>gulos</strong></span> <span class='ocrx_word' id='word_1_490' title='bbox 1195 1682 1377 1745; x_wconf 86' lang='lat' dir='ltr'><strong>amplexatus,</strong></span> <span class='ocrx_word' id='word_1_491' title='bbox 1394 1682 1527 1744; x_wconf 89' lang='lat' dir='ltr'><strong>petitaque</strong></span> <span class='ocrx_word' id='word_1_492' title='bbox 1539 1682 1694 1744; x_wconf 89' lang='lat' dir='ltr'><strong>suppliciter</strong></span> <span class='ocrx_word' id='word_1_493' title='bbox 1712 1686 1802 1745; x_wconf 91' lang='lat' dir='ltr'><strong>venia,</strong></span> <span class='ocrx_word' id='word_1_494' title='bbox 1820 1685 1841 1734; x_wconf 88' lang='lat' dir='ltr'><strong>si</strong></span> <span class='ocrx_word' id='word_1_495' title='bbox 1853 1683 1896 1735; x_wconf 88' lang='lat' dir='ltr'><strong>cui</strong></span> 
     </span>
     <span class='ocr_line' id='line_1_73' title="bbox 1108 1759 1895 1822; baseline 0.006 -14"><span class='ocrx_word' id='word_1_496' title='bbox 1108 1760 1214 1822; x_wconf 88' lang='lat' dir='ltr'><strong>gravior</strong></span> <span class='ocrx_word' id='word_1_497' title='bbox 1231 1760 1314 1817; x_wconf 83' lang='lat' dir='ltr'><strong>torte,</strong></span> <span class='ocrx_word' id='word_1_498' title='bbox 1327 1760 1347 1809; x_wconf 91' lang='lat' dir='ltr'><strong>si</strong></span> <span class='ocrx_word' id='word_1_499' title='bbox 1362 1759 1499 1809; x_wconf 87' lang='lat' dir='ltr'><strong>molestior</strong></span> <span class='ocrx_word' id='word_1_500' title='bbox 1511 1760 1597 1810; x_wconf 89' lang='lat' dir='ltr'><strong>morbi</strong></span> <span class='ocrx_word' id='word_1_501' title='bbox 1611 1762 1672 1811; x_wconf 89' lang='lat' dir='ltr'><strong>vitio</strong></span> <span class='ocrx_word' id='word_1_502' title='bbox 1685 1761 1796 1821; x_wconf 90' lang='lat' dir='ltr'><strong>luisset,</strong></span> <span class='ocrx_word' id='word_1_503' title='bbox 1814 1766 1895 1813; x_wconf 89' lang='lat' dir='ltr'><strong>totum</strong></span> 
     </span>
     <span class='ocr_line' id='line_1_74' title="bbox 1109 1837 1898 1905; baseline 0.003 -16"><span class='ocrx_word' id='word_1_504' title='bbox 1109 1852 1138 1889; x_wconf 88' lang='lat' dir='ltr'><strong>se</strong></span> <span class='ocrx_word' id='word_1_505' title='bbox 1163 1842 1226 1901; x_wconf 90' lang='lat' dir='ltr'><strong>post</strong></span> <span class='ocrx_word' id='word_1_506' title='bbox 1249 1839 1292 1887; x_wconf 89' lang='lat' dir='ltr'><strong>illa</strong></span> <span class='ocrx_word' id='word_1_507' title='bbox 1314 1837 1484 1888; x_wconf 82' lang='lat' dir='ltr'><strong>Pernnctlonl</strong></span> <span class='ocrx_word' id='word_1_508' title='bbox 1509 1838 1647 1894; x_wconf 86' lang='lat' dir='ltr'><strong>Summae,</strong></span> <span class='ocrx_word' id='word_1_509' title='bbox 1674 1841 1898 1905; x_wconf 85' lang='lat' dir='ltr'><strong>demigrantisqne</strong></span> 
     </span>
     <span class='ocr_line' id='line_1_75' title="bbox 1109 1918 1897 1983; baseline 0.004 -15"><span class='ocrx_word' id='word_1_510' title='bbox 1109 1919 1213 1968; x_wconf 89' lang='lat' dir='ltr'><strong>animae</strong></span> <span class='ocrx_word' id='word_1_511' title='bbox 1229 1918 1446 1967; x_wconf 87' lang='lat' dir='ltr'><strong>commendationi</strong></span> <span class='ocrx_word' id='word_1_512' title='bbox 1458 1918 1568 1969; x_wconf 87' lang='lat' dir='ltr'><strong>dedidit.</strong></span> <span class='ocrx_word' id='word_1_513' title='bbox 1578 1921 1689 1970; x_wconf 80' lang='lat' dir='ltr'><strong>Recitari</strong></span> <span class='ocrx_word' id='word_1_514' title='bbox 1710 1919 1769 1970; x_wconf 88' lang='lat' dir='ltr'><strong>dein</strong></span> <span class='ocrx_word' id='word_1_515' title='bbox 1781 1932 1897 1983; x_wconf 88' lang='lat' dir='ltr'><strong>evange·</strong></span> 
     </span>
     <span class='ocr_line' id='line_1_76' title="bbox 1109 1997 1898 2063; baseline 0.005 -16"><span class='ocrx_word' id='word_1_516' title='bbox 1109 1999 1159 2047; x_wconf 88' lang='lat' dir='ltr'><strong>lica</strong></span> <span class='ocrx_word' id='word_1_517' title='bbox 1177 1997 1287 2047; x_wconf 90' lang='lat' dir='ltr'><strong>historia</strong></span> <span class='ocrx_word' id='word_1_518' title='bbox 1305 2001 1399 2059; x_wconf 88' lang='lat' dir='ltr'><strong>coepta</strong></span> <span class='ocrx_word' id='word_1_519' title='bbox 1416 2001 1477 2058; x_wconf 88' lang='lat' dir='ltr'><strong>est,</strong></span> <span class='ocrx_word' id='word_1_520' title='bbox 1493 2000 1656 2061; x_wconf 86' lang='lat' dir='ltr'><strong>quaseillcet</strong></span> <span class='ocrx_word' id='word_1_521' title='bbox 1668 2003 1775 2063; x_wconf 86' lang='lat' dir='ltr'><strong>irrogati</strong></span> <span class='ocrx_word' id='word_1_522' title='bbox 1792 2001 1898 2051; x_wconf 83' lang='lat' dir='ltr'><strong>Christo</strong></span> 
     </span>
     <span class='ocr_line' id='line_1_77' title="bbox 1109 2077 1898 2141; baseline 0.005 -15"><span class='ocrx_word' id='word_1_523' title='bbox 1109 2078 1242 2128; x_wconf 77' lang='lat' dir='ltr'><strong>eruciatus</strong></span> <span class='ocrx_word' id='word_1_524' title='bbox 1259 2077 1443 2138; x_wconf 87' lang='lat' dir='ltr'><strong>explicantur,</strong></span> <span class='ocrx_word' id='word_1_525' title='bbox 1459 2078 1535 2139; x_wconf 88' lang='lat' dir='ltr'><strong>cujus</strong></span> <span class='ocrx_word' id='word_1_526' title='bbox 1553 2079 1597 2127; x_wconf 92' lang='lat' dir='ltr'><strong>ille</strong></span> <span class='ocrx_word' id='word_1_527' title='bbox 1609 2092 1753 2141; x_wconf 87' lang='lat' dir='ltr'><strong>agnoscere</strong></span> <span class='ocrx_word' id='word_1_528' title='bbox 1771 2093 1800 2130; x_wconf 88' lang='lat' dir='ltr'><strong>se</strong></span> <span class='ocrx_word' id='word_1_529' title='bbox 1818 2080 1898 2130; x_wconf 86' lang='lat' dir='ltr'><strong>verba</strong></span> 
     </span>
     <span class='ocr_line' id='line_1_78' title="bbox 1110 2156 1897 2219; baseline 0.005 -13"><span class='ocrx_word' id='word_1_530' title='bbox 1110 2161 1137 2206; x_wconf 92' lang='lat' dir='ltr'><strong>et</strong></span> <span class='ocrx_word' id='word_1_531' title='bbox 1154 2156 1299 2207; x_wconf 88' lang='lat' dir='ltr'><strong>sententias</strong></span> <span class='ocrx_word' id='word_1_532' title='bbox 1316 2168 1399 2219; x_wconf 87' lang='lat' dir='ltr'><strong>propo</strong></span> <span class='ocrx_word' id='word_1_533' title='bbox 1417 2169 1526 2213; x_wconf 92' lang='lat' dir='ltr'><strong>omnes,</strong></span> <span class='ocrx_word' id='word_1_534' title='bbox 1544 2157 1620 2207; x_wconf 92' lang='lat' dir='ltr'><strong>modo</strong></span> <span class='ocrx_word' id='word_1_535' title='bbox 1638 2158 1711 2207; x_wconf 90' lang='lat' dir='ltr'><strong>labra</strong></span> <span class='ocrx_word' id='word_1_536' title='bbox 1729 2162 1824 2210; x_wconf 91' lang='lat' dir='ltr'><strong>tacitus</strong></span> <span class='ocrx_word' id='word_1_537' title='bbox 1842 2173 1897 2210; x_wconf 92' lang='lat' dir='ltr'><strong>mo·</strong></span> 
     </span>
     <span class='ocr_line' id='line_1_79' title="bbox 1109 2235 1896 2308; baseline 0.009 -24"><span class='ocrx_word' id='word_1_538' title='bbox 1109 2249 1193 2294; x_wconf 89' lang='lat' dir='ltr'><strong>vens,</strong></span> <span class='ocrx_word' id='word_1_539' title='bbox 1218 2235 1296 2285; x_wconf 91' lang='lat' dir='ltr'><strong>modo</strong></span> <span class='ocrx_word' id='word_1_540' title='bbox 1320 2236 1475 2299; x_wconf 84' lang='lat' dir='ltr'><strong>languentes</strong></span> <span class='ocrx_word' id='word_1_541' title='bbox 1500 2238 1590 2288; x_wconf 87' lang='lat' dir='ltr'><strong>oculos</strong></span> <span class='ocrx_word' id='word_1_542' title='bbox 1617 2242 1737 2308; x_wconf 86' lang='lat' dir='ltr'><strong>erigens,</strong></span> <span class='ocrx_word' id='word_1_543' title='bbox 1763 2242 1896 2291; x_wconf 89' lang='lat' dir='ltr'><strong>interdum</strong></span> 
     </span>
     <span class='ocr_line' id='line_1_80' title="bbox 1110 2315 1898 2383; baseline 0.01 -20"><span class='ocrx_word' id='word_1_544' title='bbox 1110 2316 1190 2365; x_wconf 91' lang='lat' dir='ltr'><strong>etiam</strong></span> <span class='ocrx_word' id='word_1_545' title='bbox 1202 2316 1339 2378; x_wconf 87' lang='lat' dir='ltr'><strong>digitorum</strong></span> <span class='ocrx_word' id='word_1_546' title='bbox 1356 2319 1431 2378; x_wconf 87' lang='lat' dir='ltr'><strong>gestu</strong></span> <span class='ocrx_word' id='word_1_547' title='bbox 1444 2315 1617 2378; x_wconf 75' lang='lat' dir='ltr'><strong>significahat.</strong></span> <span class='ocrx_word' id='word_1_548' title='bbox 1636 2318 1770 2369; x_wconf 83' lang='lat' dir='ltr'><strong>Postremo</strong></span> <span class='ocrx_word' id='word_1_549' title='bbox 1787 2322 1898 2383; x_wconf 90' lang='lat' dir='ltr'><strong>sigillum</strong></span> 
     </span>
     <span class='ocr_line' id='line_1_81' title="bbox 1111 2383 1898 2463; baseline 0.009 -20"><span class='ocrx_word' id='word_1_550' title='bbox 1111 2383 1410 2456; x_wconf 71' lang='lat' dir='ltr'><strong>Crucidxi&#39;argenteum,</strong></span> <span class='ocrx_word' id='word_1_551' title='bbox 1423 2398 1571 2457; x_wconf 88' lang='lat' dir='ltr'><strong>margaritis</strong></span> <span class='ocrx_word' id='word_1_552' title='bbox 1589 2400 1752 2462; x_wconf 88' lang='lat' dir='ltr'><strong>gemmisque</strong></span> <span class='ocrx_word' id='word_1_553' title='bbox 1764 2399 1898 2463; x_wconf 87' lang='lat' dir='ltr'><strong>magnilica</strong></span> 
     </span>
     <span class='ocr_line' id='line_1_82' title="bbox 1111 2472 1901 2539; baseline 0.011 -18"><span class='ocrx_word' id='word_1_554' title='bbox 1111 2475 1282 2531; x_wconf 88' lang='lat' dir='ltr'><strong>adornatum,</strong></span> <span class='ocrx_word' id='word_1_555' title='bbox 1293 2472 1388 2522; x_wconf 92' lang='lat' dir='ltr'><strong>detlxis</strong></span> <span class='ocrx_word' id='word_1_556' title='bbox 1401 2486 1590 2538; x_wconf 87' lang='lat' dir='ltr'><strong>usquequaque</strong></span> <span class='ocrx_word' id='word_1_557' title='bbox 1603 2478 1685 2527; x_wconf 91' lang='lat' dir='ltr'><strong>oeulis</strong></span> <span class='ocrx_word' id='word_1_558' title='bbox 1695 2480 1809 2539; x_wconf 89' lang='lat' dir='ltr'><strong>intuens,</strong></span> <span class='ocrx_word' id='word_1_559' title='bbox 1825 2477 1901 2530; x_wconf 91' lang='lat' dir='ltr'><strong>iden·</strong></span> 
     </span>
     <span class='ocr_line' id='line_1_83' title="bbox 1112 2551 1897 2614; baseline 0.006 -13"><span class='ocrx_word' id='word_1_560' title='bbox 1112 2552 1237 2614; x_wconf 89' lang='lat' dir='ltr'><strong>tidenque</strong></span> <span class='ocrx_word' id='word_1_561' title='bbox 1255 2551 1413 2601; x_wconf 90' lang='lat' dir='ltr'><strong>deosculans</strong></span> <span class='ocrx_word' id='word_1_562' title='bbox 1430 2555 1571 2614; x_wconf 87' lang='lat' dir='ltr'><strong>expiravit.</strong></span> <span class='ocrx_word' id='word_1_563' title='bbox 1588 2554 1632 2604; x_wconf 87' lang='lat' dir='ltr'><strong>Vir</strong></span> <span class='ocrx_word' id='word_1_564' title='bbox 1649 2555 1681 2604; x_wconf 90' lang='lat' dir='ltr'><strong>ed</strong></span> <span class='ocrx_word' id='word_1_565' title='bbox 1693 2557 1778 2605; x_wconf 90' lang='lat' dir='ltr'><strong>omnia</strong></span> <span class='ocrx_word' id='word_1_566' title='bbox 1796 2569 1897 2608; x_wconf 88' lang='lat' dir='ltr'><strong>summa</strong></span> 
     </span>
     <span class='ocr_line' id='line_1_84' title="bbox 1111 2629 1899 2695; baseline 0.005 -14"><span class='ocrx_word' id='word_1_567' title='bbox 1111 2636 1205 2690; x_wconf 88' lang='lat' dir='ltr'><strong>natue,</strong></span> <span class='ocrx_word' id='word_1_568' title='bbox 1223 2635 1249 2681; x_wconf 93' lang='lat' dir='ltr'><strong>et</strong></span> <span class='ocrx_word' id='word_1_569' title='bbox 1266 2629 1311 2693; x_wconf 90' lang='lat' dir='ltr'><strong>qui</strong></span> <span class='ocrx_word' id='word_1_570' title='bbox 1327 2630 1432 2680; x_wconf 84' lang='lat' dir='ltr'><strong>flantem</strong></span> <span class='ocrx_word' id='word_1_571' title='bbox 1446 2632 1633 2695; x_wconf 77' lang='lat' dir='ltr'><strong>sedentemque</strong></span> <span class='ocrx_word' id='word_1_572' title='bbox 1655 2637 1735 2685; x_wconf 88' lang='lat' dir='ltr'><strong>toties</strong></span> <span class='ocrx_word' id='word_1_573' title='bbox 1754 2636 1899 2694; x_wconf 78' lang='lat' dir='ltr'><strong>fortunam,</strong></span> 
     </span>
     <span class='ocr_line' id='line_1_85' title="bbox 1112 2710 1898 2773; baseline 0.009 -14"><span class='ocrx_word' id='word_1_574' title='bbox 1112 2722 1196 2773; x_wconf 90' lang='lat' dir='ltr'><strong>usque</strong></span> <span class='ocrx_word' id='word_1_575' title='bbox 1214 2710 1280 2759; x_wconf 89' lang='lat' dir='ltr'><strong>adeo</strong></span> <span class='ocrx_word' id='word_1_576' title='bbox 1297 2711 1331 2759; x_wconf 87' lang='lat' dir='ltr'><strong>sit</strong></span> <span class='ocrx_word' id='word_1_577' title='bbox 1353 2710 1454 2759; x_wconf 86' lang='lat' dir='ltr'><strong>alterna</strong></span> <span class='ocrx_word' id='word_1_578' title='bbox 1481 2710 1654 2763; x_wconf 84' lang='lat' dir='ltr'><strong>velificatione</strong></span> <span class='ocrx_word' id='word_1_579' title='bbox 1679 2715 1846 2773; x_wconf 88' lang='lat' dir='ltr'><strong>moderatus,</strong></span> <span class='ocrx_word' id='word_1_580' title='bbox 1868 2721 1898 2766; x_wconf 90' lang='lat' dir='ltr'><strong>nt</strong></span> 
     </span>
     <span class='ocr_line' id='line_1_86' title="bbox 1113 2790 1901 2852; baseline 0.006 -13"><span class='ocrx_word' id='word_1_581' title='bbox 1113 2790 1219 2840; x_wconf 88' lang='lat' dir='ltr'><strong>nescius</strong></span> <span class='ocrx_word' id='word_1_582' title='bbox 1236 2793 1323 2841; x_wconf 90' lang='lat' dir='ltr'><strong>ulrum</strong></span> <span class='ocrx_word' id='word_1_583' title='bbox 1337 2790 1460 2840; x_wconf 87' lang='lat' dir='ltr'><strong>secundis</strong></span> <span class='ocrx_word' id='word_1_584' title='bbox 1473 2792 1553 2842; x_wconf 88' lang='lat' dir='ltr'><strong>rebus</strong></span> <span class='ocrx_word' id='word_1_585' title='bbox 1564 2796 1740 2852; x_wconf 90' lang='lat' dir='ltr'><strong>constantior,</strong></span> <span class='ocrx_word' id='word_1_586' title='bbox 1758 2809 1789 2843; x_wconf 90' lang='lat' dir='ltr'><strong>au</strong></span> <span class='ocrx_word' id='word_1_587' title='bbox 1803 2796 1901 2844; x_wconf 86' lang='lat' dir='ltr'><strong>adver·</strong></span> 
     </span>
     <span class='ocr_line' id='line_1_87' title="bbox 1113 2870 1899 2936; baseline 0.008 -17"><span class='ocrx_word' id='word_1_588' title='bbox 1113 2871 1150 2920; x_wconf 95' lang='lat' dir='ltr'><strong>sis</strong></span> <span class='ocrx_word' id='word_1_589' title='bbox 1168 2870 1278 2932; x_wconf 89' lang='lat' dir='ltr'><strong>aequior</strong></span> <span class='ocrx_word' id='word_1_590' title='bbox 1290 2883 1319 2919; x_wconf 88' lang='lat' dir='ltr'><strong>ac</strong></span> <span class='ocrx_word' id='word_1_591' title='bbox 1338 2871 1529 2932; x_wconf 90' lang='lat' dir='ltr'><strong>temperantior</strong></span> <span class='ocrx_word' id='word_1_592' title='bbox 1542 2875 1701 2934; x_wconf 89' lang='lat' dir='ltr'><strong>apparuerit.</strong></span> <span class='ocrx_word' id='word_1_593' title='bbox 1717 2876 1821 2936; x_wconf 86' lang='lat' dir='ltr'><strong>ingenio</strong></span> <span class='ocrx_word' id='word_1_594' title='bbox 1834 2888 1899 2925; x_wconf 87' lang='lat' dir='ltr'><strong>vero</strong></span> 
     </span>
     <span class='ocr_line' id='line_1_88' title="bbox 1113 2948 1902 3017; baseline 0.009 -21"><span class='ocrx_word' id='word_1_595' title='bbox 1113 2950 1185 2998; x_wconf 87' lang='lat' dir='ltr'><strong>tanto</strong></span> <span class='ocrx_word' id='word_1_596' title='bbox 1204 2962 1233 2997; x_wconf 89' lang='lat' dir='ltr'><strong>ac</strong></span> <span class='ocrx_word' id='word_1_597' title='bbox 1251 2952 1303 2997; x_wconf 88' lang='lat' dir='ltr'><strong>tam</strong></span> <span class='ocrx_word' id='word_1_598' title='bbox 1322 2948 1409 3003; x_wconf 85' lang='lat' dir='ltr'><strong>taciti,</strong></span> <span class='ocrx_word' id='word_1_599' title='bbox 1427 2953 1452 2999; x_wconf 91' lang='lat' dir='ltr'><strong>et</strong></span> <span class='ocrx_word' id='word_1_600' title='bbox 1469 2952 1633 3013; x_wconf 88' lang='lat' dir='ltr'><strong>perspicaci,</strong></span> <span class='ocrx_word' id='word_1_601' title='bbox 1649 2954 1785 3017; x_wconf 86' lang='lat' dir='ltr'><strong>atquibus</strong></span> <span class='ocrx_word' id='word_1_602' title='bbox 1803 2956 1828 3003; x_wconf 92' lang='lat' dir='ltr'><strong>in</strong></span> <span class='ocrx_word' id='word_1_603' title='bbox 1846 2955 1902 3005; x_wconf 91' lang='lat' dir='ltr'><strong>sin·</strong></span> 
     </span>
     <span class='ocr_line' id='line_1_89' title="bbox 1113 3027 1898 3092; baseline 0.01 -16"><span class='ocrx_word' id='word_1_604' title='bbox 1113 3029 1181 3088; x_wconf 89' lang='lat' dir='ltr'><strong>gulis</strong></span> <span class='ocrx_word' id='word_1_605' title='bbox 1199 3027 1332 3076; x_wconf 87' lang='lat' dir='ltr'><strong>excellere</strong></span> <span class='ocrx_word' id='word_1_606' title='bbox 1359 3028 1401 3076; x_wconf 90' lang='lat' dir='ltr'><strong>alii</strong></span> <span class='ocrx_word' id='word_1_607' title='bbox 1426 3041 1546 3090; x_wconf 87' lang='lat' dir='ltr'><strong>magnum</strong></span> <span class='ocrx_word' id='word_1_608' title='bbox 1571 3036 1681 3092; x_wconf 89' lang='lat' dir='ltr'><strong>putant,</strong></span> <span class='ocrx_word' id='word_1_609' title='bbox 1698 3034 1741 3082; x_wconf 91' lang='lat' dir='ltr'><strong>illo</strong></span> <span class='ocrx_word' id='word_1_610' title='bbox 1765 3035 1898 3084; x_wconf 84' lang='lat' dir='ltr'><strong>universis</strong></span> 
     </span>
     <span class='ocr_line' id='line_1_90' title="bbox 1113 3107 1899 3173; baseline 0.011 -19"><span class='ocrx_word' id='word_1_611' title='bbox 1113 3108 1214 3168; x_wconf 89' lang='lat' dir='ltr'><strong>pariter</strong></span> <span class='ocrx_word' id='word_1_612' title='bbox 1231 3107 1368 3156; x_wconf 82' lang='lat' dir='ltr'><strong>emineret.</strong></span> <span class='ocrx_word' id='word_1_613' title='bbox 1387 3107 1453 3158; x_wconf 87' lang='lat' dir='ltr'><strong>Nam</strong></span> <span class='ocrx_word' id='word_1_614' title='bbox 1470 3107 1646 3170; x_wconf 89' lang='lat' dir='ltr'><strong>probitatem,</strong></span> <span class='ocrx_word' id='word_1_615' title='bbox 1660 3112 1806 3173; x_wconf 76' lang='lat' dir='ltr'><strong>iustitiam,</strong></span> <span class='ocrx_word' id='word_1_616' title='bbox 1822 3112 1899 3163; x_wconf 89' lang='lat' dir='ltr'><strong>tidem</strong></span> 
     </span>
     <span class='ocr_line' id='line_1_91' title="bbox 1114 3184 1902 3253; baseline 0.013 -21"><span class='ocrx_word' id='word_1_617' title='bbox 1114 3197 1191 3233; x_wconf 85' lang='lat' dir='ltr'><strong>nemo</strong></span> <span class='ocrx_word' id='word_1_618' title='bbox 1209 3185 1325 3234; x_wconf 90' lang='lat' dir='ltr'><strong>arbitror</strong></span> <span class='ocrx_word' id='word_1_619' title='bbox 1341 3184 1436 3244; x_wconf 83' lang='lat' dir='ltr'><strong>nescit,</strong></span> <span class='ocrx_word' id='word_1_620' title='bbox 1453 3188 1487 3235; x_wconf 90' lang='lat' dir='ltr'><strong>ita</strong></span> <span class='ocrx_word' id='word_1_621' title='bbox 1506 3187 1556 3236; x_wconf 91' lang='lat' dir='ltr'><strong>sibl</strong></span> <span class='ocrx_word' id='word_1_622' title='bbox 1575 3187 1706 3239; x_wconf 88' lang='lat' dir='ltr'><strong>Laurentii</strong></span> <span class='ocrx_word' id='word_1_623' title='bbox 1731 3191 1839 3242; x_wconf 84' lang='lat' dir='ltr'><strong>Medicis</strong></span> <span class='ocrx_word' id='word_1_624' title='bbox 1856 3204 1902 3253; x_wconf 93' lang='lat' dir='ltr'><strong>po·</strong></span> 
     </span>
     <span class='ocr_line' id='line_1_92' title="bbox 1114 3264 1902 3331; baseline 0.011 -21"><span class='ocrx_word' id='word_1_625' title='bbox 1114 3266 1173 3311; x_wconf 87' lang='lat' dir='ltr'><strong>ctus</strong></span> <span class='ocrx_word' id='word_1_626' title='bbox 1190 3265 1269 3325; x_wconf 90' lang='lat' dir='ltr'><strong>atquo</strong></span> <span class='ocrx_word' id='word_1_627' title='bbox 1287 3264 1420 3321; x_wconf 89' lang='lat' dir='ltr'><strong>animum,</strong></span> <span class='ocrx_word' id='word_1_628' title='bbox 1437 3265 1511 3327; x_wconf 91' lang='lat' dir='ltr'><strong>quasi</strong></span> <span class='ocrx_word' id='word_1_629' title='bbox 1529 3266 1704 3327; x_wconf 88' lang='lat' dir='ltr'><strong>gratissimum</strong></span> <span class='ocrx_word' id='word_1_630' title='bbox 1724 3270 1829 3331; x_wconf 87' lang='lat' dir='ltr'><strong>aliquod</strong></span> <span class='ocrx_word' id='word_1_631' title='bbox 1854 3269 1902 3319; x_wconf 94' lang='lat' dir='ltr'><strong>do-</strong></span> 
     </span>
     <span class='ocr_line' id='line_1_93' title="bbox 1114 3342 1900 3406; baseline 0.005 -14"><span class='ocrx_word' id='word_1_632' title='bbox 1114 3342 1258 3400; x_wconf 88' lang='lat' dir='ltr'><strong>micilium,</strong></span> <span class='ocrx_word' id='word_1_633' title='bbox 1275 3343 1454 3405; x_wconf 87' lang='lat' dir='ltr'><strong>templumque</strong></span> <span class='ocrx_word' id='word_1_634' title='bbox 1471 3343 1610 3406; x_wconf 89' lang='lat' dir='ltr'><strong>delegisse.</strong></span> <span class='ocrx_word' id='word_1_635' title='bbox 1635 3344 1691 3394; x_wconf 84' lang='lat' dir='ltr'><strong>lam</strong></span> <span class='ocrx_word' id='word_1_636' title='bbox 1710 3348 1834 3405; x_wconf 85' lang='lat' dir='ltr'><strong>comitas,</strong></span> <span class='ocrx_word' id='word_1_637' title='bbox 1850 3349 1900 3396; x_wconf 89' lang='lat' dir='ltr'><strong>hn-</strong></span> 
     </span>
     <span class='ocr_line' id='line_1_94' title="bbox 1114 3421 1899 3489; baseline 0.005 -18"><span class='ocrx_word' id='word_1_638' title='bbox 1114 3424 1242 3479; x_wconf 86' lang='lat' dir='ltr'><strong>manitas,</strong></span> <span class='ocrx_word' id='word_1_639' title='bbox 1269 3421 1407 3471; x_wconf 84' lang='lat' dir='ltr'><strong>atiabilitas</strong></span> <span class='ocrx_word' id='word_1_640' title='bbox 1431 3425 1528 3485; x_wconf 85' lang='lat' dir='ltr'><strong>quante</strong></span> <span class='ocrx_word' id='word_1_641' title='bbox 1553 3422 1649 3483; x_wconf 88' lang='lat' dir='ltr'><strong>inerit,</strong></span> <span class='ocrx_word' id='word_1_642' title='bbox 1674 3424 1768 3474; x_wconf 85' lang='lat' dir='ltr'><strong>eximia</strong></span> <span class='ocrx_word' id='word_1_643' title='bbox 1788 3425 1899 3489; x_wconf 84' lang='lat' dir='ltr'><strong>quadam</strong></span> 
     </span>
     <span class='ocr_line' id='line_1_95' title="bbox 1116 3505 1900 3570; baseline 0.001 -13"><span class='ocrx_word' id='word_1_644' title='bbox 1116 3508 1142 3557; x_wconf 92' lang='lat' dir='ltr'><strong>in</strong></span> <span class='ocrx_word' id='word_1_645' title='bbox 1160 3518 1219 3556; x_wconf 89' lang='lat' dir='ltr'><strong>eum</strong></span> <span class='ocrx_word' id='word_1_646' title='bbox 1237 3505 1318 3555; x_wconf 86' lang='lat' dir='ltr'><strong>totius</strong></span> <span class='ocrx_word' id='word_1_647' title='bbox 1334 3506 1439 3568; x_wconf 90' lang='lat' dir='ltr'><strong>populi,</strong></span> <span class='ocrx_word' id='word_1_648' title='bbox 1457 3508 1535 3567; x_wconf 91' lang='lat' dir='ltr'><strong>atque</strong></span> <span class='ocrx_word' id='word_1_649' title='bbox 1553 3508 1667 3556; x_wconf 88' lang='lat' dir='ltr'><strong>amulum</strong></span> <span class='ocrx_word' id='word_1_650' title='bbox 1685 3508 1761 3570; x_wconf 91' lang='lat' dir='ltr'><strong>plane</strong></span> <span class='ocrx_word' id='word_1_651' title='bbox 1779 3508 1900 3558; x_wconf 90' lang='lat' dir='ltr'><strong>ordinum</strong></span> 
     </span>
     <span class='ocr_line' id='line_1_96' title="bbox 1116 3582 1902 3648; baseline 0.005 -16"><span class='ocrx_word' id='word_1_652' title='bbox 1116 3582 1316 3640; x_wconf 88' lang='lat' dir='ltr'><strong>benevolentia,</strong></span> <span class='ocrx_word' id='word_1_653' title='bbox 1333 3583 1490 3632; x_wconf 85' lang='lat' dir='ltr'><strong>declaratur.</strong></span> <span class='ocrx_word' id='word_1_654' title='bbox 1504 3583 1554 3633; x_wconf 88' lang='lat' dir='ltr'><strong>Sed</strong></span> <span class='ocrx_word' id='word_1_655' title='bbox 1567 3587 1635 3633; x_wconf 90' lang='lat' dir='ltr'><strong>enim</strong></span> <span class='ocrx_word' id='word_1_656' title='bbox 1649 3586 1719 3635; x_wconf 88' lang='lat' dir='ltr'><strong>inter</strong></span> <span class='ocrx_word' id='word_1_657' title='bbox 1729 3586 1794 3636; x_wconf 89' lang='lat' dir='ltr'><strong>haec</strong></span> <span class='ocrx_word' id='word_1_658' title='bbox 1807 3589 1902 3648; x_wconf 88' lang='lat' dir='ltr'><strong>omnia,</strong></span> 
     </span>
     <span class='ocr_line' id='line_1_97' title="bbox 1114 3662 1903 3729; baseline 0.006 -18"><span class='ocrx_word' id='word_1_659' title='bbox 1114 3662 1260 3713; x_wconf 89' lang='lat' dir='ltr'><strong>liberalitas</strong></span> <span class='ocrx_word' id='word_1_660' title='bbox 1277 3665 1386 3720; x_wconf 89' lang='lat' dir='ltr'><strong>tamen,</strong></span> <span class='ocrx_word' id='word_1_661' title='bbox 1403 3667 1429 3712; x_wconf 84' lang='lat' dir='ltr'><strong>et</strong></span> <span class='ocrx_word' id='word_1_662' title='bbox 1455 3663 1643 3726; x_wconf 89' lang='lat' dir='ltr'><strong>maguitlrentia</strong></span> <span class='ocrx_word' id='word_1_663' title='bbox 1663 3665 1903 3729; x_wconf 81' lang='lat' dir='ltr'><strong>explendescebat,</strong></span> 
     </span>
     <span class='ocr_line' id='line_1_98' title="bbox 1114 3741 1902 3807; baseline 0.004 -14"><span class='ocrx_word' id='word_1_664' title='bbox 1114 3744 1270 3806; x_wconf 80' lang='lat' dir='ltr'><strong>quasillum</strong></span> <span class='ocrx_word' id='word_1_665' title='bbox 1294 3754 1363 3804; x_wconf 91' lang='lat' dir='ltr'><strong>pene</strong></span> <span class='ocrx_word' id='word_1_666' title='bbox 1387 3741 1530 3792; x_wconf 86' lang='lat' dir='ltr'><strong>immortali</strong></span> <span class='ocrx_word' id='word_1_667' title='bbox 1547 3743 1658 3805; x_wconf 87' lang='lat' dir='ltr'><strong>quadam</strong></span> <span class='ocrx_word' id='word_1_668' title='bbox 1683 3746 1764 3807; x_wconf 85' lang='lat' dir='ltr'><strong>glorta</strong></span> <span class='ocrx_word' id='word_1_669' title='bbox 1783 3746 1816 3794; x_wconf 91' lang='lat' dir='ltr'><strong>ad</strong></span> <span class='ocrx_word' id='word_1_670' title='bbox 1834 3745 1902 3796; x_wconf 78' lang='lat' dir='ltr'><strong>Dens</strong></span> 
     </span>
     <span class='ocr_line' id='line_1_99' title="bbox 1114 3820 1904 3885; baseline 0.005 -14"><span class='ocrx_word' id='word_1_671' title='bbox 1114 3833 1198 3885; x_wconf 81' lang='lat' dir='ltr'><strong>usqne</strong></span> <span class='ocrx_word' id='word_1_672' title='bbox 1210 3824 1382 3884; x_wconf 89' lang='lat' dir='ltr'><strong>provexerat.</strong></span> <span class='ocrx_word' id='word_1_673' title='bbox 1399 3820 1462 3870; x_wconf 83' lang='lat' dir='ltr'><strong>Cum</strong></span> <span class='ocrx_word' id='word_1_674' title='bbox 1475 3822 1579 3870; x_wconf 89' lang='lat' dir='ltr'><strong>interim</strong></span> <span class='ocrx_word' id='word_1_675' title='bbox 1597 3824 1660 3872; x_wconf 90' lang='lat' dir='ltr'><strong>nihil</strong></span> <span class='ocrx_word' id='word_1_676' title='bbox 1677 3825 1720 3873; x_wconf 92' lang='lat' dir='ltr'><strong>ille</strong></span> <span class='ocrx_word' id='word_1_677' title='bbox 1733 3825 1817 3874; x_wconf 86' lang='lat' dir='ltr'><strong>lamae</strong></span> <span class='ocrx_word' id='word_1_678' title='bbox 1835 3824 1904 3875; x_wconf 89' lang='lat' dir='ltr'><strong>doh-</strong></span> 
     </span>
     <span class='ocr_line' id='line_1_100' title="bbox 1115 3901 1903 3959; baseline 0.006 -9"><span class='ocrx_word' id='word_1_679' title='bbox 1115 3905 1189 3952; x_wconf 89' lang='lat' dir='ltr'><strong>taxat</strong></span> <span class='ocrx_word' id='word_1_680' title='bbox 1206 3914 1304 3959; x_wconf 90' lang='lat' dir='ltr'><strong>causa,</strong></span> <span class='ocrx_word' id='word_1_681' title='bbox 1321 3903 1347 3949; x_wconf 91' lang='lat' dir='ltr'><strong>et</strong></span> <span class='ocrx_word' id='word_1_682' title='bbox 1365 3901 1493 3959; x_wconf 88' lang='lat' dir='ltr'><strong>nominis,</strong></span> <span class='ocrx_word' id='word_1_683' title='bbox 1510 3903 1594 3951; x_wconf 85' lang='lat' dir='ltr'><strong>omnia</strong></span> <span class='ocrx_word' id='word_1_684' title='bbox 1607 3901 1672 3951; x_wconf 85' lang='lat' dir='ltr'><strong>v&#39;ero</strong></span> <span class='ocrx_word' id='word_1_685' title='bbox 1691 3904 1795 3953; x_wconf 90' lang='lat' dir='ltr'><strong>virtutis</strong></span> <span class='ocrx_word' id='word_1_686' title='bbox 1813 3918 1903 3955; x_wconf 86' lang='lat' dir='ltr'><strong>amore</strong></span> 
     </span>
     <span class='ocr_line' id='line_1_101' title="bbox 1115 3980 1901 4043; baseline 0.005 -14"><span class='ocrx_word' id='word_1_687' title='bbox 1115 3980 1335 4043; x_wconf 87' lang='lat' dir='ltr'><strong>persequabatur.</strong></span> <span class='ocrx_word' id='word_1_688' title='bbox 1362 3980 1491 4038; x_wconf 84' lang='lat' dir='ltr'><strong>Quantum</strong></span> <span class='ocrx_word' id='word_1_689' title='bbox 1522 3984 1607 4029; x_wconf 86' lang='lat' dir='ltr'><strong>autem</strong></span> <span class='ocrx_word' id='word_1_690' title='bbox 1633 3981 1752 4030; x_wconf 87' lang='lat' dir='ltr'><strong>literatos</strong></span> <span class='ocrx_word' id='word_1_691' title='bbox 1783 3984 1901 4033; x_wconf 87' lang='lat' dir='ltr'><strong>hemines</strong></span> 
     </span>
     <span class='ocr_line' id='line_1_102' title="bbox 1115 4057 1899 4123; baseline 0.004 -15"><span class='ocrx_word' id='word_1_692' title='bbox 1115 4058 1203 4109; x_wconf 91' lang='lat' dir='ltr'><strong>studio</strong></span> <span class='ocrx_word' id='word_1_693' title='bbox 1221 4057 1450 4120; x_wconf 89' lang='lat' dir='ltr'><strong>completahatur‚</strong></span> <span class='ocrx_word' id='word_1_694' title='bbox 1475 4062 1599 4119; x_wconf 91' lang='lat' dir='ltr'><strong>quantum</strong></span> <span class='ocrx_word' id='word_1_695' title='bbox 1627 4059 1752 4121; x_wconf 83' lang='lat' dir='ltr'><strong>honoris,</strong></span> <span class='ocrx_word' id='word_1_696' title='bbox 1775 4066 1899 4123; x_wconf 88' lang='lat' dir='ltr'><strong>qnantum</strong></span> 
     </span>
     <span class='ocr_line' id='line_1_103' title="bbox 1116 4134 1904 4202; baseline 0.005 -16"><span class='ocrx_word' id='word_1_697' title='bbox 1116 4141 1195 4187; x_wconf 90' lang='lat' dir='ltr'><strong>etiam</strong></span> <span class='ocrx_word' id='word_1_698' title='bbox 1213 4137 1380 4186; x_wconf 89' lang='lat' dir='ltr'><strong>reverentiae</strong></span> <span class='ocrx_word' id='word_1_699' title='bbox 1398 4134 1519 4185; x_wconf 89' lang='lat' dir='ltr'><strong>omnihus</strong></span> <span class='ocrx_word' id='word_1_700' title='bbox 1537 4138 1696 4197; x_wconf 89' lang='lat' dir='ltr'><strong>exhibebat,</strong></span> <span class='ocrx_word' id='word_1_701' title='bbox 1712 4144 1837 4202; x_wconf 89' lang='lat' dir='ltr'><strong>qnantum</strong></span> <span class='ocrx_word' id='word_1_702' title='bbox 1855 4139 1904 4190; x_wconf 89' lang='lat' dir='ltr'><strong>de·</strong></span> 
     </span>
     <span class='ocr_line' id='line_1_104' title="bbox 1115 4215 1902 4282; baseline 0.003 -14"><span class='ocrx_word' id='word_1_703' title='bbox 1115 4220 1195 4282; x_wconf 89' lang='lat' dir='ltr'><strong>nique</strong></span> <span class='ocrx_word' id='word_1_704' title='bbox 1218 4228 1315 4279; x_wconf 88' lang='lat' dir='ltr'><strong>operae</strong></span> <span class='ocrx_word' id='word_1_705' title='bbox 1339 4215 1536 4279; x_wconf 89' lang='lat' dir='ltr'><strong>industriaeque</strong></span> <span class='ocrx_word' id='word_1_706' title='bbox 1554 4230 1617 4267; x_wconf 88' lang='lat' dir='ltr'><strong>suae</strong></span> <span class='ocrx_word' id='word_1_707' title='bbox 1641 4217 1828 4281; x_wconf 90' lang='lat' dir='ltr'><strong>conquirendis</strong></span> <span class='ocrx_word' id='word_1_708' title='bbox 1846 4223 1902 4270; x_wconf 89' lang='lat' dir='ltr'><strong>toto</strong></span> 
     </span>
     <span class='ocr_line' id='line_1_105' title="bbox 1116 4294 1904 4361; baseline 0.001 -12"><span class='ocrx_word' id='word_1_709' title='bbox 1116 4299 1181 4349; x_wconf 89' lang='lat' dir='ltr'><strong>orbe</strong></span> <span class='ocrx_word' id='word_1_710' title='bbox 1199 4301 1344 4355; x_wconf 88' lang='lat' dir='ltr'><strong>terrarum,</strong></span> <span class='ocrx_word' id='word_1_711' title='bbox 1361 4294 1565 4357; x_wconf 90' lang='lat' dir='ltr'><strong>coemendisqne</strong></span> <span class='ocrx_word' id='word_1_712' title='bbox 1582 4298 1684 4361; x_wconf 87' lang='lat' dir='ltr'><strong>linguae</strong></span> <span class='ocrx_word' id='word_1_713' title='bbox 1701 4298 1839 4361; x_wconf 88' lang='lat' dir='ltr'><strong>utriusque</strong></span> <span class='ocrx_word' id='word_1_714' title='bbox 1855 4310 1904 4350; x_wconf 86' lang='lat' dir='ltr'><strong>vo·</strong></span> 
     </span>
     <span class='ocr_line' id='line_1_106' title="bbox 1116 4375 1905 4440; baseline 0.001 -13"><span class='ocrx_word' id='word_1_715' title='bbox 1116 4375 1258 4427; x_wconf 89' lang='lat' dir='ltr'><strong>luminibus</strong></span> <span class='ocrx_word' id='word_1_716' title='bbox 1275 4377 1379 4438; x_wconf 84' lang='lat' dir='ltr'><strong>posuit;</strong></span> <span class='ocrx_word' id='word_1_717' title='bbox 1396 4378 1561 4438; x_wconf 88' lang='lat' dir='ltr'><strong>quantosque</strong></span> <span class='ocrx_word' id='word_1_718' title='bbox 1578 4378 1602 4426; x_wconf 93' lang='lat' dir='ltr'><strong>in</strong></span> <span class='ocrx_word' id='word_1_719' title='bbox 1620 4389 1650 4427; x_wconf 91' lang='lat' dir='ltr'><strong>ea</strong></span> <span class='ocrx_word' id='word_1_720' title='bbox 1668 4388 1698 4428; x_wconf 89' lang='lat' dir='ltr'><strong>re</strong></span> <span class='ocrx_word' id='word_1_721' title='bbox 1714 4390 1791 4440; x_wconf 87' lang='lat' dir='ltr'><strong>quarn</strong></span> <span class='ocrx_word' id='word_1_722' title='bbox 1809 4375 1905 4428; x_wconf 82' lang='lat' dir='ltr'><strong>imme·</strong></span> 
     </span>
     <span class='ocr_line' id='line_1_107' title="bbox 1115 4454 1903 4519; baseline -0.005 -10"><span class='ocrx_word' id='word_1_723' title='bbox 1115 4472 1163 4509; x_wconf 88' lang='lat' dir='ltr'><strong>nes</strong></span> <span class='ocrx_word' id='word_1_724' title='bbox 1180 4460 1300 4519; x_wconf 89' lang='lat' dir='ltr'><strong>sumptus</strong></span> <span class='ocrx_word' id='word_1_725' title='bbox 1317 4456 1395 4513; x_wconf 87' lang='lat' dir='ltr'><strong>lecit,</strong></span> <span class='ocrx_word' id='word_1_726' title='bbox 1411 4458 1440 4505; x_wconf 90' lang='lat' dir='ltr'><strong>ut</strong></span> <span class='ocrx_word' id='word_1_727' title='bbox 1452 4467 1504 4504; x_wconf 92' lang='lat' dir='ltr'><strong>non</strong></span> <span class='ocrx_word' id='word_1_728' title='bbox 1516 4459 1588 4505; x_wconf 88' lang='lat' dir='ltr'><strong>aetas</strong></span> <span class='ocrx_word' id='word_1_729' title='bbox 1605 4455 1684 4505; x_wconf 91' lang='lat' dir='ltr'><strong>modo</strong></span> <span class='ocrx_word' id='word_1_730' title='bbox 1696 4454 1778 4513; x_wconf 91' lang='lat' dir='ltr'><strong>haec,</strong></span> <span class='ocrx_word' id='word_1_731' title='bbox 1796 4460 1840 4505; x_wconf 90' lang='lat' dir='ltr'><strong>aut</strong></span> <span class='ocrx_word' id='word_1_732' title='bbox 1852 4455 1903 4506; x_wconf 90' lang='lat' dir='ltr'><strong>hoc</strong></span> 
     </span>
     <span class='ocr_line' id='line_1_108' title="bbox 1117 4533 1903 4597; baseline -0.003 -10"><span class='ocrx_word' id='word_1_733' title='bbox 1117 4537 1270 4593; x_wconf 89' lang='lat' dir='ltr'><strong>saeculum,</strong></span> <span class='ocrx_word' id='word_1_734' title='bbox 1295 4533 1343 4583; x_wconf 87' lang='lat' dir='ltr'><strong>sed</strong></span> <span class='ocrx_word' id='word_1_735' title='bbox 1359 4534 1502 4596; x_wconf 89' lang='lat' dir='ltr'><strong>posteritas</strong></span> <span class='ocrx_word' id='word_1_736' title='bbox 1519 4535 1597 4584; x_wconf 89' lang='lat' dir='ltr'><strong>etiam</strong></span> <span class='ocrx_word' id='word_1_737' title='bbox 1623 4534 1697 4597; x_wconf 90' lang='lat' dir='ltr'><strong>ipsa,</strong></span> <span class='ocrx_word' id='word_1_738' title='bbox 1718 4533 1859 4584; x_wconf 84' lang='lat' dir='ltr'><strong>maximam</strong></span> <span class='ocrx_word' id='word_1_739' title='bbox 1875 4536 1903 4586; x_wconf 92' lang='lat' dir='ltr'><strong>ln</strong></span> 
     </span>
     <span class='ocr_line' id='line_1_109' title="bbox 1115 4610 1901 4678; baseline -0.005 -13"><span class='ocrx_word' id='word_1_740' title='bbox 1115 4615 1194 4678; x_wconf 90' lang='lat' dir='ltr'><strong>hujus</strong></span> <span class='ocrx_word' id='word_1_741' title='bbox 1227 4613 1339 4663; x_wconf 89' lang='lat' dir='ltr'><strong>hominis</strong></span> <span class='ocrx_word' id='word_1_742' title='bbox 1367 4613 1473 4661; x_wconf 86' lang='lat' dir='ltr'><strong>interitu</strong></span> <span class='ocrx_word' id='word_1_743' title='bbox 1495 4610 1628 4673; x_wconf 81' lang='lat' dir='ltr'><strong>jacturam</strong></span> <span class='ocrx_word' id='word_1_744' title='bbox 1653 4613 1754 4661; x_wconf 87' lang='lat' dir='ltr'><strong>lecerit.</strong></span> <span class='ocrx_word' id='word_1_745' title='bbox 1779 4612 1901 4663; x_wconf 88' lang='lat' dir='ltr'><strong>Ceterum</strong></span> 
     </span>
     <span class='ocr_line' id='line_1_110' title="bbox 1116 4689 1902 4752; baseline -0.006 -9"><span class='ocrx_word' id='word_1_746' title='bbox 1116 4693 1286 4743; x_wconf 87' lang='lat' dir='ltr'><strong>consolantur</strong></span> <span class='ocrx_word' id='word_1_747' title='bbox 1302 4703 1350 4740; x_wconf 89' lang='lat' dir='ltr'><strong>nos</strong></span> <span class='ocrx_word' id='word_1_748' title='bbox 1368 4691 1482 4739; x_wconf 84' lang='lat' dir='ltr'><strong>maximo</strong></span> <span class='ocrx_word' id='word_1_749' title='bbox 1509 4690 1535 4739; x_wconf 91' lang='lat' dir='ltr'><strong>in</strong></span> <span class='ocrx_word' id='word_1_750' title='bbox 1552 4689 1622 4739; x_wconf 90' lang='lat' dir='ltr'><strong>luctu</strong></span> <span class='ocrx_word' id='word_1_751' title='bbox 1640 4690 1716 4739; x_wconf 90' lang='lat' dir='ltr'><strong>liberi</strong></span> <span class='ocrx_word' id='word_1_752' title='bbox 1735 4692 1809 4752; x_wconf 77' lang='lat' dir='ltr'><strong>elus,</strong></span> <span class='ocrx_word' id='word_1_753' title='bbox 1827 4693 1902 4738; x_wconf 88' lang='lat' dir='ltr'><strong>tanto</strong></span> 
     </span>
     <span class='ocr_line' id='line_1_111' title="bbox 1115 4770 1903 4836; baseline -0.004 -14"><span class='ocrx_word' id='word_1_754' title='bbox 1115 4778 1193 4836; x_wconf 89' lang='lat' dir='ltr'><strong>patre</strong></span> <span class='ocrx_word' id='word_1_755' title='bbox 1210 4771 1373 4834; x_wconf 85' lang='lat' dir='ltr'><strong>dignissimi,</strong></span> <span class='ocrx_word' id='word_1_756' title='bbox 1390 4782 1500 4832; x_wconf 92' lang='lat' dir='ltr'><strong>quorum</strong></span> <span class='ocrx_word' id='word_1_757' title='bbox 1517 4770 1561 4833; x_wconf 91' lang='lat' dir='ltr'><strong>qui</strong></span> <span class='ocrx_word' id='word_1_758' title='bbox 1574 4772 1703 4821; x_wconf 88' lang='lat' dir='ltr'><strong>maximus</strong></span> <span class='ocrx_word' id='word_1_759' title='bbox 1720 4776 1782 4820; x_wconf 90' lang='lat' dir='ltr'><strong>natu</strong></span> <span class='ocrx_word' id='word_1_760' title='bbox 1800 4771 1903 4829; x_wconf 71' lang='lat' dir='ltr'><strong>PetruS,</strong></span> 
     </span>
     <span class='ocr_line' id='line_1_112' title="bbox 1115 4848 1902 4912; baseline -0.006 -11"><span class='ocrx_word' id='word_1_761' title='bbox 1115 4853 1223 4902; x_wconf 84' lang='lat' dir='ltr'><strong>vixdum</strong></span> <span class='ocrx_word' id='word_1_762' title='bbox 1248 4852 1361 4912; x_wconf 86' lang='lat' dir='ltr'><strong>primum</strong></span> <span class='ocrx_word' id='word_1_763' title='bbox 1390 4853 1416 4898; x_wconf 91' lang='lat' dir='ltr'><strong>et</strong></span> <span class='ocrx_word' id='word_1_764' title='bbox 1444 4848 1598 4911; x_wconf 88' lang='lat' dir='ltr'><strong>vigesimum</strong></span> <span class='ocrx_word' id='word_1_765' title='bbox 1628 4853 1762 4912; x_wconf 87' lang='lat' dir='ltr'><strong>ingressus</strong></span> <span class='ocrx_word' id='word_1_766' title='bbox 1788 4861 1902 4905; x_wconf 89' lang='lat' dir='ltr'><strong>annum,</strong></span> 
     </span>
     <span class='ocr_line' id='line_1_113' title="bbox 1115 4928 1901 4993; baseline -0.008 -11"><span class='ocrx_word' id='word_1_767' title='bbox 1115 4936 1187 4982; x_wconf 88' lang='lat' dir='ltr'><strong>tanta</strong></span> <span class='ocrx_word' id='word_1_768' title='bbox 1205 4933 1256 4990; x_wconf 86' lang='lat' dir='ltr'><strong>inm</strong></span> <span class='ocrx_word' id='word_1_769' title='bbox 1274 4933 1301 4980; x_wconf 91' lang='lat' dir='ltr'><strong>et</strong></span> <span class='ocrx_word' id='word_1_770' title='bbox 1321 4931 1451 4993; x_wconf 85' lang='lat' dir='ltr'><strong>gravitate</strong></span> <span class='ocrx_word' id='word_1_771' title='bbox 1469 4933 1495 4978; x_wconf 89' lang='lat' dir='ltr'><strong>et</strong></span> <span class='ocrx_word' id='word_1_772' title='bbox 1516 4929 1674 4991; x_wconf 88' lang='lat' dir='ltr'><strong>prudentia,</strong></span> <span class='ocrx_word' id='word_1_773' title='bbox 1698 4936 1724 4978; x_wconf 93' lang='lat' dir='ltr'><strong>et</strong></span> <span class='ocrx_word' id='word_1_774' title='bbox 1742 4928 1901 4977; x_wconf 90' lang='lat' dir='ltr'><strong>authoritate</strong></span> 
     </span>
     <span class='ocr_line' id='line_1_114' title="bbox 1115 5007 1902 5070; baseline -0.01 -8"><span class='ocrx_word' id='word_1_775' title='bbox 1115 5012 1210 5062; x_wconf 89' lang='lat' dir='ltr'><strong>molem</strong></span> <span class='ocrx_word' id='word_1_776' title='bbox 1228 5010 1309 5060; x_wconf 86' lang='lat' dir='ltr'><strong>totius</strong></span> <span class='ocrx_word' id='word_1_777' title='bbox 1325 5009 1398 5070; x_wconf 90' lang='lat' dir='ltr'><strong>lteip.</strong></span> <span class='ocrx_word' id='word_1_778' title='bbox 1423 5010 1568 5067; x_wconf 88' lang='lat' dir='ltr'><strong>sustentat,</strong></span> <span class='ocrx_word' id='word_1_779' title='bbox 1591 5012 1620 5056; x_wconf 90' lang='lat' dir='ltr'><strong>ut</strong></span> <span class='ocrx_word' id='word_1_780' title='bbox 1636 5008 1662 5056; x_wconf 93' lang='lat' dir='ltr'><strong>in</strong></span> <span class='ocrx_word' id='word_1_781' title='bbox 1687 5020 1719 5057; x_wconf 93' lang='lat' dir='ltr'><strong>eo</strong></span> <span class='ocrx_word' id='word_1_782' title='bbox 1743 5007 1830 5056; x_wconf 86' lang='lat' dir='ltr'><strong>stetim</strong></span> <span class='ocrx_word' id='word_1_783' title='bbox 1856 5019 1902 5055; x_wconf 88' lang='lat' dir='ltr'><strong>re·</strong></span> 
     </span>
     <span class='ocr_line' id='line_1_115' title="bbox 1115 5085 1903 5151; baseline -0.01 -11"><span class='ocrx_word' id='word_1_784' title='bbox 1115 5091 1217 5140; x_wconf 83' lang='lat' dir='ltr'><strong>vixisse</strong></span> <span class='ocrx_word' id='word_1_785' title='bbox 1240 5088 1341 5151; x_wconf 87' lang='lat' dir='ltr'><strong>genitor</strong></span> <span class='ocrx_word' id='word_1_786' title='bbox 1358 5086 1513 5136; x_wconf 87' lang='lat' dir='ltr'><strong>Laurentius</strong></span> <span class='ocrx_word' id='word_1_787' title='bbox 1538 5087 1712 5136; x_wconf 89' lang='lat' dir='ltr'><strong>existimetur.</strong></span> <span class='ocrx_word' id='word_1_788' title='bbox 1730 5085 1804 5135; x_wconf 80' lang='lat' dir='ltr'><strong>Alter</strong></span> <span class='ocrx_word' id='word_1_789' title='bbox 1820 5096 1903 5133; x_wconf 87' lang='lat' dir='ltr'><strong>anno·</strong></span> 
     </span>
     <span class='ocr_line' id='line_1_116' title="bbox 1116 5164 1901 5229; baseline -0.008 -10"><span class='ocrx_word' id='word_1_790' title='bbox 1116 5183 1174 5219; x_wconf 88' lang='lat' dir='ltr'><strong>rum</strong></span> <span class='ocrx_word' id='word_1_791' title='bbox 1192 5166 1370 5229; x_wconf 84' lang='lat' dir='ltr'><strong>duodeviginti</strong></span> <span class='ocrx_word' id='word_1_792' title='bbox 1382 5165 1505 5222; x_wconf 86' lang='lat' dir='ltr'><strong>loannes,</strong></span> <span class='ocrx_word' id='word_1_793' title='bbox 1524 5170 1550 5215; x_wconf 87' lang='lat' dir='ltr'><strong>et</strong></span> <span class='ocrx_word' id='word_1_794' title='bbox 1566 5165 1711 5215; x_wconf 89' lang='lat' dir='ltr'><strong>Cardinalis</strong></span> <span class='ocrx_word' id='word_1_795' title='bbox 1724 5164 1901 5227; x_wconf 88' lang='lat' dir='ltr'><strong>amplissimus</strong></span> 
     </span>
     <span class='ocr_line' id='line_1_117' title="bbox 1116 5244 1899 5311; baseline -0.005 -14"><span class='ocrx_word' id='word_1_796' title='bbox 1116 5247 1199 5311; x_wconf 88' lang='lat' dir='ltr'><strong>(qnod</strong></span> <span class='ocrx_word' id='word_1_797' title='bbox 1210 5258 1340 5309; x_wconf 89' lang='lat' dir='ltr'><strong>nunquam</strong></span> <span class='ocrx_word' id='word_1_798' title='bbox 1354 5246 1473 5308; x_wconf 90' lang='lat' dir='ltr'><strong>cuiquam</strong></span> <span class='ocrx_word' id='word_1_799' title='bbox 1486 5244 1511 5293; x_wconf 95' lang='lat' dir='ltr'><strong>id</strong></span> <span class='ocrx_word' id='word_1_800' title='bbox 1524 5248 1618 5294; x_wconf 90' lang='lat' dir='ltr'><strong>aetatis</strong></span> <span class='ocrx_word' id='word_1_801' title='bbox 1630 5245 1780 5306; x_wconf 76' lang='lat' dir='ltr'><strong>contigerit)</strong></span> <span class='ocrx_word' id='word_1_802' title='bbox 1792 5249 1818 5295; x_wconf 93' lang='lat' dir='ltr'><strong>et</strong></span> <span class='ocrx_word' id='word_1_803' title='bbox 1830 5244 1899 5293; x_wconf 87' lang='lat' dir='ltr'><strong>idem</strong></span> 
     </span>
     <span class='ocr_line' id='line_1_118' title="bbox 1116 5322 1903 5386; baseline -0.008 -9"><span class='ocrx_word' id='word_1_804' title='bbox 1116 5326 1247 5377; x_wconf 80' lang='lat' dir='ltr'><strong>Pontificis</strong></span> <span class='ocrx_word' id='word_1_805' title='bbox 1263 5327 1377 5386; x_wconf 79' lang='lat' dir='ltr'><strong>Maximi,</strong></span> <span class='ocrx_word' id='word_1_806' title='bbox 1398 5338 1450 5375; x_wconf 92' lang='lat' dir='ltr'><strong>non</strong></span> <span class='ocrx_word' id='word_1_807' title='bbox 1468 5325 1493 5373; x_wconf 95' lang='lat' dir='ltr'><strong>in</strong></span> <span class='ocrx_word' id='word_1_808' title='bbox 1510 5324 1643 5374; x_wconf 80' lang='lat' dir='ltr'><strong>Ecclesiae</strong></span> <span class='ocrx_word' id='word_1_809' title='bbox 1660 5324 1819 5373; x_wconf 84' lang='lat' dir='ltr'><strong>Patrimonio</strong></span> <span class='ocrx_word' id='word_1_810' title='bbox 1836 5322 1903 5372; x_wconf 93' lang='lat' dir='ltr'><strong>dun·</strong></span> 
     </span>
     <span class='ocr_line' id='line_1_119' title="bbox 1117 5401 1904 5469; baseline -0.008 -13"><span class='ocrx_word' id='word_1_811' title='bbox 1117 5409 1208 5465; x_wconf 82' lang='lat' dir='ltr'><strong>taxat,</strong></span> <span class='ocrx_word' id='word_1_812' title='bbox 1232 5405 1280 5457; x_wconf 89' lang='lat' dir='ltr'><strong>sed</strong></span> <span class='ocrx_word' id='word_1_813' title='bbox 1296 5408 1322 5456; x_wconf 92' lang='lat' dir='ltr'><strong>in</strong></span> <span class='ocrx_word' id='word_1_814' title='bbox 1338 5409 1438 5469; x_wconf 88' lang='lat' dir='ltr'><strong>patriae</strong></span> <span class='ocrx_word' id='word_1_815' title='bbox 1455 5416 1560 5468; x_wconf 93' lang='lat' dir='ltr'><strong>quoque</strong></span> <span class='ocrx_word' id='word_1_816' title='bbox 1582 5416 1646 5453; x_wconf 88' lang='lat' dir='ltr'><strong>snae</strong></span> <span class='ocrx_word' id='word_1_817' title='bbox 1662 5404 1812 5453; x_wconf 91' lang='lat' dir='ltr'><strong>distintione</strong></span> <span class='ocrx_word' id='word_1_818' title='bbox 1822 5401 1904 5464; x_wconf 83' lang='lat' dir='ltr'><strong>Lega-</strong></span> 
     </span>
     <span class='ocr_line' id='line_1_120' title="bbox 1118 5480 1903 5547; baseline -0.006 -12"><span class='ocrx_word' id='word_1_819' title='bbox 1118 5490 1177 5545; x_wconf 89' lang='lat' dir='ltr'><strong>tus,</strong></span> <span class='ocrx_word' id='word_1_820' title='bbox 1200 5487 1279 5537; x_wconf 87' lang='lat' dir='ltr'><strong>tatem</strong></span> <span class='ocrx_word' id='word_1_821' title='bbox 1297 5490 1449 5547; x_wconf 88' lang='lat' dir='ltr'><strong>tantumque</strong></span> <span class='ocrx_word' id='word_1_822' title='bbox 1473 5496 1501 5533; x_wconf 92' lang='lat' dir='ltr'><strong>se</strong></span> <span class='ocrx_word' id='word_1_823' title='bbox 1527 5483 1577 5540; x_wconf 88' lang='lat' dir='ltr'><strong>iam</strong></span> <span class='ocrx_word' id='word_1_824' title='bbox 1601 5487 1654 5532; x_wconf 89' lang='lat' dir='ltr'><strong>tam</strong></span> <span class='ocrx_word' id='word_1_825' title='bbox 1678 5482 1767 5532; x_wconf 88' lang='lat' dir='ltr'><strong>arduis</strong></span> <span class='ocrx_word' id='word_1_826' title='bbox 1791 5480 1903 5543; x_wconf 88' lang='lat' dir='ltr'><strong>negotiis</strong></span> 
     </span>
     <span class='ocr_line' id='line_1_121' title="bbox 1118 5561 1904 5628; baseline -0.011 -12"><span class='ocrx_word' id='word_1_827' title='bbox 1118 5568 1200 5628; x_wconf 88' lang='lat' dir='ltr'><strong>gerit,</strong></span> <span class='ocrx_word' id='word_1_828' title='bbox 1216 5569 1242 5615; x_wconf 90' lang='lat' dir='ltr'><strong>et</strong></span> <span class='ocrx_word' id='word_1_829' title='bbox 1259 5568 1392 5628; x_wconf 86' lang='lat' dir='ltr'><strong>praestat,</strong></span> <span class='ocrx_word' id='word_1_830' title='bbox 1408 5567 1436 5613; x_wconf 92' lang='lat' dir='ltr'><strong>nt</strong></span> <span class='ocrx_word' id='word_1_831' title='bbox 1453 5562 1568 5612; x_wconf 93' lang='lat' dir='ltr'><strong>omnium</strong></span> <span class='ocrx_word' id='word_1_832' title='bbox 1586 5562 1611 5611; x_wconf 93' lang='lat' dir='ltr'><strong>lu</strong></span> <span class='ocrx_word' id='word_1_833' title='bbox 1625 5574 1653 5611; x_wconf 87' lang='lat' dir='ltr'><strong>se</strong></span> <span class='ocrx_word' id='word_1_834' title='bbox 1670 5561 1820 5610; x_wconf 90' lang='lat' dir='ltr'><strong>mortalium</strong></span> <span class='ocrx_word' id='word_1_835' title='bbox 1838 5571 1904 5607; x_wconf 86' lang='lat' dir='ltr'><strong>ocu·</strong></span> 
     </span>
    </p>
   </div>
   <div class='ocr_carea' id='block_1_8' title="bbox 263 5636 1903 5786">
    <p class='ocr_par' dir='ltr' id='par_1_8' title="bbox 263 5636 1903 5786">
     <span class='ocr_line' id='line_1_122' title="bbox 263 5636 1901 5705; baseline -0.004 -14"><span class='ocrx_word' id='word_1_836' title='bbox 263 5648 290 5692; x_wconf 92' lang='lat' dir='ltr'><strong>et</strong></span> <span class='ocrx_word' id='word_1_837' title='bbox 307 5655 340 5691; x_wconf 88' lang='lat' dir='ltr'><strong>ne</strong></span> <span class='ocrx_word' id='word_1_838' title='bbox 357 5642 419 5691; x_wconf 90' lang='lat' dir='ltr'><strong>nihil</strong></span> <span class='ocrx_word' id='word_1_839' title='bbox 437 5655 514 5703; x_wconf 85' lang='lat' dir='ltr'><strong>agero</strong></span> <span class='ocrx_word' id='word_1_840' title='bbox 526 5640 696 5700; x_wconf 88' lang='lat' dir='ltr'><strong>viderentur,</strong></span> <span class='ocrx_word' id='word_1_841' title='bbox 715 5641 902 5693; x_wconf 81' lang='lat' dir='ltr'><strong>officiosissime</strong></span> <span class='ocrx_word' id='word_1_842' title='bbox 918 5643 1049 5693; x_wconf 80' lang='lat' dir='ltr'><strong>hominem</strong></span> <span class='ocrx_word' id='word_1_843' title='bbox 1121 5646 1160 5694; x_wconf 93' lang='lat' dir='ltr'><strong>los</strong></span> <span class='ocrx_word' id='word_1_844' title='bbox 1177 5645 1355 5702; x_wconf 88' lang='lat' dir='ltr'><strong>converterit,</strong></span> <span class='ocrx_word' id='word_1_845' title='bbox 1380 5646 1459 5705; x_wconf 90' lang='lat' dir='ltr'><strong>atque</strong></span> <span class='ocrx_word' id='word_1_846' title='bbox 1484 5640 1664 5691; x_wconf 89' lang='lat' dir='ltr'><strong>incredibilem</strong></span> <span class='ocrx_word' id='word_1_847' title='bbox 1688 5641 1836 5703; x_wconf 89' lang='lat' dir='ltr'><strong>quandam,</strong></span> <span class='ocrx_word' id='word_1_848' title='bbox 1858 5636 1901 5684; x_wconf 93' lang='lat' dir='ltr'><strong>cui</strong></span> 
     </span>
     <span class='ocr_line' id='line_1_123' title="bbox 263 5716 1903 5786; baseline -0.005 -14"><span class='ocrx_word' id='word_1_849' title='bbox 263 5723 415 5783; x_wconf 83' lang='lat' dir='ltr'><strong>vexabant,</strong></span> <span class='ocrx_word' id='word_1_850' title='bbox 433 5723 496 5774; x_wconf 88' lang='lat' dir='ltr'><strong>nihil</strong></span> <span class='ocrx_word' id='word_1_851' title='bbox 522 5723 564 5772; x_wconf 89' lang='lat' dir='ltr'><strong>itte</strong></span> <span class='ocrx_word' id='word_1_852' title='bbox 583 5724 670 5772; x_wconf 88' lang='lat' dir='ltr'><strong>tamen</strong></span> <span class='ocrx_word' id='word_1_853' title='bbox 698 5724 850 5784; x_wconf 88' lang='lat' dir='ltr'><strong>aspernari,</strong></span> <span class='ocrx_word' id='word_1_854' title='bbox 870 5723 931 5773; x_wconf 89' lang='lat' dir='ltr'><strong>nihil</strong></span> <span class='ocrx_word' id='word_1_855' title='bbox 956 5724 1051 5774; x_wconf 88' lang='lat' dir='ltr'><strong>adver·</strong></span> <span class='ocrx_word' id='word_1_856' title='bbox 1120 5736 1297 5786; x_wconf 86' lang='lat' dir='ltr'><strong>responsurus</strong></span> <span class='ocrx_word' id='word_1_857' title='bbox 1314 5722 1466 5786; x_wconf 88' lang='lat' dir='ltr'><strong>planissimo</strong></span> <span class='ocrx_word' id='word_1_858' title='bbox 1483 5725 1539 5783; x_wconf 92' lang='lat' dir='ltr'><strong>ost,</strong></span> <span class='ocrx_word' id='word_1_859' title='bbox 1557 5721 1768 5785; x_wconf 87' lang='lat' dir='ltr'><strong>expectationem</strong></span> <span class='ocrx_word' id='word_1_860' title='bbox 1787 5716 1903 5769; x_wconf 88' lang='lat' dir='ltr'><strong>concita·</strong></span> 
     </span>
    </p>
   </div>
   <div class='ocr_carea' id='block_1_9' title="bbox 0 0 2261 6852">
    <p class='ocr_par' dir='ltr' id='par_1_9' title="bbox 0 0 2261 6852">
     <span class='ocr_line' id='line_1_124' title="bbox 0 0 2261 6852; baseline 0 0"><span class='ocrx_word' id='word_1_861' title='bbox 0 0 2261 6852; x_wconf 95' lang='lat' dir='ltr'><strong> </strong></span> 
     </span>
    </p>
   </div>
  </div>
 </body>
</html>
