4492 6859
377 645 398 701 6
887 631 939 693 bu
961 628 1077 691 OblTU
1100 624 1204 687 stxtt
1226 622 1350 684 PAPAE
1370 622 1525 693 uuauut.

379 782 493 837 vertens
512 792 612 836 versus
639 781 730 834 cornu
751 770 918 849 evangelii,
937 780 970 829 ut
989 765 1106 846 epistola
1135 773 1165 823 et

374 876 555 955 evangelium
574 874 740 936 dicerentur
757 872 832 931 inter
853 870 945 931 altare
965 878 994 929 et
1011 864 1163 945 imaginem

377 976 479 1039 beatae
495 974 602 1038 Mariae
622 973 725 1034 ibidem
739 971 902 1052 depictam3
918 964 1083 1031 cardinales
1102 982 1164 1024 ses-

374 1077 437 1136 suri
453 1086 537 1136 erant
552 1076 580 1134 in
597 1074 714 1135 banchis
730 1072 805 1132 inira
820 1071 912 1131 altare
928 1068 956 1128 iu
975 1070 1070 1147 plano,
1082 1076 1163 1124 stan·

378 1176 455 1236 tibus
470 1176 611 1257 episcopis
628 1186 656 1235 et
672 1172 850 1253 presbyteris
866 1171 893 1229 in
913 1185 1004 1230 cornu
1018 1165 1164 1244 epistolae,

373 1289 402 1338 et
420 1276 546 1337 diaconis
574 1276 602 1334 in
633 1290 727 1334 cornu
751 1269 910 1349 evangelii3
932 1268 961 1327 in
981 1265 1036 1327 fine
1055 1263 1163 1325 scamni

374 1377 576 1457 episcoporum
591 1384 620 1434 et
640 1371 880 1453 presbyterorum
893 1366 1084 1429 cardinalium
1099 1378 1163 1427 erat

375 1493 525 1537 scamnum
543 1474 679 1535 humilius
697 1490 753 1553 pro
765 1468 941 1532 Oratoribus
957 1468 1051 1541 laicis3
1066 1468 1093 1527 in
1109 1464 1163 1529 one

375 1575 483 1637 scamni
501 1575 701 1644 diaconorum,
714 1582 797 1633 erant
817 1578 933 1631 scamna
953 1568 1038 1646 longe
1059 1566 1163 1625 multi·

375 1676 480 1756 plicam
501 1693 555 1754 pro
576 1673 720 1753 praelatis.

417 1772 568 1836 credentia
592 1771 761 1834 celebrantis
788 1781 852 1831 erat
877 1767 1006 1849 ponenda
1029 1775 1095 1826 ante
1116 1764 1165 1824 al-

377 1885 456 1946 tare,
477 1885 506 1935 et
526 1872 680 1951 imaginem
705 1869 901 1950 praedictam;
923 1870 1001 1928 circa
1023 1876 1164 1938 castrum,

376 1993 427 2054 per
446 1985 504 2034 tres
532 1973 640 2046 lineas,
665 1972 758 2052 posita
779 1982 863 2032 crant
883 1986 998 2031 seamm
1026 1984 1081 2046 pro
1101 1966 1165 2025 aliis

375 2074 511 2153 praelatis
529 2072 557 2134 in
578 2091 701 2135 numero
721 2073 854 2151 copioso,
871 2082 901 2132 et
916 2068 990 2130 linea
1011 2079 1164 2129 transver-

374 2175 442 2233 salis
464 2173 652 2252 multiplicata
674 2183 774 2253 parata
800 2171 960 2231 [uincere
988 2186 1042 2249 pro
1068 2166 1163 2246 prima

377 2270 424 2333 die
439 2284 494 2332 etc.

419 2371 546 2451 Singulis
571 2372 672 2433 diebus
702 2372 786 2435 liebnt
812 2372 998 2452 congregatio
1021 2370 1048 2429 in
1078 2365 1163 2428 domo

377 2469 413 2530 tt.
438 2469 473 2530 l).
498 2469 651 2550 Hapbaelis
672 2472 703 2533 S.
728 2470 846 2552 Georgii
871 2472 984 2533 diaconi
1005 2467 1163 2532 cardinalis

376 2568 412 2629 D.
434 2570 527 2649 Papae
548 2570 727 2644 camerarii,
749 2573 877 2632 omnium
897 2570 1094 2633 cardinalium
1116 2573 1161 2631 vel

375 2668 495 2747 rvrajoris
514 2668 604 2749 partis
625 2690 739 2746 eorum,
757 2690 813 2752 pro
832 2672 1056 2753 opportunitate,
1076 2670 1162 2733 rebus

376 2772 565 2835 consulendis.

414 2872 447 2930 lu
460 2872 504 2932 die
514 2871 721 2951 Assumptionis
731 2872 834 2933 beatae
845 2871 955 2934 Mariae
968 2870 1093 2951 Virginis
1105 2889 1161 2931 non

361 2970 430 3032 ¹luit
451 2970 535 3031 missa
549 2970 683 3031 solemnis
703 2971 731 3031 in
753 2972 881 3050 cappella
902 2970 1011 3051 Papae:
1031 2970 1162 3031 dicebant

374 3071 461 3144 enim,
483 3045 732 3132 reverendissimus
753 3069 918 3133 cardinales
939 3073 1018 3134 circa
1040 3069 1162 3150 majora,

375 3188 426 3231 seu
447 3170 502 3229 alia
522 3188 582 3232 esse
602 3181 769 3250 occupatos,
791 3170 826 3230 tt.
847 3172 884 3234 1).
906 3172 1059 3234 cardimle
1076 3172 1160 3234 l'ice·

376 3270 551 3332 cancellario
567 3271 596 3332 id
615 3271 686 3331 mibi
707 3271 847 3334 referente
868 3272 923 3358 (l).

417 3513 453 3567 tr)
476 3506 629 3558 Cardinales
645 3509 679 3559 de
695 3508 780 3559 salute
796 3509 903 3572 publica
924 3511 1062 3561 consulere
1081 3510 1162 3561 debe·

377 3582 458 3643 bant,
475 3589 501 3636 et
517 3585 550 3634 do
570 3588 693 3648 propria,
708 3600 767 3637 nam
785 3588 829 3638 die
845 3588 1043 3653 decimaquarta
1059 3592 1161 3655 angusti

378 3663 483 3713 ·multl
502 3665 615 3725 trivenes
637 3670 807 3717 accesserunt
829 3668 923 3717 armati
939 3668 972 3717 ad
988 3667 1093 3719 domum
1117 3682 1162 3719 co·

377 3741 448 3791 mitis
463 3740 629 3807 Hieronymi,
640 3748 763 3806 putantes
774 3746 845 3795 illum
857 3746 892 3795 ibi
908 3759 987 3809 posse
1000 3747 1119 3797 inveniri.
1130 3748 1161 3798 sst

379 3832 437 3871 cum
454 3834 506 3871 non
523 3823 694 3895 invenissent,
706 3828 831 3887 essetque
846 3823 941 3875 domus
953 3825 997 3876 illa
1008 3839 1057 3889 pro
1068 3828 1161 3890 majori

378 3905 453 3962 parta
464 3900 640 3964 disgombrata
653 3906 678 3953 et
689 3908 825 3964 evacuata,
836 3905 978 3955 clamantes
989 3905 1095 3956 lottiter
1111 3903 1162 3957 co-

377 3980 470 4045 lonen,
486 3983 613 4044 Colonen,
629 3984 725 4036 dictam
747 3986 853 4037 domum
877 3990 1022 4049 ceperunt,
1038 3988 1161 4050 illamque

377 4062 411 4114 de
428 4065 534 4115 residuo
545 4064 615 4128 quod
626 4063 662 4114 ibi
678 4070 736 4116 erat
751 4066 949 4117 darobaveruat
960 4072 1039 4131 atque
1054 4066 1162 4117 destru-

376 4148 488 4202 xerunt,
503 4147 638 4193 vastantes
659 4146 756 4195 mazzis
773 4145 866 4195 terreis
882 4150 973 4207 portas
988 4150 1016 4197 ot
1030 4146 1161 4196 lenestras

377 4233 541 4272 marmoreas
557 4225 607 4270 etc.
624 4220 720 4271 Eadem
736 4222 778 4272 die
791 4224 918 4284 tarentus
934 4236 994 4273 cum
1010 4224 1093 4274 simile
1109 4225 1162 4272 cla·

376 4310 449 4347 more
459 4297 652 4348 transTiberim
663 4310 692 4349 se
704 4302 814 4349 contulit
825 4304 851 4350 et
862 4301 914 4351 dno
924 4315 1080 4365 magazzena
1089 4314 1162 4352 mer·

375 4377 450 4427 cibus
461 4378 547 4439 plena,
558 4389 625 4440 quaa
637 4382 713 4427 arant
723 4379 889 4440 quorundam
897 4381 1076 4438 laccensium,
1087 4382 1162 4430 simi·

377 4454 440 4507 liter
451 4456 484 4506 ad
495 4468 601 4506 saccum
615 4456 757 4516 miseruat;
769 4461 866 4521 etpost
877 4459 1160 4519 llla,duonaviliaviai

277 4547 279 4551 ⁴
377 4534 659 4597 cuiusdamlanuensis
674 4548 733 4586 cnm
750 4538 820 4587 omni
839 4538 1014 4589 instrumento
1030 4539 1160 4589 dictarum

377 4616 482 4664 navium
502 4618 715 4677 asportaverunt.
739 4616 771 4667 Et
792 4616 917 4678 intuba,
939 4619 1097 4681 ubicumque
1116 4631 1162 4667 re-

378 4699 455 4757 perta
471 4695 520 4745 luit
536 4696 622 4759 aliqua
638 4694 732 4746 domus
750 4697 790 4746 vel
807 4696 876 4746 bona
893 4697 1023 4746 dictorum
1046 4695 1162 4746 tanuen·

379 4773 455 4831 sium,
472 4775 593 4824 similiter
605 4778 764 4836 acceperunt
780 4778 831 4825 etc.
849 4776 920 4826 Hulti
937 4775 1162 4839 disgumbratores

378 4855 404 4900 et
424 4864 514 4902 eorum
531 4855 599 4902 bona
621 4853 655 4902 de
671 4866 723 4902 uno
740 4854 798 4903 loco
815 4853 849 4903 ad
865 4854 943 4903 alium
955 4857 1113 4917 portantes,
1134 4856 1159 4903 vi

376 4928 520 4979 disturbati
531 4930 638 4980 luerunt
654 4935 706 4980 etc.
722 4931 930 4982 conservatores
941 4936 968 4981 et
979 4931 1105 4982 Olilcialcs
1115 4943 1162 4980 ce·

367 5012 473 5070 =parunt
495 5022 584 5060 curam
601 5008 739 5067 Civitatis,
761 5012 941 5073 miseruntque
962 5012 1094 5074 proclama
1110 5011 1160 5062 snb

312 5104 316 5111 ·
378 5100 463 5149 poena
479 5088 632 5147 turcarum,
648 5087 718 5150 qnod
734 5090 820 5137 nullus
836 5087 980 5139 olienderet
994 5090 1106 5152 aliquem
1117 5101 1162 5139 ou·

380 5168 471 5216 rislam
492 5169 531 5216 vol
557 5167 624 5217 alios
640 5165 801 5224 derobarat,
818 5172 1015 5230 posueruntque
1036 5168 1161 5219 custodes

381 5246 465 5307 portis
482 5250 509 5296 et
524 5245 650 5308 pontibus
664 5256 672 5304 ,’
688 5249 716 5295 et
738 5244 857 5295 lecerunt
877 5259 956 5294 unum
975 5248 1160 5299 lterescalcnm

382 5337 431 5387 pro
452 5324 560 5387 guardia
585 5327 611 5373 ln
632 5323 749 5387 qualibet
773 5323 878 5385 regione
899 5326 949 5374 etc.
971 5323 1161 5375 Transtiberini

378 5404 531 5453 clauserunt
547 5407 639 5464 portas
654 5402 772 5463 eiusdem
784 5401 908 5463 regionis,
919 5404 981 5454 etin
998 5408 1077 5465 ponta
1091 5416 1161 5454 nove

379 5486 525 5542 posuerunt
541 5479 631 5530 trabes
643 5484 693 5530 etc.
712 5480 808 5531 Eadem
820 5481 862 5529 die
873 5493 963 5531 comes
978 5480 1162 5545 Hieronymus,

379 5557 505 5620 virginius
522 5557 628 5608 Ursinus
644 5564 671 5609 et
687 5561 782 5622 reliqui
802 5562 905 5610 reversi
926 5565 987 5610 sunt
1000 5596 1005 5609 .
1018 5595 1025 5609 .
1039 5594 1045 5606 .
1057 5596 1064 5610 .
1078 5558 1162 5608 Comi·

377 5637 451 5694 tissa,
467 5649 535 5686 uxor
553 5639 656 5688 comitis
672 5637 833 5701 Hieronymi,
848 5642 963 5688 cestrum
979 5640 1004 5689 s.
1018 5639 1108 5702 Angeli
1125 5640 1161 5687 ia·

379 5718 473 5773 travit;
490 5720 516 5767 et
533 5715 679 5768 cardinalis
695 5718 719 5765 S.
739 5716 807 5767 Petri
830 5717 862 5766 ad
877 5717 981 5769 Vincula
999 5719 1095 5769 multos
1111 5729 1161 5779 pe·

1909 600 2017 707 (arai)

1270 760 1354 821 Feria
1376 762 1461 822 tertia
1483 759 1519 819 l’l
1542 758 1646 818 mensis
1666 758 1782 835 augusti
1804 757 1840 817 R.
1862 757 1898 818 D.
1919 757 2017 821 Rode-

1230 865 1308 922 ricus
1334 861 1482 941 episcopus
1502 859 1640 919 Portuen.
1662 856 1694 917 S.
1716 857 1751 917 H.
1773 857 1808 918 Ε.
1829 858 2017 921 Vicecancel-

1231 961 1341 1033 larius,
1362 960 1443 1039 prior·
1464 957 1676 1038 Episcoporum
1700 976 1735 1019 ac
1759 960 1888 1019 omnium
1910 959 2016 1021 cardi·

1229 1062 1349 1133 nnlium,
1363 1062 1391 1121 in
1410 1060 1525 1119 basilica
1539 1058 1637 1120 Sancti
1650 1057 1742 1130 Petri,
1759 1060 1788 1119 in
1803 1059 1895 1120 altare
1912 1060 2017 1123 Baetae

1229 1160 1337 1221 Mariae
1348 1157 1514 1238 supradicto
1525 1158 1682 1221 celebravit
1691 1160 1815 1238 primam
1827 1162 1944 1220 missam
1960 1179 2018 1239 pu·

1230 1260 1334 1321 blicam
1348 1258 1551 1319 defunctorum
1565 1276 1620 1338 pro
1641 1259 1735 1318 anima
1755 1259 1847 1321 bonne
1862 1260 2017 1322 memoriae

1230 1360 1302 1422 Sixti
1323 1358 1417 1438 Papae
1437 1360 1556 1436 quarti,
1578 1361 1747 1421 ceremoniis
1773 1361 1926 1422 consuetis.
1950 1359 2017 1423 Post

1230 1462 1357 1531 missam,
1374 1458 1523 1520 Generalis
1541 1459 1651 1520 ordinis
1672 1460 1770 1521 Sancti
1780 1460 1934 1539 Augustini
1950 1461 2016 1521 iecit

1229 1578 1412 1620 sermonumt
1437 1558 1502 1619 HR.
1530 1558 1591 1619 Di).
1620 1558 1845 1640 Neapolitanus,
1866 1572 1896 1621 et
1917 1560 2016 1622 Sancti

1229 1660 1673 1740 Maraiepiscopilllediolanensis
1683 1674 1712 1724 et
1722 1662 1936 1725 Matisconensis
1946 1679 2017 1740 pre·

1229 1760 1338 1841 sbyteri
1354 1759 1532 1832 cardinales,
1544 1778 1600 1819 una
1617 1779 1685 1821 cuna
1700 1763 1863 1825 celebrante
1880 1761 2017 1821 absolve·

1229 1871 1301 1920 runt
1308 1878 1389 1923 more
1398 1872 1543 1923 consueto.
1551 1864 1749 1925 interfuerunt
1758 1861 1942 1945 (cllllicll.
1950 1862 2017 1925 Uli·

1229 1960 1359 2033 sbonen.,
1370 1959 1574 2035 Racbanaten,
1590 1963 1718 2041 Agrico,
1731 1963 1830 2025 Sancti
1847 1962 2016 2028 clementis.

1229 2060 1432 2140 aragoniam
1447 2063 1586 2135 Haesura,
1603 2060 1638 2122 dc
1652 2061 1822 2134 comitibus,
1835 2061 2017 2134 Garunna,

1229 2161 1374 2233 Pnrmen,
1386 2163 1576 2243 presbyteri}
1589 2160 1688 2223 Sancti
1701 2162 1830 2242 Georgii,
1841 2174 1870 2224 ct
1880 2161 1916 2223 de
1929 2162 2017 2225 Ursi·

1229 2261 1283 2333 nis,
1299 2263 1429 2323 diaconi
1443 2261 1620 2335 cnrdinales‚
1637 2264 1716 2324 ultra
1727 2262 1798 2324 alios
1813 2263 1942 2343 quinque
1962 2282 2016 2324 eu·

1229 2361 1374 2441 predictos
1389 2361 1439 2440 qui
1454 2362 1482 2422 in
1496 2364 1616 2423 ecclesie
1635 2364 1694 2423 suis
1709 2350 1936 2425 toats'sedebenr.
1951 2364 2018 2426 Ho-

1229 2463 1318 2523 mines
1329 2461 1453 2541 lugubre
1466 2460 1559 2523 vestiti
1570 2462 1651 2525 inere
1662 2481 1784 2525 numero
1794 2462 1855 2525 atto
1867 2464 1912 2527 vel
1924 2465 2014 2527 circa.

1228 2714 1296 2764 dites
1313 2726 1343 2764 ac
1360 2715 1456 2766 milites
1472 2716 1604 2779 stipendio
1620 2717 1769 2780 acquisivit,
1779 2721 1806 2768 et
1820 2717 1927 2769 domum
1938 2731 2015 2769 suam

1228 2794 1383 2845 mirabiliter
1404 2793 1553 2845 laetificavit
1570 2799 1597 2845 et
1623 2795 1726 2846 fulcirit
1742 2800 1795 2848 etc.
1816 2817 1827 2840 ι
1851 2796 2015 2860 iaanenu,

1227 2872 1275 2924 loc.
1292 2875 1333 2923 cit.

1260 2973 1270 2995 ·
1295 2952 1429 3018 Epercbc
1445 2953 1470 3003 di
1487 2967 1567 3017 sopra
1582 2967 1635 3005 non
1651 2956 1685 3006 ho
1702 2955 1775 3007 detto
1792 2957 1861 3008 delle
1883 2972 1947 3010 osse
1970 2959 2014 3011 dei

1227 3031 1376 3094 Cardinali,
1393 3037 1459 3085 tutte
1477 3034 1587 3084 s'erano
1603 3048 1690 3087 messa
1706 3038 1733 3087 in
1749 3036 1866 3088 lortezaa
1882 3049 1933 3088 con
1950 3037 2016 3089 ber·

1227 3115 1335 3175 tesche;
1353 3126 1367 3165 e
1383 3127 1445 3165 casa
1462 3115 1504 3166 del
1520 3116 1739 3168 vicecancelliere
1749 3129 1815 3169 area
1826 3117 1878 3168 due
1889 3117 2015 3181 bastioni,

1226 3207 1279 3244 nno
1294 3195 1361 3260 dalla
1377 3200 1454 3258 porta
1470 3195 1584 3256 dinanzi,
1595 3197 1689 3246 l'altro
1706 3198 1749 3249 dal
1765 3197 1892 3261 giardinu-
1911 3219 1922 3241 ι
1940 3199 2015 3251 utar.

1226 3272 1287 3324 Not.
1302 3275 1434 3336 Antiport.

1267 3353 1325 3413 (2)·
1343 3351 1389 3401 uia
1405 3352 1494 3402 Hastis
1510 3364 1565 3403 xvn
1583 3359 1686 3417 augusti
1704 3359 1816 3419 coeptae
1826 3354 1934 3407 inerunt
1948 3370 2015 3407 exe·

1227 3431 1305 3492 quiae
1321 3429 1417 3492 quibus
1434 3444 1486 3480 non
1503 3431 1678 3482 interfuerunt
1689 3436 1762 3484 multi
1774 3434 1938 3495 cardinales,
1950 3449 2014 3498 pro·

1227 3511 1287 3568 pter
1303 3510 1423 3557 timorem
1441 3509 1521 3559 castri
1537 3509 1560 3557 s.
1576 3509 1677 3572 Angeti.
1696 3532 1706 3552 ·
1724 3511 1885 3574 larassnaa,
1902 3513 1951 3563 tac.
1970 3514 2013 3563 rit.

1270 3608 1281 3631 ι
1300 3588 1349 3638 atti
1374 3592 1403 3639 17
1425 3587 1454 3637 ln
1474 3589 1632 3638 cominciato
1648 3589 1664 3639 t’
1675 3592 1783 3653 esequio
1800 3591 1826 3641 di
1842 3591 1910 3654 Papa
1924 3592 2016 3650 sistas

1227 3667 1305 3717 cantd
1321 3667 1345 3715 la
1362 3678 1449 3717 messa
1466 3666 1483 3715 il
1500 3666 1732 3729 vicecancetttare,
1747 3682 1762 3720 e
1777 3681 1830 3720 non
1847 3672 1873 3719 vi
1889 3670 1948 3720 turo
1969 3671 2013 3733 piri

1227 3744 1253 3794 dt
1269 3744 1357 3795 undici
1368 3745 1509 3795 cardinali.
1521 3746 1548 3795 Vi
1559 3759 1717 3797 mancaroao
1728 3748 1753 3800 S.
1763 3749 1846 3801 Pietro
1860 3750 1888 3798 in
1901 3749 2013 3809 Virronis,

1226 3821 1345 3887 Polluta,
1355 3823 1464 3885 sorello,
1483 3824 1596 3875 colonae
1612 3838 1626 3874 e
1642 3825 1745 3885 Hilono,
1762 3839 1811 3890 per
1827 3827 1956 3878 divisione
1967 3829 2015 3877 che

1228 3915 1273 3953 era
1289 3907 1330 3953 tra
1346 3902 1371 3952 di
1388 3905 1444 3953 loro
1460 3914 1509 3965 per
1525 3903 1549 3952 le
1566 3905 1634 3966 parti
1650 3904 1676 3954 di
1693 3916 1754 3954 casa
1772 3905 1866 3956 Orsina
1881 3917 1896 3954 e
1912 3904 2013 3955 diense

1227 3981 1352 4045 Colonna,
1369 3997 1383 4034 e
1400 3983 1441 4034 col
1457 3984 1559 4046 signore
1571 3986 1710 4035 Antonetle
1727 3997 1742 4035 e
1757 3984 1924 4035 fretellilitil
1934 3984 1960 4033 di
1972 3987 2013 4034 in·

1227 4063 1304 4111 oanni
1321 4060 1397 4112 antrd
1413 4064 1439 4111 in
1455 4063 1535 4112 Roma
1557 4065 1573 4113 il
1594 4062 1732 4114 cardinale
1748 4064 1818 4114 della
1833 4063 1949 4113 calonna
1970 4064 2012 4112 col

1227 4142 1316 4203 signer
1332 4141 1469 4190 Antonallo
1485 4141 1580 4191 savelli
1597 4154 1612 4190 e
1628 4143 1761 4201 fretellae
1778 4154 1921 4192 manerono
1937 4143 2009 4192 circa

1227 4220 1324 4271 dumila
1344 4232 1458 4282 persone
1480 4223 1521 4270 tra
1546 4221 1609 4271 ianti
1625 4234 1640 4271 e
1656 4223 1750 4272 cavalli
1764 4258 1773 4280 ,
1788 4226 1815 4272 et
1834 4221 2013 4283 alloggiaroao

1227 4312 1306 4349 verso
1331 4299 1408 4349 Santo
1428 4299 1564 4361 Apostolo.
1586 4298 1675 4348 Doride
1691 4300 1784 4350 iurono
1800 4301 1865 4351 latta
1885 4299 1911 4350 di
1931 4302 2012 4350 mette

1227 4377 1320 4428 sbarre
1340 4390 1389 4440 per
1412 4379 1500 4428 Home.
1517 4378 1537 4429 Ε
1553 4379 1671 4442 sapaudo
1686 4380 1727 4429 eto
1743 4381 1823 4442 qnelti
1839 4379 1865 4429 di
1881 4392 1944 4429 casa
1961 4378 2011 4429 Or-

1227 4460 1293 4514 sina,
1304 4457 1326 4507 si
1344 4458 1409 4507 mise
1421 4459 1446 4506 in
1459 4470 1530 4507 arrae
1542 4458 1558 4507 il
1571 4459 1660 4520 signer
1670 4457 1747 4508 Panlo
1758 4471 1807 4509 con
1820 4459 1880 4509 tutti
1892 4460 1974 4521 quelli
1984 4458 2010 4506 di

1226 4537 1313 4588 Honte
1332 4536 1479 4595 Giordaao,
1496 4550 1511 4587 e
1531 4549 1628 4599 pareva
1645 4537 1694 4587 ebe
1711 4542 1776 4588 tutta
1800 4540 1880 4589 Home
1900 4538 2011 4588 cadesse

1226 4619 1395 4678 sottosopra,
1411 4615 1528 4665 adeoene
1547 4615 1663 4679 ltpriano
1679 4616 1710 4665 da
1727 4617 1853 4667 Pabriano
1868 4616 1952 4679 padre
1968 4617 2011 4668 del

1227 4697 1314 4759 signer
1324 4695 1400 4744 Panlo
1411 4695 1514 4744 andava
1526 4706 1574 4756 per
1583 4693 1663 4744 Ponte
1674 4693 1785 4744 dicendo
1796 4694 1830 4744 ad
1846 4706 1950 4756 ognuno
1962 4696 2011 4744 aba

1226 4778 1248 4825 si
1265 4778 1392 4824 mettesse
1407 4773 1433 4823 in
1450 4785 1535 4832 arma,
1551 4785 1566 4822 e
1583 4777 1670 4822 stesse
1687 4774 1714 4823 in
1729 4773 1836 4835 guardia
1848 4772 1917 4822 delle
1933 4786 2010 4832 casa;

1227 4856 1281 4907 esi
1298 4853 1422 4905 dubitava
1446 4854 1494 4902 che
1512 4853 1518 4900 i
1536 4851 1674 4902 Cotonnesi
1695 4854 1833 4902 venissem
1853 4865 1868 4900 a
1889 4853 2013 4914 sacchag-

1227 4936 1298 4997 giara
1314 4933 1331 4982 il
1349 4934 1422 4981 rinae
1438 4931 1465 4981 di
1481 4931 1602 4988 Pontese
1618 4929 1714 4979 turono
1729 4930 1793 4979 latta
1811 4932 1890 4980 molta
1901 4930 2010 4992 guardia

1227 5016 1252 5064 in
1269 5012 1342 5061 detto
1359 5012 1432 5059 riona
1443 5014 1468 5059 et
1479 5010 1613 5060 andarono
1626 5007 1676 5058 due
1693 5008 1806 5070 squadre
1817 5009 1843 5057 dt
1855 5010 2009 5057 cavellicen

1227 5094 1251 5143 te
1268 5090 1351 5141 lancie
1366 5091 1416 5138 atla
1428 5090 1515 5139 coscia
1532 5101 1547 5139 e
1563 5100 1612 5137 eon
1629 5088 1662 5149 gli
1678 5087 1778 5137 elmetti
1795 5088 1845 5137 atta
1861 5091 1929 5136 testa
1941 5091 2009 5137 tutta

1227 5172 1250 5221 la
1267 5174 1359 5228 notte,
1374 5167 1498 5231 gridando
1520 5167 1583 5218 Orco
1602 5178 1616 5215 e
1637 5164 1733 5215 chiesa.
1750 5188 1760 5208 ·
1786 5165 1874 5217 Dinrio
1889 5165 1916 5213 di
1931 5164 2010 5214 liomn

1228 5250 1271 5301 del
1285 5250 1345 5302 Not.
1362 5247 1388 5297 di
1405 5248 1553 5309 Antiporto,
1568 5246 1597 5293 in
1612 5246 1716 5296 llum.
1730 5245 1778 5295 loc.
1795 5245 1836 5294 cit.
1852 5255 1878 5304 p.
1896 5244 1967 5293 1089.

1270 5348 1281 5370 ι
1299 5327 1395 5377 Eadem
1412 5325 1454 5375 die
1468 5324 1563 5373 lactum
1579 5323 1628 5373 luit
1639 5325 1776 5374 consilium
1793 5324 1820 5372 in
1836 5322 1966 5384 capitolio
1982 5328 2009 5373 et

1226 5408 1298 5456 cives
1322 5406 1427 5455 Romani
1443 5403 1618 5452 decreverunt
1639 5404 1788 5465 supplicare
1810 5401 2012 5458 Cardinalibns,

1226 5487 1297 5550 quod
1313 5499 1384 5536 arma
1400 5484 1577 5539 dimitterent,
1593 5484 1653 5544 quia
1670 5495 1760 5533 omnes
1777 5483 1802 5531 in
1819 5494 1909 5532 eorum
1926 5479 2014 5530 domi-

1227 5565 1277 5616 bus
1293 5568 1368 5616 erant
1379 5562 1482 5620 armati,
1495 5563 1520 5609 el
1533 5561 1640 5610 multura
1658 5562 1749 5618 tnlciti,
1759 5561 1896 5624 plusquam
1913 5563 1936 5610 si
1947 5559 2010 5609 luis·

1228 5648 1287 5693 sent
1308 5654 1386 5692 unum
1409 5639 1547 5697 Castrum
1564 5643 1590 5688 et
1611 5640 1681 5702 quod
1702 5644 1792 5689 assent
1813 5639 1959 5690 concordes
1983 5640 2010 5687 ia

1227 5722 1341 5772 creando
1357 5716 1477 5770 Pontissce
1493 5721 1519 5767 et
1536 5720 1597 5768 cito.
1617 5739 1627 5761 ·
1646 5719 1796 5768 larissaeae.
1812 5716 1859 5765 loc.
1875 5718 1918 5765 cit.
