4492 6859
260 669 371 755 (tro)

260 806 396 867 officiales
416 815 581 883 sequentem
601 804 729 867 ordinem
742 806 927 868 observarent
933 826 946 877 3
966 804 1045 867 ince-

261 906 362 966 derent
381 906 475 983 primo
497 903 606 966 Notarli
627 905 800 966 Auditorum
820 904 928 979 Rotae,
948 903 1047 967 minue

262 1003 839 1077 ProcuratoresPaenitentiariae,Cierici
850 1004 965 1084 registri
975 1022 1047 1084 sup·

259 1104 465 1183 pitantiarum,
482 1101 690 1166 sollicitatores
711 1106 860 1166 literarum
876 1106 1047 1186 apostolica·

257 1222 339 1274 rrum,
365 1202 577 1288 Procuratores
597 1204 758 1272 audientiae
776 1206 1047 1280 contradictarum,

257 1303 425 1383 Scriptores
455 1302 727 1377 Paenitentiariae,
758 1304 978 1367 Abhreviatotes
1014 1306 1047 1366 de

258 1421 351 1484 parco
372 1403 494 1474 minori,
517 1402 652 1482 Magistri
674 1405 783 1483 plumbi
802 1405 970 1480 bullatum,
992 1405 1048 1467 Se·

260 1503 379 1565 cretaril
399 1514 428 1563 et
448 1499 578 1562 advocati
596 1503 715 1575 mixtim,
729 1503 939 1568 Procuratores
957 1502 1048 1566 Oedi-'-

259 1621 330 1662 num
359 1602 603 1673 mendicantium,
627 1602 839 1666 Procuratores
864 1603 1048 1684 Principum,

258 1703 440 1765 Crtbicularii
453 1712 534 1764 extra
545 1720 704 1775 cameram,
717 1701 856 1766 Oratores
869 1704 1051 1784 Principum,

262 1804 388 1864 &runca
408 1812 477 1874 etc,
496 1801 651 1874 cantores,
672 1803 803 1883 hccoiyti
825 1806 885 1865 sine
903 1803 1003 1877 cereis,
1020 1816 1049 1869 et

258 1904 308 1963 aiii
330 1920 411 1964 more
431 1902 525 1964 sclito.
546 1902 577 1962 ln
597 1903 777 1981 processione
798 1900 979 1979 hujusmodi,
992 1921 1048 1965 non

258 2001 353 2064 inveni
371 2002 400 2061 in
421 2002 519 2080 aliquo
538 1999 614 2063 libro
637 2001 734 2062 locum
756 2001 874 2075 habere,
888 2013 939 2063 aut
956 2001 1049 2064 inter·

260 2103 359 2164 venite
387 2099 552 2181 Scriptores
578 2102 730 2179 utriusque
758 2101 895 2181 registri,
920 2102 1048 2163 notarios

258 2200 399 2263 &merae
419 2199 619 2279 apostolicae,
640 2210 669 2260 et
689 2199 816 2261 notarios
836 2199 942 2263 Curiae
967 2201 1048 2264 Onu-

259 2318 359 2361 sarum
387 2298 525 2361 Camerae
556 2298 758 2379 Apostolioae,
786 2301 853 2364 iicet
883 2298 1047 2378 hujusmodi

260 2397 354 2461 officia
385 2399 442 2459 sint
473 2400 541 2459 satis
572 2397 713 2477 antiqua,
740 2397 825 2478 cujus
858 2401 899 2464 rei
931 2418 1047 2463 causam

260 2498 376 2579 ignoro.

305 2599 390 2661 Faria
410 2610 498 2669 sexta,
519 2598 690 2659 xxv1.mail
710 2598 775 2671 luit,
794 2598 1049 2676 pubiicumconsi-

262 2699 386 2760 starium
405 2698 433 2758 in
455 2699 549 2778 prima
568 2699 636 2758 auia
664 2697 767 2758 Palatii
793 2698 953 2779 Apostolici
973 2699 1049 2778 apud

261 2799 404 2861 Sanctum
425 2797 557 2872 Petrum,
576 2797 604 2858 in
624 2815 681 2875 quo
701 2797 842 2858 Dominus
860 2795 1001 2859 lohannes
1020 2811 1050 2863 ct

261 2902 375 2980 collega
396 2918 476 2973 suus,
498 2896 639 2960 Oratores
656 2897 744 2977 Degis
761 2898 1049 2980 Paioniae,praesta·

262 3012 332 3060 runi
353 3002 465 3061 nomine
486 2998 573 3078 Degis
591 3000 635 3060 sui
668 2997 724 3059 SS.
746 2997 782 3058 D.
803 2998 837 3059 N.
859 2999 954 3077 Papae
978 2998 1050 3060 obe·

262 3100 397 3165 dientiam
419 3099 555 3171 debitam,
570 3109 724 3159 asserentes
745 3098 943 3172 Kazimirum‚
959 3099 1049 3159 Polo·

263 3203 326 3262 nine
361 3200 494 3277 Regem,
519 3196 648 3278 profiteri
680 3198 876 3258 innocentium
903 3196 1048 3259 Octavum

265 3320 367 3364 verutn
388 3299 495 3360 Christi
516 3298 657 3358 ricarium
681 3316 875 3358 successorem
895 3296 975 3359 Petri
993 3308 1047 3359 etc.

264 3401 433 3465 Orationem
453 3398 521 3458 lecit
542 3395 705 3476 praedictus
736 3396 876 3457 Dominus
907 3396 1050 3459 lohannes

264 3504 293 3564 in
326 3499 426 3561 habitu
453 3498 581 3558 clericali
608 3513 664 3556 rann
688 3494 836 3577 praelati(
855 3515 923 3557 cunt
949 3498 1051 3561 eiectio

263 3599 388 3680 Capituli
402 3616 457 3659 non
479 3597 526 3658 det
545 3595 685 3670 habitum,
700 3595 748 3657 scd
765 3596 864 3657 electio
879 3596 973 3676 Papae
985 3607 1050 3657 tan·

265 3698 357 3782 tum),
368 3702 395 3760 in
414 3699 511 3760 habitu
523 3700 608 3761 etiam
627 3698 753 3758 clericali
769 3709 892 3770 tarnum,
904 3710 936 3759 ut
949 3700 978 3758 in
996 3698 1051 3759 ad·

269 3813 358 3863 ventu
379 3820 433 3862 suo
450 3800 560 3862 Urbem
581 3800 709 3858 intravit.
730 3794 824 3859 Finito
844 3790 960 3878 publico
979 3816 1052 3859 con·

266 3902 391 3974 aistano,
414 3899 580 3962 cardinales
601 3915 698 3958 omnes
718 3910 900 3958 accesserant
917 3898 953 3957 ad
973 3899 1051 3981 Pon·

267 4000 384 4076 filicem,
407 4001 457 4078 qui
479 3999 581 4059 ibidem
600 3997 743 4070 adstatim,
758 3998 792 4059 de
813 3999 930 4060 consilio
946 3997 1050 4059 Cardi-

266 4104 388 4170 naiium,
409 4098 610 4179 pronunciavit
629 4111 762 4159 secrete.
782 4145 790 4159 .
813 4145 820 4158 .
843 4143 850 4156 .
872 4099 1050 4180 praedictum

264 4203 303 4262 i).
332 4202 489 4262 iohannem
515 4200 637 4261 eiectum
663 4198 908 4261 Praemisiiensem
929 4212 958 4262 et
984 4220 1051 4262 cum

266 4302 414 4363 Ecclesiae
445 4300 652 4379 Praemisiiensi
673 4302 809 4381 praeierit
831 4303 860 4361 in
885 4303 1050 4383 episcopum

267 4414 296 4466 et
317 4413 476 4483 pastorem,
494 4401 555 4480 ipso
574 4400 761 4480 personaliter
780 4421 878 4463 coram
900 4422 933 4464 eo
958 4421 1051 4482 genn-

268 4503 363 4574 ilex03
379 4500 479 4563 deinde
493 4500 611 4563 accessit
631 4501 737 4562 iamiiia
755 4499 888 4564 Oratoris
907 4502 944 4561 ad
964 4521 1053 4565 uscu-

269 4602 388 4663 landum
410 4600 494 4680 pedes
514 4600 618 4681 Papae.
630 4599 696 4670 Ouo
717 4602 805 4673 lacto,
822 4601 899 4681 Papa
916 4601 998 4663 rediit
1016 4602 1052 4662 ati

269 4721 416 4764 mineram
436 4720 529 4774 suam,
547 4702 603 4762 alio
620 4698 746 4763 Oratore
766 4704 854 4763 milite
872 4704 946 4763 laico
967 4719 1053 4782 prac-

269 4803 321 4863 iati
343 4802 378 4862 D.
401 4800 494 4863 Eiecti
511 4803 589 4864 socio
605 4803 725 4863 caudam
741 4802 875 4882 pluvialis
893 4802 986 4882 Papae
1001 4801 1053 4863 de·

268 4903 389 4964 serente.
414 4900 521 4962 Eadem
538 4901 582 4963 die
604 4902 750 4982 praefatus
771 4902 805 4964 D.
826 4903 968 4967 Johunucs
981 4901 1054 4966 Ele·

270 5015 336 5064 ctus
359 5002 581 5063 Praemisiiensis
601 5003 669 5064 iecit
690 5005 741 5063 sibi
763 5003 824 5066 heri
846 5023 1005 5079 coronam,
1024 5016 1053 5066 ct

271 5103 386 5183 accepit
406 5101 534 5161 habiturn
554 5104 683 5182 praelati.

310 5205 398 5265 Ferla
413 5213 527 5281 quarta,
539 5205 639 5265 ultima
663 5208 764 5266 mensis
781 5208 858 5280 maii,
873 5208 1053 5281 intraverunt

271 5316 331 5369 tres
352 5302 493 5366 Oratores
518 5304 605 5383 liegis
624 5307 762 5371 Franciae
782 5320 811 5372 et
831 5308 919 5369 Ducis
940 5306 1052 5368 hotha-

273 5407 384 5485 ringiae
412 5425 467 5487 pro
488 5405 574 5465 rebus
595 5408 820 5485 particularibus
840 5408 876 5467 ad
897 5407 928 5468 S.
951 5407 986 5467 D.
1016 5403 1050 5467 ti.

272 5503 381 5586 Papam
397 5507 546 5585 missioni
561 5525 579 5565 a
594 5507 762 5586 quibusdam
777 5510 887 5572 lamiiiis
904 5518 1051 5569 certorum

272 5601 469 5668 cardinalium
488 5608 647 5669 amicorum
663 5627 782 5672 suorum
803 5610 909 5691 recepti
924 5610 1051 5684 luerunt,

272 5720 301 5771 et
318 5710 356 5770 ad
376 5710 477 5772 domos
497 5711 634 5773 aecana.

747 667 1025 734 ronrmcattts
1046 662 1266 730 innocuum
1286 663 1435 736 OCTAVl.
1854 668 1892 727 ‘l‘i

1154 802 1218 863 Huc
1239 818 1332 863 meuse
1354 802 1434 872 maii,
1452 811 1539 879 prout
1561 812 1657 881 postea
1678 802 1715 862 ad
1735 801 1844 865 Urbem
1863 819 1897 861 ex

1114 900 1242 980 partibus
1263 900 1388 963 delatum
1409 900 1477 973 luit,
1494 899 1565 960 Rev.
1582 902 1611 960 in
1632 900 1748 963 Christo
1766 900 1853 961 Pater
1866 912 1896 962 et

1115 1000 1252 1063 Dominus
1281 1000 1316 1061 D.
1352 1000 1478 1062 ‘Phanias
1503 999 1578 1061 tituli
1608 999 1705 1060 Sancti
1733 998 1839 1061 Ciriaci
1868 998 1897 1058 in

1114 1099 1248 1161 Thermis
1261 1099 1417 1180 Presbyter
1431 1097 1589 1160 Cardinalis
1605 1098 1815 1160 cantuariensis
1829 1099 1899 1158 vui·

1114 1200 1225 1279 pariter
1253 1210 1455 1278 nuncupatus,
1492 1199 1521 1259 in
1557 1197 1657 1278 Regna
1684 1198 1804 1277 Angiiae
1839 1197 1897 1257 rita

1119 1299 1236 1360 iunctus
1255 1309 1309 1373 est,
1324 1295 1407 1376 cujus
1422 1299 1516 1360 anima
1531 1297 1690 1377 requiescat
1712 1300 1740 1357 in
1761 1294 1897 1380 pacali).

1156 1398 1240 1460 Feria
1260 1397 1393 1469 secunda,
1414 1399 1513 1475 quinta
1543 1398 1645 1460 mensis
1663 1394 1750 1474 junii,
1773 1395 1846 1456 Rev.
1869 1398 1897 1456 in

1115 1496 1232 1560 Christo
1254 1498 1342 1559 Pater
1363 1510 1392 1560 et
1417 1496 1566 1571 Dominus,
1587 1497 1726 1560 Dominus
1757 1496 1899 1558 lohannes

1116 1599 1192 1659 tituli
1208 1597 1305 1659 Sancti
1316 1597 1445 1659 Marcelli
1457 1598 1612 1678 Presbyter
1628 1598 1788 1660 cardinalis
1805 1598 1899 1659 Vene-

1116 1708 1163 1759 tus
1181 1699 1346 1778 vulgariter
1365 1710 1561 1779 nuncupatus,
1579 1700 1649 1759 alias
1668 1699 1767 1759 Sancti
1788 1697 1900 1776 angeli,

1116 1800 1144 1859 iu
1178 1811 1288 1861 secreto
1316 1800 1489 1861 consistorio
1517 1800 1627 1877 legatus
1659 1798 1694 1860 de
1726 1800 1815 1859 latere
1846 1795 1901 1857 luit

1116 1899 1276 1978 publicatus
1296 1917 1383 1981 super
1404 1910 1505 1978 gentes
1527 1916 1678 1960 armorum
1700 1898 1822 1958 Sanctae
1836 1895 1899 1955 lin·

1115 2018 1215 2061 manae
1235 1998 1390 2061 Ecclesiae.
1412 1997 1450 2057 Et
1469 1996 1549 2059 linita
1565 1999 1734 2060 consistorio
1748 1996 1785 2056 sb
1804 1998 1900 2057 omni·

1116 2098 1170 2158 bus
1191 2098 1254 2157 itit.
1267 2096 1329 2157 DD.
1344 2096 1544 2158 Oardiualibus
1563 2099 1598 2158 ad
1616 2100 1753 2177 palatium
1769 2115 1837 2159 suae
1851 2115 1901 2157 sc·

1116 2199 1182 2261 litae
1203 2197 1382 2257 habitationis
1402 2197 1515 2276 publice
1536 2201 1691 2259 associatus
1706 2216 1786 2258 more
1806 2197 1899 2257 solito.

1156 2298 1308 2360 Dominica
1324 2315 1368 2360 tx.
1390 2297 1469 2376 julii,
1490 2298 1599 2359 Romae
1619 2301 1648 2358 in
1668 2299 1787 2360 ecclesia
1802 2298 1901 2358 Sancti

1115 2399 1216 2460 Jacnbi
1250 2397 1523 2459 nesciuntne.
1552 2399 1588 2461 D.
1611 2399 1716 2462 Petrus
1743 2397 1901 2479 Episcopus

1117 2499 1284 2562 Usseiiensis
1296 2498 1451 2559 celebravit
1462 2499 1576 2561 Missam
1588 2501 1742 2561 solemnem
1754 2498 1788 2559 de
1799 2508 1902 2559 actara

1115 2598 1290 2659 visitationis
1311 2598 1414 2659 Beatus
1435 2598 1544 2659 blaviae
1565 2600 1692 2679 Virginis
1712 2610 1831 2679 propter
1855 2599 1903 2658 vi·

1117 2696 1249 2772 ctoriam,
1268 2714 1355 2776 quam
1377 2696 1481 2777 habuit
1498 2698 1545 2758 lii.
1567 2699 1603 2758 D.
1625 2699 1822 2760 Perdinandus
1840 2697 1900 2759 ilex

1116 2795 1267 2876 Hispaniae
1286 2809 1388 2857 contra
1400 2817 1498 2877 regem
1512 2797 1657 2861 Oranstae
1672 2796 1822 2859 infidelem.
1834 2796 1905 2857 Post

1117 2899 1277 2959 orationem
1299 2899 1375 2959 solit.
1399 2897 1469 2958 dixit
1490 2901 1648 2961 orationem
1669 2917 1725 2980 pro
1743 2898 1822 2978 Rege
1848 2896 1902 2957 sub
2005 2900 2017 2921 '

1118 3016 1177 3060 nno
1197 3018 1250 3077 per
1265 2996 1315 3070 D.,
1336 2998 1413 3075 quod
1434 3012 1530 3079 postea
1544 3000 1615 3060 mibi
1637 3002 1731 3061 minus
1750 2999 1904 3061 convenire

1119 3100 1214 3159 visum
1235 3109 1285 3159 est
1308 3097 1449 3161 Potuisset
1469 3103 1562 3174 enim,
1584 3115 1612 3163 et
1641 3104 1756 3176 meiius,
1777 3100 1904 3179 qualibet

1117 3198 1214 3257 oratio
1234 3196 1289 3256 sub
1309 3216 1362 3257 suu
1381 3218 1440 3279 per
1460 3200 1622 3262 Dominam
1649 3220 1702 3260 sua
1723 3198 1903 3261 coticiusione

1117 3297 1277 3357 terminari.
1299 3298 1493 3360 lnterlueruut
1514 3299 1616 3360 Missae
1642 3299 1705 3359 ltu.
1734 3299 1795 3359 DD.
1817 3297 1904 3360 Vice-

1118 3397 1309 3457 canceliarius
1328 3416 1395 3457 cutn
1416 3416 1469 3459 ιιιι.
1490 3399 1552 3459 aliis
1573 3398 1798 3472 cardinalibus,
1816 3411 1845 3461 et
1875 3400 1904 3460 in

1117 3514 1183 3556 sero
1211 3496 1304 3556 iaetus
1335 3497 1390 3560 suit
1422 3498 1495 3578 ignis
1515 3511 1581 3561 ante
1601 3502 1706 3579 palatia
1725 3500 1845 3581 Papae,
1875 3512 1905 3562 et

1117 3595 1315 3658 cardinalium
1336 3642 1345 3671 ,
1373 3616 1408 3658 ae
1427 3599 1559 3679 pluribus
1583 3601 1646 3661 aliis
1677 3600 1746 3662 locis
1766 3600 1854 3663 Urbis
1874 3601 1904 3660 in

1119 3696 1307 3777 triumphum.

1159 3797 1244 3857 Faria
1266 3816 1319 3870 vn,
1339 3796 1387 3857 ll.
1409 3800 1542 3877 augusti,
1563 3800 1642 3860 circs
1665 3799 1767 3862 horam
1790 3802 1905 3861 tertiarn

1120 3897 1221 3969 noctis,
1232 3898 1367 3958 conclusa
1381 3898 1438 3958 luit
1450 3917 1505 3979 pax
1523 3900 1597 3961 inter
1619 3899 1673 3960 SS.
1694 3900 1729 3965 D.
1744 3900 1777 3961 tt.
1794 3901 1904 3981 Papam

1119 4009 1149 4058 et
1168 3997 1381 4059 Perdinandum
1400 3998 1517 4060 Siciliae
1540 3999 1660 4079 Regem,
1676 4011 1705 4061 et
1724 4001 1757 4061 de
1776 4002 1907 4080 capitulis

1119 4097 1202 4157 iactis
1223 4109 1341 4176 rogatus
1360 4097 1416 4159 suit
1435 4097 1471 4158 D.
1491 4099 1644 4179 Philippus
1665 4100 1700 4162 de
1721 4100 1905 4164 Pontecurvn

1120 4196 1258 4258 Gamerae
1276 4199 1455 4277 ‚apostolieae
1474 4202 1609 4261 notarius
1625 4199 1680 4283 (E).

1163 4376 1197 4434 ri)
1212 4374 1389 4443 burchardum
1407 4374 1449 4424 hic
1466 4390 1480 4425 a
1497 4378 1609 4426 veritate
1622 4377 1761 4427 aberrasse
1773 4379 1904 4429 evincitur

1122 4466 1155 4503 ex
1174 4454 1248 4504 titulo
1265 4454 1422 4516 sepulchrali
1440 4454 1466 4505 in
1483 4456 1627 4506 cathedrali
1645 4456 1800 4507 Cantuariae
1811 4462 1905 4523 positor

1120 4536 1170 4584 iiic
1187 4542 1272 4583 sacar
1289 4537 1317 4583 it.
1334 4543 1422 4586 aaran
1440 4543 1473 4584 cr
1490 4539 1596 4585 nonni).
1612 4539 1728 4589 τιιοιιιε
1744 4541 1904 4589 Bcuactttatt

1122 4622 1255 4672 ouonnatt
1271 4618 1328 4663 stc.
1345 4617 1369 4662 s.
1387 4617 1685 4667 Ruunntassccattstatt
1701 4621 1724 4666 s.
1743 4621 1857 4667 crartct
1874 4627 1904 4667 ιιι

1123 4695 1250 4743 Τιιιιιιιιιε
1267 4696 1434 4742 cructantis
1450 4705 1484 4744 ιιτ
1501 4701 1633 4745 nttcutar.
1651 4706 1735 4746 ttutus
1756 4704 1905 4747 acccastaa

1123 4780 1170 4829 our
1188 4782 1273 4823 oarrr.
1286 4778 1348 4819 ιιι.
1362 4781 1411 4820 nra
1423 4781 1521 4822 ιιιιιιιι
1534 4782 1604 4822 anuo
1621 4776 1689 4825 tito.
1706 4783 1787 4825 curus
1799 4782 1904 4823 ιιιιιιιιι

1123 4857 1312 4900 ιιιοιιτιιιτῠιι
1329 4848 1410 4899 Datis.
1426 4849 1462 4899 De
1479 4852 1526 4900 boc
1543 4851 1640 4900 Thema
1656 4852 1829 4908 Bourcherio,
1846 4850 1905 4898 iiiu-

1123 4931 1172 4979 stri
1188 4941 1283 4991 genere
1299 4933 1425 4991 prugneto
1438 4966 1446 4989 ,
1461 4935 1582 4980 asserunt
1598 4931 1786 4981 Britanicerum
1817 4941 1905 4979 rerum

1125 5010 1290 5071 scriptores,
1321 5022 1421 5059 morum
1453 5012 1601 5073 integritate
1629 5016 1655 5060 et
1678 5011 1796 5059 doctrina
1826 5021 1907 5070 prae·

1125 5089 1273 5147 claruisse,
1297 5087 1451 5138 Academiae
1478 5088 1619 5138 oxoniensi
1646 5089 1797 5138 cancellarii
1824 5086 1905 5149 gradu

1123 5165 1290 5228 praefuisse,
1305 5167 1411 5229 Angiiae
1427 5166 1564 5217 Primatem
1582 5169 1719 5224 extitisse,
1743 5166 1856 5215 ilenrico
1877 5171 1905 5216 at

1124 5244 1245 5295 Odoardo
1273 5245 1297 5293 in
1324 5245 1414 5296 eudem
1432 5248 1518 5308 Regno
1538 5247 1727 5309 imperantibus
1749 5245 1907 5295 Canceiiarii

1123 5323 1322 5388 Consiliariiquc
1340 5338 1432 5376 munus
1449 5327 1598 5388 explevisse
1615 5326 1793 5384 laudabiliter,
1804 5330 1907 5389 postre-

1124 5418 1176 5463 mo,
1191 5405 1318 5455 iiiceerdo
1330 5405 1419 5456 Tertio
1436 5406 1469 5455 ad
1485 5406 1578 5455 solium
1591 5410 1693 5461 erecto.
1704 5407 1802 5456 carceri
1811 5405 1908 5455 manci·

1123 5489 1211 5547 patum
1228 5485 1308 5537 luisse
1326 5491 1446 5549 tanquam
1464 5490 1614 5549 suspectum
1632 5490 1658 5535 et
1675 5486 1784 5536 liliorum
1801 5486 1905 5536 iiearici

1123 5570 1150 5615 ct
1167 5565 1281 5616 Odoardi
1308 5567 1410 5617 iideiem
1442 5567 1600 5617 ministrum.
1617 5565 1709 5618 Paulus
1730 5566 1759 5615 ti.
1776 5567 1846 5617 illurn
1874 5566 1907 5615 ad

1122 5645 1313 5696 cardinalatum
1332 5648 1463 5710 promovit
1479 5659 1547 5697 anno
1563 5648 1630 5698 ttot.

1164 5729 1201 5789 (2)
1215 5725 1319 5778 Consul.
1336 5728 1448 5791 append.
