4492 6859
300 627 363 689 saa
795 624 1080 691 narraremus
1099 620 1327 689 marsnam
1348 624 1476 689 susat.
1549 583 1554 589 ’

298 764 487 826 nedicticnem
508 764 599 843 ipsam
620 761 814 842 praecederet.
841 763 907 823 Dixi
939 773 1088 841 praeterea

299 863 450 925 Sanctitati
472 862 571 935 Suae,
592 862 701 924 bonum
722 864 932 943 stragulatam
954 862 1086 924 ordinem

299 963 486 1036 institutum,
513 962 623 1043 Papam
651 962 712 1023 sine
735 964 822 1024 mitra
842 964 987 1042 equitare,
1010 964 1088 1041 quod

298 1063 467 1127 Cardinales
510 1065 603 1143 ipsum
647 1061 731 1141 sequi
762 1063 906 1137 debeant,
952 1063 1088 1142 quodque

299 1165 394 1225 miuus
429 1165 582 1226 conveniat
615 1161 724 1243 Papam
759 1174 890 1246 tempore
918 1164 1087 1244 quadrage·

299 1267 394 1326 simali
415 1266 444 1326 in
464 1268 588 1344 capucio
608 1263 675 1326 albo
694 1276 724 1325 et
744 1267 817 1326 stola
849 1265 979 1343 preciosa
1000 1263 1089 1344 equi·

306 1376 371 1428 tare
386 1410 395 1440 ,
413 1367 462 1428 aed
482 1368 511 1426 in
532 1367 673 1446 capucino
702 1364 795 1426 rubeo
815 1376 845 1426 et
863 1366 937 1426 stola
959 1365 1086 1426 violatia.

299 1465 457 1547 liespondit
499 1467 568 1528 mibi
612 1466 758 1527 Sanctitas
797 1465 859 1527 Suu
891 1466 969 1544 quod
1001 1468 1088 1528 rellet

300 1571 469 1634 Cardinales
490 1572 585 1652 ipsum
606 1570 779 1652 praecedere
803 1582 833 1633 et
864 1588 921 1632 ncn
954 1573 1038 1649 sequi
1058 1584 1088 1633 et

302 1674 345 1732 uti
378 1671 501 1751 capucio
531 1671 620 1744 albo,
653 1688 708 1732 non
746 1670 859 1742 rubeo,
891 1688 982 1748 neque
1013 1671 1086 1731 stola

301 1771 438 1845 violatia,
465 1770 514 1833 sed
546 1770 746 1850 pulcherrima
778 1772 866 1850 perlis
892 1781 1005 1832 ornata.
1027 1770 1087 1830 Pa·

301 1883 384 1933 ratus
406 1873 497 1952 igitur
518 1872 554 1932 ad
585 1872 763 1934 voluntatem
793 1890 875 1932 snam
908 1872 936 1931 in
970 1889 1086 1932 camera

302 1984 429 2046 secreta,
451 1973 574 2034 venitin
595 1990 740 2034 cameram
763 1973 931 2052 repugnat,
951 1972 1014 2044 ubi,
1030 1971 1086 2030 ba·

299 2072 361 2134 bitu
393 2092 446 2153 per
483 2091 569 2133 unam
608 2071 710 2133 boram
737 2071 916 2133 Consistorio
927 2115 937 2145 ,
959 2073 1087 2132 ascendit

297 2189 408 2251 equum
426 2173 526 2234 album
549 2183 731 2251 coopertum,
752 2172 787 2233 de
807 2173 905 2233 veluto
926 2174 1086 2233 cremesino

298 2284 435 2335 ornatum
456 2286 486 2335 et
512 2272 748 2353 praecedentibus
770 2289 860 2332 cruce
892 2281 922 2332 et
942 2270 1086 2333 cardine·

301 2374 395 2448 tibus,
415 2374 599 2453 sequentibus
621 2372 812 2433 cubiculariis
826 2373 965 2443 secretis,
987 2372 1086 2432 mediis

297 2473 494 2535 assistentibus
520 2490 554 2533 ac
585 2473 649 2532 aliis
682 2473 840 2552 praelatis,
868 2491 949 2534 more
980 2473 1085 2546 solito,

298 2575 376 2637 renit
395 2574 430 2634 ad
448 2574 591 2654 Campum
613 2574 734 2645 Florae,
756 2573 879 2653 plateam
893 2571 1085 2644 ludaeorum,

298 2674 418 2735 domum
435 2672 595 2735 cardinalis
616 2671 651 2733 de
670 2671 813 2743 Sabellis,
835 2672 985 2733 eeclesiam
1008 2671 1086 2732 San·

301 2784 365 2835 ctae
385 2773 494 2835 llariae
516 2774 551 2834 de
565 2772 787 2844 Consolatione,
807 2772 960 2833 ecclesiam
981 2771 1083 2832 Sancti

297 2874 440 2947 Adriani,
461 2872 498 2932 ad
527 2872 663 2934 Sanctam
697 2872 820 2933 blariam
849 2869 1015 2948 blojorem,
1037 2872 1085 2931 ubi

296 2983 379 3035 extra
401 2984 516 3053 partem
534 2973 670 3034 ecclesiae
690 2990 791 3033 versus
817 2970 954 3032 Sanctam
975 2971 1086 3033 Patan-

296 3081 404 3138 tianam
425 3078 677 3158 processionaliter
706 3096 759 3157 per
790 3078 904 3138 clerum
926 3076 1006 3136 illius
1026 3077 1086 3135 lia·

297 3177 399 3240 silicae
420 3188 554 3259 receptus
573 3178 637 3239 luit.
659 3177 741 3238 crux
772 3197 824 3257 per
845 3176 1030 3239 cardinalem
1051 3178 1086 3240 de

297 3277 422 3341 Sabellis
459 3277 753 3358 trahtpresbytemm
785 3275 915 3354 ejusdcm
946 3277 1085 3339 Dasilicae

296 3380 351 3440 sibi
370 3389 507 3460 porrecta
537 3377 717 3450 osculanda,
738 3378 818 3439 clero
839 3386 987 3451 cantante,
1003 3378 1086 3439 Ecce

298 3479 457 3542 Sacerdos
475 3499 605 3562 mnqntsa
626 3490 683 3540 etc.
705 3479 781 3539 lacta
802 3480 932 3539 aratione
953 3481 981 3538 in
1000 3479 1086 3539 laidi·

299 3581 391 3641 storio
411 3590 494 3641 extro
515 3581 607 3639 altare
628 3577 681 3638 sibi
701 3590 826 3658 parato,
847 3579 968 3639 accessit
981 3578 1017 3638 ad
1038 3581 1086 3639 al·

263 3722 266 3725 >
296 3691 374 3754 tare,
391 3679 542 3740 osculatus
559 3689 602 3739 est
616 3678 702 3751 illud,
720 3689 749 3740 et
764 3678 889 3758 desuper
907 3678 1014 3741 obtulit
1026 3681 1085 3740 dtt·

296 3792 376 3843 catos
397 3781 425 3840 in
451 3798 527 3841 auro
555 3780 672 3854 decem,
692 3798 738 3842 me
770 3779 926 3840 Sanctitati
956 3780 1033 3842 Suae
1055 3781 1083 3841 id

296 3868 550 3945 commemorante.
566 3880 685 3955 Deinde,
705 3880 775 3959 quia
794 3882 836 3941 sic
853 3881 956 3954 voluit,
975 3882 1083 3961 populo

294 3985 460 4045 solemniter
486 3981 639 4056 benedixit,
659 3993 737 4043 stans
758 3980 794 4041 ad
816 3983 956 4062 populum
971 3999 1083 4058 sersus,

296 4100 385 4147 cruce
406 4083 527 4147 inferius
547 4093 613 4144 ante
633 4083 727 4163 ipsum
749 4092 850 4154 tenta,
867 4093 957 4162 prout
974 4082 1005 4142 in
1023 4082 1084 4142 lia·

294 4185 375 4246 silica
396 4184 499 4245 Sancti
520 4184 794 4246 l'etriubserratur
801 4206 812 4258 3
833 4184 963 4245 aseendit
984 4183 1083 4246 deinde

294 4285 450 4358 Palatium,
481 4284 556 4344 iacta
577 4286 660 4364 prius
681 4285 812 4344 oratione
832 4294 899 4345 ante
929 4286 1082 4364 imaginem

294 4385 398 4447 Beatae
412 4383 522 4445 blatiac
538 4383 666 4463 Virginis
680 4402 732 4463 per
753 4382 785 4443 S.
801 4382 914 4444 Lttcam
929 4382 1081 4463 depictam,

295 4484 356 4557 ubi,
369 4484 431 4544 riso
449 4501 536 4563 opere
550 4492 663 4563 coepto,
673 4481 758 4545 rediit
772 4482 809 4542 ad
824 4483 976 4545 basilicam
995 4503 1082 4564 prae·

295 4582 414 4645 mrtem.
441 4583 549 4645 Deinde
570 4600 687 4646 ascenso
703 4601 797 4662 equo,
815 4584 866 4644 ubi
898 4568 1083 4645 descenderat

295 4702 349 4764 per
383 4683 415 4744 S.
446 4684 604 4758 Basiliam,
633 4683 665 4745 S.
686 4683 838 4759 Marcum,
869 4685 1081 4759 Pellieiariam,

296 4784 418 4847 domum
440 4785 475 4846 de
497 4785 646 4860 Maximis,
664 4786 802 4866 palatium
821 4786 981 4849 cardinalis
1005 4785 1083 4848 Nea·

296 4887 426 4965 politani,
439 4897 470 4947 et
490 4885 653 4960 Paricmm,
673 4905 808 4948 reversus
821 4899 864 4949 est
884 4888 920 4947 ad
931 4887 1081 4967 palatium.

295 4985 373 5047 lluic
395 4998 509 5048 nostrae
522 4988 692 5066 equitationi
711 5005 817 5068 magna
849 4990 929 5066 copia
951 4989 1081 5067 gentium

295 5102 446 5147 armornm
478 5086 610 5148 interluit
635 5098 750 5166 praeter
771 5087 911 5160 solitum,
933 5087 1011 5165 quod
1044 5088 1081 5148 ab

294 5187 429 5247 omnibus
458 5186 514 5247 init
535 5187 632 5247 minus
653 5188 812 5249 laudatum.
844 5186 916 5246 llam
949 5187 1081 5248 ordinem

295 5297 450 5359 nostrum,
473 5284 607 5348 videlicet
629 5288 741 5347 ralisias
761 5288 971 5362 cardinalium,
993 5308 1081 5370 prac-

295 5396 443 5447 eessernnt
469 5386 566 5465 plures
599 5388 745 5466 palestarii
757 5431 766 5461 ,
787 5399 816 5448 et
848 5399 985 5465 squatrae
1006 5407 1081 5469 qen·

294 5484 369 5544 tium
382 5503 558 5560 armorum,
579 5496 607 5548 et
623 5488 811 5567 quamplures
825 5489 897 5549 aliae
911 5502 978 5551 sunt
993 5509 1080 5570 prae·

293 5585 368 5646 latos
398 5599 462 5666 post
493 5586 663 5650 Pontificem
689 5589 847 5668 equitantes
868 5601 983 5652 secutae
1011 5609 1079 5653 cum

292 5685 438 5749 lanceiset
452 5692 551 5768 plenae
571 5690 671 5750 armis.
690 5689 875 5753 Gubernator
893 5692 980 5753 etiam
992 5690 1080 5755 Urbis
1111 5764 1113 5767 ¹

1839 633 1956 733 (llud)

1158 779 1227 822 eum
1241 759 1501 824 Conservatoribus
1514 773 1544 824 et
1565 762 1713 845 capitibus
1733 768 1884 848 aliquibus
1895 772 1953 833 lle-

1156 862 1276 941 qionum
1294 906 1303 935 ,
1323 860 1485 935 Darisello,
1506 876 1536 925 et
1564 866 1663 927 multis
1684 869 1846 947 pentibus,
1866 874 1951 949 equi·

1157 960 1249 1036 tibus,
1270 973 1298 1023 at
1327 962 1470 1043 peditibus
1503 965 1531 1023 in
1555 964 1677 1027 dirersis
1709 968 1905 1047 positionibus
1922 984 1949 1032 et

1156 1063 1247 1134 locis,
1268 1082 1304 1124 ac
1323 1065 1423 1144 plateis
1443 1063 1576 1126 Pontifici
1590 1069 1789 1146 praetereunti
1809 1089 1841 1130 se
1858 1089 1949 1151 prac-

1156 1174 1317 1224 sentaruut.
1345 1161 1502 1226 ordinarit
1533 1178 1688 1247 propterea
1709 1167 1858 1230 Sanctitas
1888 1172 1947 1234 Sua

1157 1264 1236 1341 quod
1257 1266 1397 1344 capitanei
1417 1264 1566 1327 Ecclesiae
1584 1279 1613 1328 et
1634 1279 1734 1349 portae
1748 1270 1880 1343 Palatii,
1903 1276 1948 1333 in-

1158 1373 1202 1427 ter
1224 1364 1391 1427 cardinales
1422 1377 1451 1427 et
1485 1365 1675 1430 Sanctitatern
1705 1369 1801 1453 Suam
1831 1374 1949 1435 incede-

1157 1474 1242 1539 rent,
1257 1477 1286 1527 et
1299 1465 1363 1526 DD.
1380 1465 1584 1540 Sermonetae,
1601 1478 1630 1530 et
1648 1470 1796 1550 corrigii,
1811 1482 1841 1533 et
1862 1478 1949 1536 multi

1155 1566 1208 1626 ulii
1224 1568 1354 1645 gentium
1375 1585 1527 1628 armorum
1551 1568 1764 1643 conductores,
1796 1584 1864 1653 post
1886 1593 1949 1637 me·

1156 1666 1237 1728 dicos
1257 1677 1287 1729 et
1308 1677 1374 1729 ante
1401 1670 1546 1747 praelatos
1571 1671 1733 1733 assistentes
1753 1672 1949 1737 Sanctitatem

1155 1766 1248 1827 Suam
1280 1780 1495 1846 sequerentur,
1516 1781 1604 1848 prout
1625 1782 1655 1832 et
1684 1771 1797 1834 tactam
1817 1775 1877 1836 init
1899 1795 1950 1856 per

1154 1879 1245 1928 totam
1261 1870 1386 1947 plateam
1405 1867 1436 1928 S.
1453 1868 1553 1944 l’ctri,
1570 1882 1599 1931 et
1615 1888 1706 1949 usque
1724 1875 1806 1935 circa
1825 1876 1948 1939 domum

1127 1997 1130 2004 =
1154 1966 1191 2028 D.
1212 1967 1349 2049 Episcopi
1370 1968 1597 2033 vulteranensis.
1615 1969 1701 2041 Quod
1721 1992 1778 2053 ego
1800 1986 1863 2036 tatu
1880 1998 1951 2059 per·

1156 2087 1275 2130 versum
1297 2089 1358 2132 essa
1380 2069 1489 2142 videus,
1507 2070 1565 2131 dixi
1587 2070 1643 2132 SS.
1666 2072 1701 2132 D.
1724 2072 1760 2133 Ν.
1782 2075 1812 2135 id
1834 2096 1952 2157 neqw

1154 2187 1243 2248 quarn
1262 2170 1429 2243 convenire,
1449 2170 1529 2232 bonis
1544 2174 1778 2252 persuasionibus
1794 2174 1951 2240 Sanctitati

1154 2269 1234 2331 Suae
1253 2271 1440 2351 supplicans,
1462 2271 1539 2350 quod
1562 2272 1606 2331 ris
1628 2274 1725 2336 locum
1742 2274 1808 2337 dari
1831 2290 1951 2358 patere·

1155 2383 1223 2444 tur,
1239 2389 1312 2449 quae
1330 2371 1399 2432 mibi
1421 2371 1504 2446 dixit,
1526 2373 1603 2450 quod
1624 2393 1673 2435 eos
1696 2388 1764 2437 ante
1786 2380 1951 2458 capitaneos

1154 2472 1332 2550 praedictus,
1362 2484 1391 2534 et
1411 2481 1476 2552 post
1495 2491 1594 2535 omnes
1621 2474 1794 2539 cardinales
1815 2480 1949 2541 colloca·

1154 2590 1228 2633 rem.
1240 2571 1389 2634 Intellecta
1404 2584 1498 2633 tamen
1514 2592 1531 2632 a
1549 2593 1607 2648 me,
1630 2574 1657 2635 id
1679 2574 1774 2638 llevv.
1795 2578 1862 2640 DD.
1875 2582 1949 2643 car·

1154 2672 1261 2734 dinales
1282 2674 1441 2753 plurimum
1464 2673 1595 2751 laedere,
1617 2680 1763 2740 commisit
1786 2681 1891 2755 mibi,
1918 2698 1949 2747 ut

1152 2772 1194 2834 ais
1216 2774 1313 2834 locunt
1334 2774 1433 2835 darem
1455 2786 1521 2837 ante
1537 2794 1654 2837 crucem
1679 2792 1745 2858 post
1768 2782 1883 2860 pedites
1898 2802 1949 2845 ar-

1152 2884 1263 2946 matos,
1282 2892 1410 2952 quorum
1426 2893 1530 2955 magna
1545 2879 1628 2957 copia
1647 2878 1750 2940 ibidem
1775 2882 1866 2961 longe
1882 2886 1945 2963 plus

1152 2975 1239 3036 solito
1259 2992 1327 3035 eum
1350 2976 1457 3036 lanceis
1475 2976 1592 3057 longis,
1612 2979 1729 3040 ansibus
1760 2983 1875 3055 nudis,
1894 2986 1946 3045 ba·

1152 3075 1268 3148 lestris,
1286 3084 1316 3136 et
1333 3076 1398 3136 aliis
1429 3094 1581 3137 armornm
1604 3080 1761 3157 generibus
1784 3082 1945 3160 incedebat,

1152 3188 1242 3256 prout
1270 3177 1335 3239 ieci.
1366 3177 1429 3238 lloc
1460 3193 1541 3238 mane
1564 3177 1619 3238 SS.
1640 3180 1676 3239 D.
1709 3180 1743 3240 Ν.
1768 3182 1797 3241 in
1832 3196 1944 3245 secreto

1152 3276 1333 3339 Consistorio
1363 3277 1436 3339 Ber.
1460 3279 1488 3338 in
1509 3277 1627 3340 christo
1649 3279 1681 3340 Ρ.
1714 3280 1749 3341 D.
1781 3283 1941 3363 Baptistanr

1153 3377 1275 3440 Sanctae
1295 3377 1406 3439 Mariae
1436 3376 1535 3439 Norae
1565 3379 1724 3442 Diaconum
1759 3382 1943 3446 cardinalem

1153 3477 1188 3539 tle
1209 3478 1323 3541 Ursinis
1356 3479 1519 3557 vulgariter
1549 3490 1772 3560 nuncupatum,
1805 3482 1837 3558 in
1870 3484 1943 3548 l’re·

1153 3577 1304 3658 sbyterum
1337 3578 1522 3641 cardinalem
1543 3582 1713 3661 nuncupare
1745 3584 1870 3656 volens,
1899 3604 1942 3646 me

1153 3677 1181 3737 in
1200 3677 1409 3739 Consistorinm
1433 3680 1534 3741 vocari
1549 3680 1639 3754 ieclt,
1660 3693 1688 3743 et
1705 3681 1811 3744 ibidctn
1835 3703 1883 3747 me
1898 3688 1941 3746 in-

1153 3782 1337 3858 terrogarit,
1359 3797 1396 3839 an
1415 3780 1497 3859 prius
1518 3792 1591 3841 esset
1613 3782 1643 3840 in
1663 3781 1870 3862 presbyterum
1892 3806 1940 3848 or-

1152 3878 1313 3953 dinandus,
1334 3888 1363 3940 et
1396 3879 1497 3940 deinde
1517 3880 1571 3940 sibi
1606 3883 1708 3942 titulus
1728 3884 1938 3962 assignandus,

1153 3980 1199 4040 rel
1217 3977 1300 4058 prius
1321 3979 1554 4059 pronunciandus
1572 3992 1601 4042 et
1622 3983 1703 4044 loeus
1720 3982 1795 4045 inter
1811 3984 1940 4067 Presby-

1152 4089 1229 4141 teras
1248 4079 1415 4142 cardinales
1446 4081 1499 4141 sibi
1522 4080 1655 4155 dandus,
1676 4091 1705 4143 et
1735 4095 1837 4162 postea
1858 4086 1941 4147 ordi·

1151 4181 1272 4242 nandus.
1294 4181 1439 4261 llespondi
1460 4181 1614 4242 Sanctitati
1636 4182 1733 4244 Suae:
1756 4182 1865 4247 Primo
1881 4206 1941 4248 esse

1150 4282 1401 4361 pronunciandum
1433 4284 1510 4343 inter
1545 4282 1734 4363 Presbyteros
1765 4284 1822 4344 sibi
1861 4288 1940 4347 loeus

1150 4380 1281 4455 dandas,
1309 4380 1410 4442 deinde
1435 4382 1628 4443 ordinandum
1661 4382 1690 4442 in
1719 4382 1936 4465 presbyterum.

1150 4480 1217 4552 Duo
1235 4483 1391 4555 intellecto,
1411 4481 1622 4542 Consistorlum
1644 4482 1733 4557 exiri,
1745 4493 1775 4546 et
1793 4483 1940 4546 Sanctitas

1151 4583 1212 4643 Sua
1227 4598 1261 4643 etr
1273 4594 1341 4643 tunc
1355 4582 1561 4662 pronunciarit
1574 4584 1739 4663 praelatum
1754 4584 1938 4648 cardinalem

1151 4684 1185 4746 de
1206 4681 1322 4746 Ursinis
1342 4684 1420 4745 tituli
1446 4682 1622 4743 Sanctmum
1643 4683 1785 4745 lobannis
1805 4698 1838 4748 et
1858 4686 1939 4747 l'auli

1150 4783 1383 4864 Presbyterum,
1414 4792 1443 4843 et
1463 4783 1489 4842 ei
1511 4784 1593 4843 locus
1620 4795 1684 4862 post
1712 4784 1785 4845 llcr.
1809 4785 1846 4846 D.
1865 4786 1940 4848 Car·

1150 4884 1274 4945 dinalem
1294 4884 1400 4945 Montis
1420 4882 1535 4961 Regalis
1556 4882 1639 4943 datas
1659 4881 1724 4945 luit.
1752 4884 1817 4946 llos
1845 4904 1940 4957 mene,

1150 4985 1206 5047 SS.
1227 4985 1263 5044 D.
1284 4985 1317 5044 Ν.
1338 4985 1374 5043 ad
1388 4983 1541 5046 Basilicam
1562 4984 1667 5046 Deatae
1686 4984 1794 5047 Mariae
1816 4985 1938 5064 llajoris

1148 5088 1304 5165 equitante,
1330 5085 1404 5145 citra
1420 5085 1544 5164 plateam
1560 5083 1762 5157 ludaeorum,
1796 5096 1937 5149 venerant

1149 5184 1292 5247 Oratores
1319 5184 1493 5246 llarcbionis
1514 5183 1723 5245 blontislerrati
1745 5184 1937 5248 Sanctitatem

1149 5287 1240 5347 Suam
1273 5287 1349 5347 inter
1374 5287 1445 5346 alios
1473 5283 1613 5346 Oratores
1640 5286 1831 5361 bonoratttri,
1860 5287 1935 5348 inter

1148 5406 1221 5466 qnos
1248 5397 1278 5448 et
1306 5384 1463 5447 Oratorem
1494 5385 1662 5447 senensium
1684 5396 1749 5447 orta
1773 5399 1820 5449 est
1849 5405 1935 5468 super

1147 5484 1347 5568 praecedentia
1366 5485 1520 5545 contentio.
1539 5482 1603 5554 Qua
1622 5503 1675 5565 per
1692 5485 1747 5546 SS.
1770 5486 1807 5545 D.
1833 5485 1867 5547 Ν.
1889 5486 1934 5544 in·

1148 5590 1272 5663 tellecta,
1286 5585 1434 5646 mandarit
1450 5584 1595 5646 Sanctitas
1613 5586 1673 5647 Sua
1689 5585 1768 5664 quod
1785 5605 1844 5649 non
1864 5604 1934 5648 cao·

1148 5690 1296 5753 tenderent
1314 5687 1363 5750 sed
1379 5687 1657 5760 concordarent,·rel
1674 5687 1851 5752 recederent.
1871 5687 1936 5759 Duo
