4492 6859
296 636 406 723 (riri)

298 774 363 835 dedi
378 792 445 854 ego,
460 773 510 852 qui
529 772 571 834 lui
590 772 651 834 sine
664 776 883 855 superpellicio,
897 777 951 857 ipsi
967 775 1084 858 Neapo-

296 875 408 950 litano,
431 873 571 947 Senensi,
593 873 695 936 Sancti
722 876 878 938 Clementis
909 890 938 939 et
970 879 1085 959 episco-

298 994 338 1055 po
367 976 570 1056 Segobricensi
601 978 754 1039 assistenti.
786 980 884 1040 Finita
910 980 996 1041 Missa
1018 982 1085 1041 avi·

297 1077 360 1135 sari
381 1077 522 1138 Abbatem
540 1078 591 1154 qui
611 1095 667 1139 nun
686 1079 764 1141 dedit
777 1080 1018 1155 benedictionem,
1034 1082 1084 1143 sed

295 1176 488 1238 subdiaconus
504 1179 688 1257 Apostolicus
700 1181 831 1258 portavit
849 1199 982 1254 crucem,
996 1200 1083 1259 qnam

297 1277 373 1335 inira
396 1277 511 1337 Missam
542 1278 751 1357 appodiaverat
771 1280 808 1340 ad
837 1282 914 1341 latus
937 1282 967 1342 in
989 1298 1083 1343 cornu

295 1376 450 1456 Evangelii
472 1378 574 1437 altaris
595 1389 677 1439 extra
698 1378 846 1439 tribunam
877 1381 914 1440 ad
942 1374 1083 1444 ultimum

295 1476 449 1554 gradum,
476 1478 526 1538 uhi
546 1479 714 1557 genuflexus
729 1480 808 1559 Papa
829 1482 962 1542 ascendit
981 1482 1017 1542 ad
1037 1485 1085 1544 al·

298 1585 383 1648 tare,
404 1588 433 1637 et
454 1588 532 1637 stans
553 1578 668 1640 detecto
683 1581 795 1659 eapite,
813 1581 848 1640 ad
868 1600 987 1643 erucem
1000 1601 1084 1644 suam

295 1688 324 1737 et
342 1680 482 1757 populum
504 1697 618 1751 versus,
635 1679 713 1741 dedit
729 1680 958 1743 benedictionem
975 1685 1085 1765 populo

299 1776 398 1838 dicens
419 1777 447 1837 in
469 1791 554 1840 carna
573 1778 626 1841 Sit
642 1800 752 1843 nomen
774 1794 840 1857 etc,
863 1783 933 1845 nibil
961 1804 1084 1865 respon·

299 1876 430 1937 dentibus
452 1881 501 1956 qui
524 1880 562 1938 ibi
596 1898 721 1941 eramus.
744 1882 821 1941 Tum
849 1883 926 1963 Papa
948 1903 1084 1946 reversus

296 1989 338 2038 est
361 1997 413 2058 per
436 1981 513 2038 viam
536 1998 638 2041 versus
659 1981 830 2055 Coliseum,
858 1983 997 2045 Sanctam
1019 1984 1079 2044 Na·

295 2080 371 2138 riam
393 2079 527 2153 Noram,
547 2080 747 2153 Mandonium,
770 2081 915 2143 Sanctum
938 2086 1083 2160 hiarcam,

295 2177 500 2254 Petieiariam,
522 2180 642 2242 domum
664 2181 699 2243 de
727 2182 881 2257 Maximis,
902 2186 1083 2263 Parionem,

296 2280 332 2338 ad
355 2280 497 2341 Sanctum
512 2283 646 2355 Petrum,
662 2284 867 2346 cardinalibus
883 2289 978 2366 ipsum
994 2305 1084 2367 usque

298 2381 333 2440 ad
356 2381 495 2443 Castrum
518 2383 617 2444 Sancti
639 2386 741 2464 Angeli
761 2387 979 2448 associantibus.
1006 2389 1084 2468 Papa

297 2481 442 2559 equitavit
464 2483 576 2543 medius
608 2486 685 2546 inter
717 2485 825 2564 pedites
858 2498 1011 2562 armatos,
1044 2490 1084 2548 iia

298 2583 377 2657 quod
399 2595 465 2645 ante
486 2603 515 2644 se
539 2583 658 2647 baberet
679 2587 798 2647 circiter
822 2597 941 2648 centurn
963 2589 1084 2649 balista·

297 2686 359 2742 rios
379 2693 408 2744 et
429 2684 546 2745 totidem
568 2696 633 2766 post
655 2705 695 2747 se.
1071 2682 1073 2685 ⁸

340 2782 450 2845 Eadem
472 2786 517 2847 die
536 2786 571 2846 R.
594 2785 627 2847 P.
650 2786 685 2848 D.
702 2789 842 2849 Antonius
861 2791 966 2854 Floras
983 2812 1084 2855 secre-

300 2886 396 2945 tarius
416 2888 602 2966 Apostolicus
629 2890 869 2968 prothonotarius
891 2938 1082 2957 .......

301 2986 330 3044 in
353 2985 522 3048 Auditorem
545 2988 636 3052 Rotae
658 2991 687 3049 in
710 2993 806 3052 locum
829 2993 902 3054 Rev.
922 2995 958 3054 D.
980 2994 1085 3056 Cardi-

301 3087 374 3145 nalis
396 3088 578 3149 Alexandrini
598 3089 789 3170 recipiendus,
812 3091 921 3155 Romae
939 3095 966 3152 in
988 3095 1084 3156 eccle-

297 3187 339 3245 sia
359 3186 390 3246 S.
408 3187 560 3249 Eustachii
575 3190 612 3248 ab
633 3190 705 3251 hora
724 3210 786 3254 xx.
805 3195 849 3255 rel
870 3196 950 3255 circa
972 3195 1002 3255 in
1019 3213 1083 3256 xrrx

301 3284 395 3348 Rerv.
417 3289 480 3350 DD.
503 3290 723 3365 cardinalium,
745 3294 880 3357 videlicet
900 3296 1084 3376 Neapolitani

297 3397 326 3448 et
340 3389 538 3451 Ulixbonensis
550 3393 792 3474 Episcoporum‚
806 3397 903 3457 Sancti
920 3398 1084 3473 Clementis,

299 3488 470 3563 imoensis,
497 3492 711 3569 Beneventani,
739 3496 839 3559 Sancti
860 3499 1013 3579 Dionysii,
1044 3502 1085 3561 A·

296 3590 468 3662 lexandrini‚
489 3592 702 3674 Cartagineusis
731 3598 1001 3680 Presbyterorum,
1030 3601 1086 3662 Se·

295 3693 407 3764 nensis,
428 3692 463 3753 de
483 3693 627 3769 Sabellis,
646 3698 789 3759 Columna
807 3743 816 3773 ,
837 3701 1085 3777 vicecancellarii,

295 3790 395 3854 Sancti
418 3793 569 3867 Severini,
589 3797 755 3874 Valentini,
774 3800 916 3875 Cesarini,
936 3799 1085 3877 Grimani,

295 3894 426 3953 Farnesii
448 3905 477 3954 et
499 3894 615 3958 Lunate
637 3897 855 3961 Diaconoram
870 3921 903 3961 ae
926 3904 1086 3964 multorum

295 3993 518 4071 praelatorum,
542 4015 576 4055 ae
601 3998 776 4059 Auditorum
798 4000 890 4061 Rotae
915 4005 1085 4080 praesentia,

296 4111 332 4151 ac
353 4093 478 4151 aliorum
502 4095 677 4170 curialium,
697 4098 855 4180 disputavit
870 4112 898 4161 et
913 4105 1026 4183 repetiit
1050 4124 1085 4166 n.

297 4193 459 4272 capitulum
477 4193 511 4255 de
523 4198 717 4279 majoritate,
730 4211 760 4261 et
776 4202 956 4264 obedientia
978 4216 1005 4266 et
1020 4225 1086 4268 con·

297 4294 441 4356 clusiones
463 4296 683 4379 iniraseriptas,
706 4313 806 4363 eontra
830 4322 900 4382 quas
922 4318 1085 4385 arguerunt

298 4396 333 4455 Ι).
357 4396 521 4457 Gulielmus
554 4398 590 4459 de
611 4399 782 4475 Perreriis,
814 4405 989 4466 Franciseus
1009 4409 1085 4469 Dre-

299 4499 375 4569 vius‚
396 4497 503 4559 Petrus
525 4498 559 4560 de
580 4502 740 4576 Aecolitis,
764 4503 891 4565 Achilles
908 4506 944 4567 de
960 4506 1087 4585 Grassis,

298 4610 326 4659 et
348 4599 517 4661 Dominicus
538 4600 572 4661 de
594 4601 753 4664 ,lacobatiis
771 4605 930 4670 Auditores
951 4609 1041 4673 Rotae
1056 4622 1085 4672 et

298 4702 334 4761 Ι).
357 4702 467 4762 Paulus
489 4702 523 4763 de
544 4703 675 4776 Planco,
698 4706 868 4769 Advocaius
887 4710 1085 4772 consistoria·

298 4804 334 4861 lis
345 4826 355 4875 3
378 4804 581 4865 conclusiones
608 4798 820 4870 recoluerunt
841 4829 893 4890 per
916 4810 1083 4888 hujusmodi

297 4902 503 4964 schedularum
522 4906 679 4969 allisionem
699 4909 728 4968 in
747 4911 818 4971 locis
834 4912 924 4972 solitis
943 4912 998 4991 per
1020 4914 1084 4976 Ur·

298 5004 362 5064 bern
385 5006 499 5066 affixae:

345 5131 362 5160 e
396 5107 536 5166 Antonius
570 5109 700 5183 Flores,
734 5112 891 5190 utriusque
919 5111 998 5191 juris
1028 5116 1080 5176 do-

297 5217 363 5269 ctor
384 5206 438 5266 SS.
462 5206 495 5267 D.
521 5205 556 5268 N.
578 5208 672 5287 Papae
700 5209 923 5274 Relerendarius
944 5214 1083 5277 domesti-

298 5327 362 5381 cus,
395 5325 454 5369 xri.
487 5313 643 5387 praesentis
665 5313 767 5373 mensis
798 5316 911 5389 martii,
942 5318 993 5396 qui
1024 5318 1083 5381 erit

296 5409 358 5471 dies
373 5410 444 5471 beati
461 5410 607 5489 Gregorii,
624 5414 652 5472 in
668 5416 788 5477 ecclesia
810 5417 910 5479 Sancti
932 5418 1082 5480 Eustachii

296 5521 408 5590 repetet
427 5528 453 5571 o.
471 5532 498 5571 n.
515 5511 549 5573 de
565 5515 760 5595 marjoriiote,
776 5529 806 5579 ei
827 5520 1016 5589 obedientia,
1027 5520 1080 5580 sibi

298 5610 327 5670 in
351 5613 463 5690 punctis
483 5614 673 5692 assignatum,
690 5615 739 5676 ubi
754 5636 808 5698 pro
831 5638 912 5681 more
931 5620 1081 5681 conabitur

294 5714 493 5796 infrascriptis
516 5715 714 5780 conclusiones
731 5717 922 5798 substentare,
934 5721 1077 5785 videlieet:

762 636 1046 704 constrictius
1066 641 1296 706 ALEXANDRI
1315 638 1440 701 SEX'N.
1871 635 1932 697 tii

1196 802 1213 835 e
1232 776 1339 839 Omnes
1355 774 1515 854 Principes,
1535 783 1598 834 tam
1616 772 1712 835 lideles
1728 790 1816 850 quam
1831 770 1935 834 infide·

1153 880 1192 940 les
1206 889 1338 941 tenentur
1350 875 1482 937 Romano
1492 872 1626 936 Pontifici
1643 872 1828 935 obedientiam
1847 889 1933 951 prae-

1151 991 1252 1053 stare3
1279 977 1437 1040 obedientia
1459 976 1551 1038 dehita
1569 976 1701 1037 Romano
1722 972 1856 1035 Pontifici
1878 992 1932 1053 per

1151 1080 1320 1140 uuiversum
1341 1077 1441 1139 orbem
1464 1085 1558 1155 potest
1583 1075 1639 1135 dici
1661 1074 1697 1136 de
1718 1075 1781 1173 lege
1802 1074 1929 1135 Diocae-

1151 1197 1289 1339 ΙΙΙΙΙΙοιεεῑ
1309 1276 1471 1363 Episcopus
1486 1277 1637 1358 disponere
1653 1285 1754 1338 eontra
1772 1273 1822 1353 jus
1846 1243 1930 1334 com·

1151 1396 1253 1439 mune:
1275 1378 1352 1438 sieut
1370 1378 1435 1438 laici
1452 1390 1572 1458 possunt
1586 1387 1689 1439 contra
1708 1373 1759 1451 jus
1780 1393 1932 1436 commune

1151 1489 1258 1538 natata
1287 1477 1434 1552 condere,
1465 1478 1621 1540 dummodo
1644 1474 1695 1553 jus
1724 1474 1932 1555 superiorum,

1153 1580 1198 1639 vel
1218 1579 1297 1640 tertii
1318 1597 1374 1639 non
1396 1578 1545 1652 laedatur,
1577 1581 1615 1639 ita
1636 1590 1665 1639 et
1685 1576 1844 1657 episcopus.
1866 1574 1932 1633 Dil-

1151 1679 1291 1753 ferentia,
1311 1699 1399 1759 quam
1421 1691 1533 1760 ponunt
1555 1680 1686 1741 doctores
1710 1679 1786 1739 inter
1808 1694 1932 1738 consue·

1153 1781 1292 1855 tudinem,
1307 1792 1337 1843 et
1350 1791 1505 1855 statutum,
1519 1800 1577 1842 non
1595 1780 1709 1843 videtur
1727 1778 1843 1840 veritati
1859 1794 1933 1838 con-

1151 1901 1220 1943 sona
1242 1892 1376 1961 respectu
1398 1882 1524 1961 episcopi
1544 1882 1705 1941 statuentis.
1994 1953 2001 1968 ·

1193 1984 1276 2044 Valet
1295 1993 1435 2043 statutum
1457 1982 1595 2063 Episcopi
1628 1981 1778 2062 disponens
1798 1979 1828 2039 id
1850 1976 1930 2056 quod

1152 2086 1254 2164 regula
1269 2085 1458 2146 cancellariae
1473 2084 1507 2145 de
1527 2084 1674 2145 verisimili
1693 2082 1816 2155 notitia3
1836 2076 1932 2158 quoad

1150 2184 1286 2246 beneficia
1307 2184 1344 2243 ab
1363 2204 1399 2247 eo
1421 2185 1600 2264 impetranda
1621 2194 1665 2245 est
1687 2184 1816 2243 validum
1827 2202 1838 2254 3
1870 2190 1933 2239 sia-

1152 2295 1235 2348 tuere
1256 2298 1350 2367 potest
1372 2286 1535 2367 Episcopus
1556 2287 1636 2347 circa
1656 2294 1803 2347 reservata
1830 2283 1934 2362 Papae.

1193 2388 1321 2450 Verbum
1354 2390 1512 2452 moriatur
1532 2391 1679 2471 prolatum
1701 2408 1717 2447 a
1740 2405 1846 2448 canone
1876 2403 1933 2445 non

1150 2490 1234 2551 debet
1248 2491 1369 2568 intelligi
1391 2508 1446 2570 pro
1461 2501 1556 2551 morte
1570 2489 1723 2569 infligenda
1738 2507 1789 2568 per
1802 2483 1933 2562 judicem

1151 2593 1331 2653 saecularem
1352 2590 1476 2663 elerico,
1492 2592 1578 2652 etiam
1593 2591 1617 2650 si
1629 2591 1807 2650 commiserit
1825 2587 1936 2647 crimen

1152 2690 1360 2771 qualificatum,
1375 2691 1430 2751 nisi
1447 2692 1475 2750 in
1491 2690 1605 2751 casibus
1624 2709 1642 2750 a
1661 2688 1731 2766 jure
1751 2688 1932 2767 expressis».

1193 2791 1279 2852 Faria
1294 2802 1382 2864 sexta,
1396 2808 1472 2853 xnr.
1491 2791 1590 2851 martii
1612 2791 1686 2851 hora
1700 2807 1757 2852 xx.
1773 2789 1819 2850 rel
1840 2788 1930 2859 eirca,

1151 2911 1204 2973 per
1226 2905 1340 2973 portam
1359 2890 1591 2964 Lateranansem‚
1605 2891 1765 2952 Asinariam
1780 2905 1936 2967 nuncupa-

1152 2994 1287 3064 aemili.
1308 2993 1344 3053 D.
1366 2992 1430 3054 Don
1451 2992 1616 3054 budovieus
1633 2993 1668 3054 de
1682 2990 1830 3070 Aragonia
1851 2990 1935 3050 illar-

1152 3094 1219 3154 chio
1249 3093 1370 3169 Giraei,
1391 3093 1427 3154 R.
1449 3093 1485 3154 D.
1506 3093 1665 3156 Alexander
1686 3092 1790 3156 Carasa
1808 3089 1934 3152 Archia·

1152 3195 1286 3278 piscopos
1308 3193 1534 3275 Neapolitanus,
1561 3195 1652 3258 irater
1682 3212 1841 3274 germanus
1860 3191 1935 3252 liev.

1151 3296 1265 3356 Domini
1287 3295 1449 3358 Cardinalis
1469 3294 1670 3375 Neapolitani,
1701 3292 1874 3373 magnificus
1897 3290 1933 3351 Ι).

1152 3396 1295 3459 iohannes
1322 3398 1462 3458 Antonius
1483 3397 1518 3458 de
1539 3395 1669 3457 Ghinara
1702 3413 1797 3456 eomes
1824 3392 1935 3452 Poten-

1152 3498 1218 3573 tiae,
1236 3510 1265 3560 et
1285 3499 1544 3579 praestantissimus
1563 3496 1715 3575 utriusque
1732 3496 1809 3574 juris
1831 3495 1934 3557 doctor

1151 3596 1187 3660 D.
1210 3598 1349 3660 Antonius
1381 3598 1422 3659 de·
1436 3591 1598 3659 Ale'xandro
1627 3596 1766 3656 Sereniss.
1793 3593 1935 3673 Alphonsi

1152 3699 1267 3761 Siciliae
1285 3712 1340 3761 etc.
1364 3709 1393 3761 et
1425 3700 1606 3760 Hierusalem
1638 3697 1727 3776 Regis
1756 3694 1937 3775 Neapolitani

1152 3799 1293 3862 Oratores
1319 3818 1373 3880 pro
1395 3797 1624 3879 particularibus
1656 3798 1780 3877 negociis
1813 3795 1935 3874 praelati

1152 3898 1240 3979 Regis
1252 3897 1297 3981 (i)
1308 3912 1338 3962 et
1358 3900 1445 3959 etiam
1466 3898 1502 3956 ad
1519 3897 1718 3977 praestandam
1734 3896 1937 3968 obedientiam,

1191 4145 1225 4206 (tl
1242 4143 1282 4194 Ad
1298 4142 1442 4206 aagendam
1455 4139 1551 4191 seriem
1564 4143 1790 4190 monumentorum
1804 4152 1884 4202 super
1895 4139 1937 4190 in·

1152 4223 1261 4274 vasione
1273 4224 1346 4284 regui
1357 4220 1537 4285 Neapolitani,
1549 4225 1575 4272 et
1587 4222 1766 4271 foederatione
1779 4222 1848 4271 iuter
1859 4220 1937 4271 Priu-

1151 4305 1224 4367 cipea
1241 4302 1330 4354 ltaliae
1346 4301 1396 4365 (ad
1412 4314 1489 4365 quem
1506 4300 1585 4351 linem
1601 4302 1704 4364 legatio
1724 4300 1934 4364 Neapolitana),

1152 4384 1217 4435 baec
1235 4384 1410 4434 monumentis
1424 4381 1478 4443 jam
1496 4383 1617 4444 superius
1629 4383 1762 4445 inscriptis
1773 4380 1933 4440 adjicienda:

1195 4462 1310 4513 ·Faccio
1327 4460 1432 4511 ricorde
1450 4460 1474 4509 io
1490 4460 1593 4509 steiano
1617 4457 1769 4521 incessuri,
1788 4459 1932 4510 couciosia·

1151 4538 1263 4591 cosrohe
1280 4540 1393 4591 essendo
1410 4538 1542 4589 discordia
1559 4538 1626 4589 iutra
1649 4538 1716 4602 Papa
1738 4538 1933 4590 Aiessandroe

1152 4620 1177 4669 lo
1193 4619 1228 4669 lie
1240 4620 1266 4668 di
1277 4618 1371 4681 Napoii
1383 4631 1463 4682 sopra
1475 4618 1492 4667 li
1504 4617 1577 4667 censi
1590 4621 1616 4668 et
1628 4618 1694 4668 altre
1707 4619 1764 4669 loro
1775 4618 1935 4678 differenze,

1151 4699 1176 4751 lo
1192 4699 1263 4764 Papa
1279 4713 1294 4750 e
1311 4701 1337 4750 lo
1353 4698 1466 4763 collegio
1484 4699 1564 4750 iaoiid
1579 4699 1605 4749 lo
1627 4700 1789 4763 imperatore
1805 4699 1935 4752 discrimi-

1151 4781 1220 4832 liano
1233 4784 1259 4831 ei
1271 4793 1337 4831 anco
1349 4779 1374 4829 lo
1386 4779 1421 4830 lie
1438 4778 1463 4828 di
1481 4778 1606 4838 Francia,
1621 4780 1670 4831 cbe
1688 4780 1831 4830 dovessiao
1842 4780 1933 4829 venire

1152 4862 1292 4925 apigiiare
1317 4858 1334 4907 i'
1348 4859 1462 4920 imprese
1485 4863 1576 4910 contro
1594 4859 1620 4908 io
1645 4859 1711 4908 ditio
1728 4859 1763 4909 lie
1780 4858 1805 4907 di
1823 4857 1934 4920 hispali,

1151 4953 1200 4991 con
1217 4940 1398 5004 prometiergii
1416 4939 1487 5000 ajuto
1510 4950 1524 4987 e
1548 4938 1637 4987 lavore
1659 4943 1758 5001 quanto
1779 4937 1933 5000 bisoguava.

1150 5019 1270 5070 Edesco
1287 5017 1409 5069 condire
1432 5020 1482 5067 che
1504 5018 1530 5068 di
1555 5019 1660 5081 ragione
1685 5019 1710 5068 io
1735 5018 1809 5068 datio
1833 5017 1929 5068 Reama

1151 5104 1273 5163 speitava
1285 5100 1336 5148 alio
1346 5098 1417 5149 Daca
1430 5098 1456 5147 di
1468 5098 1569 5149 borenc
1586 5110 1600 5146 e
1617 5109 1670 5147 uon
1681 5100 1705 5147 al
1717 5099 1752 5148 lte
1764 5098 1935 5148 Perdiaaudo.

1150 5178 1169 5229 E
1187 5192 1264 5242 sopra
1281 5184 1375 5243 questo
1393 5179 1418 5228 lo
1438 5179 1505 5229 ditio
1523 5178 1683 5241 imperatore
1700 5192 1714 5228 e
1731 5180 1766 5229 iia
1783 5178 1808 5228 di
1826 5178 1935 5228 Francia

1149 5258 1193 5321 piu
1204 5260 1274 5308 volte
1287 5261 1309 5308 si
1321 5258 1488 5309 condurseuo
1499 5260 1609 5309 insieme
1627 5274 1641 5309 e
1658 5259 1785 5321 perlare;
1801 5272 1815 5307 a
1833 5258 1936 5308 medem

1151 5340 1310 5389 conclusouo
1327 5352 1342 5389 a
1359 5341 1458 5389 venire.
1476 5338 1496 5389 E
1512 5339 1583 5401 dopo
1601 5343 1686 5390 morio
1706 5340 1755 5389 che
1777 5340 1806 5388 lu
1820 5340 1856 5389 lie
1873 5342 1935 5390 Fer·

1150 5419 1281 5479 dicando,
1298 5420 1322 5468 lo
1338 5419 1451 5481 ligliuolo
1469 5432 1517 5468 auo
1532 5419 1603 5469 Daca
1625 5419 1651 5469 di
1674 5419 1796 5470 Calabria
1813 5420 1891 5482 pigno
1909 5422 1934 5470 lo

1149 5502 1237 5558 stato,
1254 5512 1268 5548 e
1286 5499 1310 5547 la
1326 5498 1444 5562 Signoria
1468 5498 1537 5549 dallo
1560 5502 1672 5560 hesma,
1693 5513 1707 5549 e
1730 5499 1886 5551 addimandb
1908 5502 1932 5551 al

1149 5578 1216 5642 Papa
1233 5578 1358 5629 d’essera
1374 5582 1510 5629 coronato.
1527 5578 1547 5629 E
1564 5580 1588 5630 lo
1605 5579 1672 5642 Papa
1684 5591 1733 5629 con
1744 5579 1778 5629 lui
1790 5580 1848 5630 lece
1865 5582 1931 5643 palti

1149 5658 1334 5721 epareuiele,
1349 5657 1434 5718 idest,
1456 5658 1505 5708 ebe
1525 5672 1577 5708 uno
1600 5658 1713 5721 igliuoio
1735 5659 1933 5724 squbasiardo

1150 5738 1175 5789 io
1191 5738 1269 5802 diedo
1279 5749 1328 5801 per
1339 5738 1434 5789 merito
1450 5738 1503 5789 aila
1518 5736 1586 5802 betia
1601 5738 1646 5790 del
1661 5738 1737 5790 detio
1751 5738 1825 5791 Duce
1840 5740 1868 5791 di
1884 5739 1934 5790 Ge·
