4492 6859
312 636 374 699 lid
793 626 1075 693 consulemus
1096 626 1319 696 lNNOCENTll
1337 623 1488 695 ocdtvt.

311 789 346 832 ac
367 770 470 834 Castro
502 769 601 832 Sancti
622 769 739 848 Angeli,
761 776 789 827 et
810 776 876 826 ante
894 765 993 825 domos
1010 768 1094 844 prin-

310 872 444 951 cipalium
466 870 664 932 cardinalium
682 880 710 929 et
728 867 813 928 etiam
831 866 993 928 Curiatium
1026 865 1094 925 iacti

309 982 375 1032 sunt
405 972 485 1049 ignes
506 972 535 1031 in
565 972 682 1049 signum
701 968 833 1028 lactitiae.
856 966 934 1026 Deus
956 966 1093 1043 dignetur

308 1090 360 1131 sue
379 1073 481 1151 pictate
501 1071 594 1131 omnia
615 1068 735 1129 feliciter
755 1066 891 1145 dirigere.

349 1171 436 1234 Faria
457 1170 704 1243 sextemdecim
721 1170 824 1229 mensis
840 1167 1019 1247 septembris,
1033 1166 1091 1227 luit

311 1272 527 1342 consistorium,
547 1270 583 1329 ad
604 1270 681 1347 quod
703 1269 798 1330 vocati
817 1268 935 1328 inerunt
953 1279 982 1328 et
998 1269 1094 1326 intro·

309 1371 387 1431 missi
416 1390 513 1433 omnes
541 1368 680 1432 Oratores
707 1372 836 1431 omniurn
863 1367 1035 1447 Principum
1065 1368 1093 1428 in

309 1470 441 1531 Romana
461 1470 548 1532 Curia
569 1474 728 1544 existentes,
741 1490 776 1531 ac
791 1472 826 1532 R.
845 1470 932 1530 Peter
954 1469 1094 1530 Dominus

309 1570 452 1633 Jobennes
463 1572 613 1650 episcopus
628 1571 845 1643 steranartnus,
860 1588 935 1630 unus
951 1588 985 1629 ex
1007 1568 1094 1629 Sacri

309 1671 412 1732 Palatii
433 1671 961 1752 11111111111111111111111111111
978 1670 1096 1730 lucum·

310 1772 490 1843 tenentibus,
508 1783 536 1832 et
558 1771 697 1832 Dominus
717 1771 834 1833 Felinus
863 1769 994 1831 Sandeus
1013 1766 1096 1844 ejus·

309 1871 373 1932 dem
393 1871 493 1931 Palatii
515 1889 668 1932 causarum
690 1870 823 1942 luditur,
838 1889 872 1931 ac
887 1870 1028 1929 Dominus
1041 1865 1095 1927 Ni-

309 1973 408 2032 coleus
432 1971 467 2033 de
493 1971 600 2032 Parma
625 1970 804 2033 Procurator
825 1971 957 2042 Fiscalis,
982 1972 1010 2030 in
1037 1987 1095 2046 quo

312 2071 427 2149 quidem
445 2072 615 2132 consistorio
630 2072 792 2150 praedictus
807 2072 956 2149 episcopus
969 2072 1094 2131 Alexan-

307 2169 407 2231 drinus
429 2172 497 2231 lecit
515 2171 640 2249 primam
662 2172 821 2233 orationem
843 2171 877 2233 de
906 2171 1093 2234 inobedientia

307 2269 394 2349 Regis
406 2269 580 2330 Perdinaudi
596 2269 711 2330 Siciliae
726 2280 781 2331 etc.
798 2290 832 2331 ac
847 2269 994 2331 Pontificis
1011 2288 1093 2330 men·

307 2369 467 2443 suetudine,
482 2389 517 2431 ac
529 2367 642 2447 justitia
660 2371 773 2432 tandem
790 2372 976 2433 ministranda
982 2394 993 2445 ;
1012 2370 1094 2431 dein-

311 2470 345 2531 de
366 2470 444 2549 Pape
465 2470 625 2532 declararit
657 2472 739 2532 illum
763 2474 1040 2533 excommunicatum
1065 2482 1095 2533 et

312 2573 470 2650 privatum,
491 2574 590 2650 paucis
612 2572 706 2633 verbis
717 2593 728 2645 3
753 2584 848 2653 postea
870 2575 994 2635 surrexit
1008 2574 1094 2635 Vice-

311 2672 512 2745 cancellarius,
525 2682 558 2734 et
579 2673 607 2731 in
628 2692 682 2733 suo
702 2674 765 2734 loco
785 2684 872 2746 stans,
893 2676 962 2753 legit
983 2674 1094 2743 bullam

307 2790 394 2851 super
409 2770 464 2833 boc
483 2772 602 2833 editam:
625 2792 682 2851 que
698 2776 782 2845 lecta,
802 2774 941 2836 Dominus
956 2773 1091 2834 Ricoluus

309 2870 345 2931 de
376 2869 484 2931 Parma
505 2869 685 2933 Procurator
707 2873 826 2933 Fiscelis
856 2884 1030 2953 protestatus
1051 2883 1094 2933 est

310 2972 405 3031 nescio
434 2971 516 3049 quid,
537 2982 566 3032 et
587 2971 726 3033 Dominus
746 2973 886 3033 Antonius
913 2974 948 3035 de
968 2976 1093 3035 Alexan·

310 3070 400 3131 drinis
416 3069 525 3133 Orator
539 3072 662 3151 praelati
680 3073 767 3153 Regia
782 3077 869 3135 etiam
887 3076 1013 3153 aliquem
1026 3076 1093 3135 lecit

309 3174 552 3251 protestationem.
575 3172 770 3236 Cardinalium
798 3177 921 3238 scabella
943 3178 1032 3256 posite
1058 3196 1092 3236 e·

307 3286 372 3334 11111
398 3285 485 3354 prout
511 3275 539 3333 in
566 3284 677 3336 secreto
704 3278 871 3338 consistorio
903 3277 971 3358 poni
1000 3278 1093 3337 solent

307 3386 372 3435 ente
394 3376 544 3435 introitum
565 3378 737 3450 consistorii3
755 3380 783 3437 in
795 3391 947 3458 conspectu
969 3376 1093 3439 Pontifi-

306 3476 349 3534 cis
370 3475 511 3554 genuflexi
541 3476 653 3535 stabant
680 3496 777 3538 omnes
804 3479 960 3557 praedicti,
987 3490 1016 3540 et
1040 3479 1091 3538 alii

307 3576 479 3654 complures.
498 3574 560 3634 Non
583 3577 679 3636 releru
700 3578 914 3655 particularius,
933 3597 968 3638 ec
983 3579 1092 3638 clarius

307 3686 393 3747 acta,
411 3675 478 3753 quie
500 3693 557 3736 non
578 3676 715 3749 interlui,
737 3677 785 3738 sed
817 3676 854 3736 ab
874 3678 936 3738 aliis
963 3697 1024 3738 rem
1052 3678 1091 3737 ite

313 3788 407 3836 actem
429 3776 551 3837 intellexi
572 3774 629 3857 (l).

310 4041 455 4091 medesimo
472 4054 551 4090 mese.
566 4040 623 4092 Non
640 4041 754 4103 polendo
771 4041 820 4091 Sua
836 4041 935 4090 Santiti
956 4045 1091 4093 1111111-

313 4124 363 4171 late
380 4121 395 4170 l'
407 4123 552 4183 allegrezza
569 4121 617 4169 obe
635 4123 702 4170 senti
720 4121 745 4169 di
762 4126 855 4183 questo
876 4120 958 4179 lello,
978 4119 1011 4169 le’
1022 4120 1092 4168 cbia·

311 4214 384 4251 tnere
402 4202 418 4250 il
432 4201 575 4249 medesimo
592 4199 692 4261 giorno,
709 4198 759 4248 due
776 4213 823 4249 ore
840 4200 908 4260 dopo
926 4199 943 4247 il
967 4200 1090 4250 desinere

310 4282 369 4328 tutti
386 4281 392 4328 i
409 4278 539 4327 Cardinali
561 4289 576 4325 e
593 4277 626 4337 gli
651 4276 834 4327 ambasciatori
851 4278 893 4326 dei
920 4277 1052 4340 Principl;
1075 4291 1090 4327 e

308 4359 370 4408 dato
387 4359 469 4419 prima
488 4356 504 4404 l'
515 4357 605 4404 arrisu
621 4355 782 4404 a'Cardinali
799 4368 848 4405 con
865 4356 955 4417 parole
971 4357 1047 4417 piene
1064 4354 1091 4405 di

309 4436 462 4497 abegrezm,
480 4447 521 4482 ma
547 4432 701 4496 gravissime
720 4448 735 4482 e
752 4436 925 4491 sentenziose,
942 4433 973 4483 ie’
986 4436 1029 4496 poi
1053 4435 1090 4482 in·

307 4513 431 4562 trodarre
449 4526 462 4560 a
479 4510 507 4560 se
524 4512 556 4572 gii
574 4511 773 4571 ambasciadori‚
789 4512 838 4561 cbe
854 4512 962 4561 turono:
978 4511 1091 4561 111111111-

308 4590 454 4655 peradore,
476 4590 502 4638 di
520 4589 645 4650 Francia,
661 4590 862 4653 d'lngbilterra,
880 4592 906 4641 di
927 4591 1046 4654 Spegnn,
1063 4592 1089 4641 di

306 4672 415 4733 Nepoti,
430 4671 456 4720 di
472 4671 584 4730 blileno,
601 4669 711 4720 Ferrera
729 4683 744 4720 e
768 4670 891 4730 Firenze3
908 4670 1026 4733 e'quali‚
1046 4683 1090 4720 se·

308 4750 395 4800 dendo
413 4753 421 4799 i
437 4749 568 4799 Cardineii
593 4752 617 4797 in
643 4750 760 4807 circulo,
776 4749 851 4799 diede
868 4750 884 4798 il
902 4749 1025 4799 suddetto
1042 4762 1090 4797 av·

307 4830 381 4886 riso,
398 4827 536 4878 acciocche
552 4832 689 4890 potessero
705 4828 781 4878 dario
802 4830 824 4877 ei
842 4830 897 4878 toro
912 4827 1033 4889 Principi.
1049 4828 1088 4877 Gli

307 4906 497 4957 ambasciadori
508 4906 629 4955 abiesero
645 4908 719 4968 copia
736 4907 803 4955 delle
821 4907 923 4962 lettere,
935 4918 977 4954 ma
994 4905 1021 4953 iu
1033 4905 1089 4955 loro

306 4998 355 5049 per
372 4986 453 5034 allora
470 4986 570 5046 negata.
590 5006 599 5026 ·
617 4982 776 5043 Vraaanons,
794 4983 856 5033 Hist-
873 4983 1038 5045 de'l'orsteltci
1051 4983 1090 5032 ba-

306 5065 420 5115 nocentia
437 5064 494 5114 1111.
511 5070 568 5125 etc,
582 5075 609 5124 p.
627 5065 665 5111 12.
683 5066 720 5115 ta.

351 5147 386 5206 11)
405 5143 442 5193 De
460 5143 529 5192 bello
548 5144 617 5191 inter
634 5142 811 5190 innocentium
830 5145 856 5190 et
875 5140 1088 5202 ferdinandum,

306 5221 338 5271 da
367 5223 548 5283 conjuratione
565 5220 712 5278 baronum,
729 5220 761 5269 de
779 5221 1022 5272 excomunicatione
1038 5223 1089 5271 Re-

308 5304 362 5362 gis,
379 5306 405 5351 ct
429 5301 461 5350 de
487 5301 608 5350 omnibus
633 5300 751 5349 adhaec
776 5301 894 5348 relativis
919 5306 1089 5351 monumenta

306 5380 446 5440 singularia
474 5383 500 5428 el
528 5380 717 5441 quamplurima
740 5380 824 5428 adbuc
849 5379 961 5437 inedita,
983 5381 1087 5429 suntin

309 5457 469 5519 Appendicc.
487 5457 535 5507 Hic
551 5457 876 5516 notandamffloatiucem,
892 5470 923 5506 ex
942 5460 1089 5508 testimonio

310 5537 465 5594 Rurcbardi,
481 5538 514 5587 de
531 5538 672 5586 concordia
698 5550 756 5586 eum
774 5538 840 5598 Rege
857 5550 907 5586 non
923 5538 1088 5598 desperasse,

309 5628 385 5671 cum,
402 5627 433 5663 eo
450 5620 569 5677 petente,
584 5617 638 5667 Rea
655 5621 681 5667 ct
697 5618 791 5679 Regina
807 5615 990 5677 Hispaniarum
1007 5617 1087 5679 Lega-

309 5696 351 5744 loa
368 5693 401 5744 ad
416 5694 607 5747 Perdtnandum
632 5707 722 5746 mense
741 5695 807 5757 lunii
828 5696 905 5757 11111111
926 5697 987 5747 anni
1008 5696 1088 5747 mise·

216 6061 392 6179 fl

1833 636 1943 722 (1111)

1204 767 1339 842 Sabbata,
1361 769 1527 832 duodecima
1547 770 1649 831 mensis
1663 773 1846 851 septembris,
1863 778 1942 835 anni-

1163 864 1324 930 versarium
1340 871 1531 930 coronationis
1551 870 1720 950 Pnpae,SS.
1738 872 1774 932 D.
1798 872 1835 933 tt.
1858 894 1943 954 para·

1162 1123 1215 1171 rint
1232 1121 1266 1171 ad
1281 1123 1409 1172 Beronum
1427 1123 1610 1173 liberationem
1627 1124 1821 1184 obtinendam,
1839 1129 1864 1175 et
1882 1125 1947 1176 ami·

1163 1201 1250 1248 citiam
1268 1202 1444 1250 renovandam
1460 1202 1526 1264 (oid.
1541 1215 1601 1265 pap.
1622 1205 1675 1252 tta.
1691 1202 1739 1250 col.
1753 1206 1776 1252 2.
1789 1210 1806 1261 1.
1827 1202 1879 1251 Sed
1901 1216 1946 1266 spe

1163 1278 1282 1327 Pontifex
1309 1278 1453 1341 deceptus,
1469 1281 1560 1343 Regem
1582 1295 1614 1330 ex
1633 1283 1793 1331 comunione
1820 1282 1947 1332 catholica

1165 1358 1309 1419 expellere,
1344 1359 1429 1407 animo
1453 1358 1618 1409 deliberavit.
1635 1360 1813 1411 ¹Rurcburdus
1837 1360 1948 1419 aberal3

1165 1438 1222 1494 eius
1240 1437 1317 1498 igitur
1333 1439 1530 1495 narrationem,
1548 1452 1606 1487 cum
1629 1438 1778 1489 iniessurae
1796 1441 1949 1489 narratione

1163 1526 1273 1564 necesse
1290 1515 1340 1564 erit
1357 1516 1476 1577 implere:
1491 1536 1500 1556 ·
1520 1515 1565 1565 Die
1577 1518 1652 1567 lunae
1665 1520 1787 1580 proxime
1799 1519 1947 1579 praeterita

1163 1593 1286 1645 Dominus
1304 1599 1393 1644 noster
1409 1596 1577 1645 innocentius
1594 1597 1620 1644 in
1642 1597 1804 1646 consistorio
1826 1606 1951 1644 excomu-

1164 1674 1263 1723 nicarit
1279 1683 1369 1723 omnes
1387 1678 1413 1723 et
1430 1675 1545 1735 singulos
1561 1676 1726 1725 censurerios
1743 1674 1896 1732 Ecclesiae,
1907 1675 1949 1735 qai

1163 1765 1215 1802 non
1232 1752 1368 1804 solverunt
1392 1752 1508 1801 debitum
1526 1765 1652 1811 consuens
1668 1754 1739 1816 quod
1759 1753 1883 1803 creditur
1910 1755 1950 1800 to·

1164 1837 1218 1882 tum
1235 1832 1331 1881 tactum
1348 1831 1429 1880 luisse
1446 1844 1493 1893 pro
1510 1831 1576 1894 Rege
1594 1832 1757 1882 Perdinando
1773 1832 1822 1894 qui
1834 1844 1889 1880 non
1901 1831 1950 1879 sol·

1163 1914 1221 1972 rit,
1236 1914 1297 1961 licet
1314 1912 1465 1973 specialiter
1482 1924 1533 1958 non
1551 1910 1627 1959 tuerit
1643 1910 1679 1959 ibi
1699 1910 1871 1966 nominatus;
1884 1901 1948 1957 'am-

1164 1991 1295 2041 basciator
1312 1990 1375 2038 dicti
1391 1989 1476 2049 Regis,
1487 2000 1574 2037 coram
1586 1988 1705 2037 omnibus
1717 1986 1810 2051 quoad
1820 1988 1951 2036 interesse

1163 2070 1227 2120 dicti
1243 2070 1318 2132 Regis
1335 2069 1474 2131 appellarit
1492 2067 1525 2115 ed
1540 2067 1655 2116 loturum
1672 2066 1855 2115 consiliumet
1874 2063 1950 2126 petiit

1162 2148 1219 2197 dari
1238 2147 1288 2196 sibl
1302 2146 1425 2208 judices,
1442 2144 1538 2206 quibus
1555 2148 1610 2208 ipse
1627 2145 1769 2194 ostendere
1792 2139 1951 2191 intendebat

1163 2227 1260 2276 dictum
1287 2237 1394 2274 censum
1419 2236 1471 2272 non
1495 2223 1594 2272 debere
1616 2224 1683 2271 solvi
1706 2235 1756 2285 per
1777 2220 1885 2271 dictum
1905 2220 1952 2271 Re·

1163 2317 1259 2367 gem.-

1204 2381 1250 2431 liic
1267 2380 1576 2437 animadvertendumde
1587 2379 1674 2430 tuturo
1682 2378 1793 2429 concillo
1802 2378 1859 2439 iam
1870 2376 1950 2427 tuisse

1163 2463 1298 2513 decretum
1310 2461 1491 2523 incapituilsa
1508 2459 1689 2510 cardinalibus
1697 2459 1776 2521 paulo
1794 2464 1859 2507 ante
1876 2468 1951 2506 erea-

1162 2544 1258 2591 tionem
1272 2538 1413 2589 innocentii
1426 2537 1582 2600 subscriptis
1592 2537 1655 2599 (vid.
1663 2549 1689 2599 p.
1701 2538 1742 2586 2⁶.
1756 2535 1838 2586 coba
1849 2539 1867 2595 1.
1884 2534 1949 2583 Rur-

1163 2620 1278 2669 cbardus
1293 2619 1326 2667 dc
1344 2632 1396 2667 uno
1413 2621 1514 2666 tantum
1541 2622 1601 2666 actu
1622 2615 1752 2665 Pontificis
1775 2615 1898 2676 loquitur
1917 2626 1948 2663 ex

1149 2709 1218 2760 vspiro
1236 2699 1290 2748 Rex
1302 2697 1489 2759 Neapolitanus
1506 2696 1555 2745 tait
1572 2696 1788 2745 excomunicatus
1811 2698 1839 2743 et
1861 2694 1950 2756 Regno

1162 2779 1292 2839 privatus.
1315 2775 1365 2825 Sed
1389 2775 1523 2824 lulessara
1539 2778 1587 2829 (et
1603 2778 1662 2823 cum
1682 2786 1712 2823 eo
1729 2772 1864 2823 Odericus
1886 2772 1951 2834 Ray-

1163 2856 1233 2906 naldi
1262 2853 1426 2912 concordat)
1449 2855 1499 2902 alia
1524 2853 1654 2902 sententia
1682 2851 1885 2909 innocentium,
1906 2852 1953 2899 Ra·

1161 2952 1218 3001 gem
1236 2936 1414 2987 dominatione
1430 2935 1552 2997 privasse
1569 2931 1693 2982 defendit.
1712 2950 1723 2973 ι
1740 2929 1842 2980 Eodem
1856 2942 1947 2979 mense

1160 3018 1219 3079 (sic
1243 3014 1400 3073 Cbronista)
1423 3013 1599 3074 septembris,
1616 3014 1640 3060 in
1657 3010 1822 3059 consistorio
1837 3008 1947 3072 publico

1161 3096 1207 3146 SS.
1224 3098 1252 3143 b.
1269 3094 1383 3148 Noster,
1400 3095 1428 3140 111
1444 3090 1537 3149 fertur,
1553 3090 1698 3139 declaravit
1714 3088 1832 3150 Regnum
1844 3087 1949 3136 Siciliae

1161 3177 1227 3224 citra
1244 3177 1270 3222 et
1286 3172 1353 3221 ultra
1363 3169 1474 3218 Pharum
1486 3168 1671 3218 edEcclesiam
1690 3167 1837 3229 pertinere,
1851 3166 1949 3227 ipsum-

1161 3266 1213 3316 que
1238 3264 1297 3302 esse
1319 3249 1470 3299 devolutum
1492 3248 1524 3296 ad
1542 3259 1598 3295 earn
1618 3251 1728 3309 propter
1745 3256 1877 3295 canonem
1898 3255 1947 3292 non

1163 3335 1288 3389 solutum,
1300 3329 1497 3392 publicavitque
1515 3327 1610 3375 bullam
1629 3328 1654 3374 in
1670 3338 1721 3387 uua
1738 3325 1840 3374 dictum
1854 3327 1947 3387 Regem

1160 3411 1352 3462 Perdiuaudum
1369 3410 1501 3469 privatum
1519 3406 1589 3454 dicto
1606 3405 1691 3467 Regno
1707 3404 1838 3462 iaciebat,
1854 3406 1881 3454 in
1898 3418 1945 3467 qua

1161 3493 1239 3541 ctiam
1272 3485 1492 3550 protestabatur,
1519 3482 1590 3546 quod
1620 3485 1642 3531 si
1669 3482 1772 3543 quando
1806 3484 1944 3545 contigerit

1161 3571 1250 3634 ipsum
1267 3568 1402 3616 nominare
1419 3566 1513 3626 Regem
1529 3562 1747 3623 Neapolitanum,
1763 3574 1817 3611 non
1839 3566 1946 3624 propte·

1160 3663 1207 3700 rea
1224 3661 1258 3697 ex
1275 3647 1341 3695 tituli
1366 3644 1541 3693 nominatione
1566 3640 1719 3690 intendebat
1745 3641 1832 3704 ipsum
1850 3640 1945 3690 111111·-

1161 3743 1232 3780 mare
1251 3728 1277 3777 in
1295 3726 1365 3776 dicto
1382 3725 1477 3786 Regno.
1496 3738 1505 3764 a

1201 3808 1335 3859 Adversus
1345 3804 1430 3853 edicta
1442 3802 1571 3851 Pontilieie
1579 3835 1587 3861 ,
1599 3801 1651 3849 Rex
1664 3812 1734 3848 arma
1747 3812 1817 3848 nova
1829 3798 1939 3863 pararit.

1201 3886 1338 3937 l'ielardus
1350 3883 1388 3933 sic
1401 3896 1456 3931 rem
1468 3881 1557 3930 relert:
1572 3902 1581 3920 ·
1594 3879 1802 3930 omissurum
1814 3879 1941 3943 11111111·-

1161 3967 1244 4016 rendo
1272 3964 1416 4014 diebiareto
1439 3961 1637 4016 scomuuicato,
1655 3971 1669 4008 e
1685 3958 1762 4020 privo
1780 3958 1821 4007 dcl
1839 3959 1940 4018 Regno.

1159 4058 1208 4095 con
1227 4047 1293 4093 luite
1310 4042 1334 4090 le
1352 4040 1468 4089 clausule
1484 4038 1532 4086 ebe
1545 4037 1570 4085 in
1584 4038 1738 4099 simigliaate
1751 4036 1817 4085 letto
1829 4036 1940 4098 sogllono

1159 4122 1334 4185 proporsl3e
1357 4131 1405 4181 per
1427 4120 1579 4166 manteuere
1608 4116 1631 4164 la
1658 4113 1753 4176 dignita
1775 4114 1845 4163 della
1871 4112 1940 4162 Sedit

1159 4202 1309 4266 apostolica
1328 4212 1357 4248 se
1373 4200 1406 4260 gli
1423 4198 1549 4245 intimava
1567 4207 1651 4244 nuova
1669 4206 1762 4257 guerra
1781 4204 1831 4243 con
1848 4192 1940 4253 l'aluto

1159 4281 1184 4330 di
1203 4280 1320 4338 Francia,
1336 4277 1474 4327 essendosi
1490 4275 1516 4324 di
1531 4287 1617 4324 nuovo
1635 4273 1727 4322 olierlo
1743 4272 1821 4321 Certo
1839 4271 1900 4320 vill.
1916 4271 1939 4319 dl

1158 4361 1251 4410 venire
1268 4360 1294 4406 in
1311 4368 1424 4419 persone
1442 4366 1491 4403 con
1508 4354 1642 4401 ventimiia
1660 4350 1850 4414 gentiluomiui.
1869 4350 1887 4399 11
1902 4348 1941 4396 Vi·

1159 4437 1348 4490 cecancelliero
1365 4436 1434 4485 lesse
1451 4435 1475 4482 11
1492 4433 1562 4480 bolla
1580 4443 1659 4494 sopra
1677 4430 1717 4478 eid
1734 4427 1847 4486 tatta,la
1869 4426 1939 4489 quale

1159 4517 1322 4579 pubbliceta,
1339 4514 1357 4563 11
1373 4515 1545 4575 procuratore
1562 4509 1649 4558 lisceto
1671 4508 1728 4557 lece
1746 4508 1752 4555 i
1770 4506 1829 4556 suoi
1852 4507 1906 4555 atti.
1921 4504 1937 4553 ll

1157 4597 1275 4646 Vescoro
1292 4591 1477 4643 blessandrino
1499 4588 1631 4651 (Antonius
1642 4588 1672 4637 de
1683 4586 1882 4645 Alexandrinis,
1895 4595 1942 4633 11111

1158 4676 1298 4739 Episcopus
1316 4666 1514 4732 dleaoadrinus)
1536 4666 1727 4716 ambasciatore
1751 4665 1777 4714 di
1801 4664 1876 4713 detto
1890 4664 1940 4719 Rc,

1158 4756 1213 4807 lece
1225 4757 1316 4806 alcuna
1334 4753 1451 4814 protasio
1468 4746 1673 4809 d’eppelIazione
1685 4745 1708 4794 al
1721 4745 1810 4793 tuturo
1821 4743 1940 4798 concilio,

1157 4837 1206 4886 ebe
1224 4836 1251 4885 lu
1268 4834 1374 4894 cagioue
1396 4831 1443 4878 cbe
1461 4833 1564 4889 ognuno
1581 4825 1689 4874 ridesse.
1708 4822 1830 4873 'luttavia
1848 4825 1937 4886 questu

1158 4914 1366 4967 ambasciatore,
1384 4907 1431 4957 ebe
1450 4907 1472 4955 si
1489 4917 1599 4955 nomana
1618 4905 1747 4959 Antonio,
1763 4914 1815 4949 non
1833 4899 1901 4963 parti
1917 4899 1940 4947 di

1157 4995 1256 5051 Roma,
1274 4989 1330 5039 anzi
1349 4988 1364 5035 il
1384 4986 1475 5048 giorno
1492 4984 1533 5032 nel
1551 4982 1626 5044 quale
1650 4984 1670 5029 si
1689 4979 1817 5029 rinnuord
1842 4981 1866 5028 11
1888 4990 1940 5027 me·

1158 5071 1239 5119 morie
1267 5064 1536 5116 deli’incorunazione
1553 5061 1596 5109 del
1611 5060 1678 5123 Papa
1695 5059 1723 5109 lu
1740 5061 1765 5108 in
1783 5059 1903 5122 cappella
1923 5070 1938 5106 e

1157 5148 1184 5197 lu
1202 5148 1252 5197 ulla
1268 5147 1360 5197 Messe.
1375 5176 1380 5187 ·
1394 5179 1400 5191 .
1412 5144 1450 5193 lde
1468 5143 1489 5191 si
1506 5139 1696 5203 sgomentdpoi
1712 5140 1798 5188 coslai
1819 5140 1870 5188 cbe
1881 5151 1939 5200 pen·

1157 5240 1221 5276 aava
1238 5225 1286 5275 ebe
1304 5225 1320 5272 il
1337 5223 1408 5286 buon
1425 5220 1563 5279 Pometios,
1580 5219 1604 5269 di
1623 5232 1670 5269 aua
1687 5222 1780 5269 natura
1797 5217 1940 5280 benignos

1157 5304 1272 5368 pacifico,
1289 5305 1342 5352 nori
1357 5301 1471 5350 durasse
1489 5299 1571 5349 ander
1588 5298 1630 5360 pta
1648 5300 1715 5348 oltra
1732 5300 1781 5346 cbe
1798 5297 1823 5347 di
1836 5297 1940 5360 perolas

1157 5383 1254 5446 perena
1276 5384 1327 5431 due
1349 5380 1430 5442 giorni
1448 5380 1518 5441 dopo
1535 5381 1583 5428 ebe
1601 5380 1627 5428 tu
1651 5378 1804 5441 pubblicnta
1830 5379 1855 5427 11
1882 5390 1942 5427 een·

1156 5465 1232 5512 lanza
1244 5465 1336 5511 contro
1350 5458 1490 5516 Perrando,
1503 5459 1578 5508 enird
1594 5471 1643 5507 con
1660 5458 1834 5521 grandissima
1847 5469 1940 5519 pompa

1156 5555 1203 5604 per
1221 5542 1244 5589 la
1272 5541 1347 5602 porta
1373 5535 1401 5585 di
1428 5536 1572 5586 belvedere
1590 5538 1658 5598 iper
1684 5537 1707 5584 11
1731 5536 1809 5598 quale
1831 5539 1940 5585 entreno

1156 5630 1262 5681 sempre
1279 5617 1313 5679 gli
1331 5614 1515 5664 ambasciatori
1543 5614 1603 5664 dell’
1614 5615 1795 5678 imperatore,
1811 5626 1825 5663 e
1843 5615 1887 5664 del
1906 5614 1940 5662 Re

1155 5694 1381 5755 cristianissimol
1392 5706 1426 5743 ua
1438 5693 1629 5745 ambasciatore
1645 5693 1671 5744 di
1688 5694 1796 5745 Francia
1809 5692 1939 5743 obiamato
