4492 6859
241 610 351 695 (ιιιιι)

242 749 409 811 munionem
429 747 495 827 ipsis
515 764 615 808 coram
637 764 673 808 eo
693 746 848 826 genuflexis
869 768 920 828 per
940 759 1029 809 totam

243 847 361 910 ursam
373 870 383 921 3
406 846 572 909 cardinales
599 846 652 927 ipsi
674 848 735 907 suis
769 849 946 930 temporibus
964 848 1031 910 lue·

243 959 316 1009 runt
336 958 402 1010 ante
432 948 503 1007 duas
525 949 606 1009 sedes
635 959 716 1009 retro
737 949 928 1009 celebrantem
949 967 1031 1009 com-

244 1050 353 1128 petenti
372 1049 472 1128 spacio
490 1048 655 1127 genuflexi,
675 1061 706 1111 et
726 1049 781 1111 alia
796 1050 891 1132 omnia
912 1050 1031 1111 luerunt

243 1148 374 1207 cumeis
400 1147 579 1219 observata,
602 1165 675 1225 quae
709 1150 843 1227 superius
865 1149 894 1207 in
914 1148 1032 1208 ordina·

241 1246 321 1308 tione
343 1247 502 1308 Cardinalis
527 1249 670 1308 Valentini
692 1248 834 1322 recitavi,
861 1249 909 1309 sed
940 1250 1031 1328 magis

240 1345 391 1406 ferialiter.

281 1442 367 1505 hicet
386 1443 588 1524 superioribus
609 1446 729 1519 diebus,
764 1447 899 1508 deiuncto
935 1445 1031 1506 clarae

241 1548 399 1605 memoriae
420 1545 602 1606 Perdinanda
630 1547 664 1607 de
696 1549 844 1627 Aragonia
866 1546 983 1607 Siciliae
1003 1555 1031 1606 et

242 1646 426 1706 Hierusalem
443 1644 521 1725 Rege
536 1645 738 1725 Neapolitano,
753 1649 958 1710 Seranissimus
979 1648 1031 1708 Al-

242 1746 370 1823 phoasus
386 1745 538 1807 Secundus
557 1750 644 1807 etium
666 1748 701 1809 de
715 1751 860 1827 aragonia
880 1748 1031 1827 primoge-

242 1848 319 1905 nitus
340 1865 426 1919 suus,
440 1865 475 1906 ex
494 1847 676 1908 ordinatione
694 1859 724 1909 et
745 1846 922 1910 institutione
941 1848 1032 1908 lelicis

242 1946 451 2027 recordationis
480 1949 637 2008 innocentii
651 1948 745 2028 Papae
765 1947 871 2009 Octavi
892 1949 920 2007 in
940 1965 1032 2026 reguo

243 2043 430 2125 Neapolitano
450 2048 513 2110 sire
527 2048 644 2109 Siciliae
663 2051 737 2109 citra
748 2049 879 2108 Pharum
894 2061 949 2109 etc.
961 2066 1032 2107 suc-

243 2149 389 2222 cesserit,
418 2160 513 2207 tamen
536 2148 596 2209 Rea
616 2151 757 2211 Franciae
787 2150 975 2229 praetendens
994 2147 1032 2210 ad

241 2266 366 2326 regnum
395 2250 488 2328 ipsum
510 2249 626 2311 Siciliae
648 2253 722 2310 citra
744 2251 928 2311 Pharum..
953 2296 960 2310 .
981 2247 1033 2326 jus

242 2347 361 2421 habere,
383 2369 435 2427 per
448 2348 588 2410 Oratores
606 2369 676 2411 suos
699 2352 827 2424 instetit,
849 2352 958 2412 neidem
979 2352 1033 2410 hl·

239 2450 367 2527 phonsus
387 2453 416 2509 in
441 2469 531 2530 regno
560 2448 726 2526 hujusmodi
740 2472 792 2531 per
812 2450 1033 2513 sanctissimum

238 2547 276 2605 D.
298 2547 331 2607 N.
350 2551 565 2623 investiretur,
585 2561 637 2609 aut
652 2565 844 2613 coronaretur
864 2552 894 2611 in
912 2551 1033 2630 Regem,

202 2698 205 2710 .
241 2650 286 2706 vel
308 2649 387 2725 quod
423 2650 503 2708 aliud
538 2651 617 2710 circa
641 2647 771 2726 ejusdem
801 2653 883 2731 regni
912 2652 1034 2731 disposi-

239 2746 348 2809 tionem
363 2748 579 2822 decerneretur3
606 2770 640 2811 ex
665 2769 723 2827 quc
739 2752 890 2812 coronatio
904 2747 1033 2827 ejusdem

239 2846 329 2927 Regis
354 2849 499 2930 Alpheusi
522 2850 632 2910 diutius
663 2861 707 2911 est
728 2852 874 2911 retardata
886 2873 896 2924 3
920 2850 1033 2910 tandem

241 2947 297 3008 SS.
315 2949 351 3008 D.
368 2948 402 3008 N.
428 2950 587 3010 Alexander
608 2947 686 3031 Papa
702 2950 818 3025 Sextus,
833 2952 930 3013 rolens
944 2951 1034 3010 statui

239 3047 309 3108 dicti
331 3047 418 3127 Regis
440 3050 578 3129 alphonsi
604 3061 769 3131 opportune
802 3051 979 3131 providere,
1000 3051 1035 3112 de

240 3149 304 3214 itit.
347 3150 409 3209 Ul).
444 3151 641 3211 cardinalium
673 3151 814 3223 consilio,
842 3151 886 3211 die
921 3153 1034 3212 veneris

238 3266 315 3309 xum
336 3250 440 3309 riserisis
462 3249 565 3328 aprilis
584 3252 612 3309 in
633 3269 687 3309 suo
709 3260 822 3312 secreto
844 3250 1034 3324 Consistorio,

239 3350 317 3429 quod
339 3350 456 3409 durarit
477 3350 513 3407 ab
537 3350 608 3412 bora
630 3367 679 3412 xta
695 3394 703 3422 ,
722 3368 815 3429 usque
836 3350 872 3409 ad
909 3350 1032 3410 medium

239 3450 344 3510 horam
366 3451 394 3508 in
414 3451 492 3509 circa
511 3459 576 3511 ante
598 3467 655 3510 xx.
680 3460 709 3511 et
723 3465 794 3510 xxa.
814 3451 923 3510 crearit
934 3448 1034 3529 Lega-

240 3561 303 3635 tum
325 3551 359 3611 de
380 3549 484 3611 hatere
517 3570 571 3613 suo
592 3551 665 3610 Rev.
699 3550 734 3610 D.
766 3549 925 3611 iohannem
959 3552 1035 3612 tituli

242 3653 365 3712 Sanctae
408 3651 561 3712 Susannae
605 3651 811 3730 presbyterum
853 3650 1035 3713 Cardinalem

242 3752 347 3813 Montis
360 3751 477 3831 Regalis
494 3751 653 3830 vulgariter
666 3763 886 3830 nuncupatum,
901 3751 936 3809 ad
953 3752 1035 3811 iure·

240 3852 380 3915 stieudum
402 3852 514 3911 dictum
536 3850 721 3931 alphonsum
746 3842 856 3929 Regem
879 3851 913 3912 de
944 3868 1035 3929 reguo

241 3954 358 4013 Siciliae
379 3954 453 4012 citra
475 3951 606 4010 Pharum
641 3962 670 4011 et
691 3953 777 4011 terris
798 3962 852 4011 eta.
885 3953 1035 4029 ipsumque

242 4056 352 4133 Regem
385 4056 413 4112 in
446 4052 627 4112 catholicum
650 4050 869 4129 inungendum,
891 4067 1036 4109 coronan-

242 4157 313 4215 dum
327 4166 395 4227 etc.;
408 4166 438 4215 et
459 4154 525 4232 quia
551 4153 712 4213 Cardinalis
738 4154 766 4211 in
785 4152 897 4233 palatio·
911 4156 1037 4233 Aposto-

243 4262 300 4319 lico
326 4261 357 4318 in
379 4258 500 4316 cameris
520 4273 609 4334 supra
630 4255 789 4335 dispensam
810 4254 905 4335 Papae
926 4254 1036 4316 reside·

243 4360 317 4431 bat,
349 4358 406 4417 luit
429 4357 465 4417 ab
496 4356 628 4417 omnibus
648 4356 741 4415 llerv.
761 4356 964 4418 Cardinalibus
985 4375 1035 4435 per

242 4461 350 4533 aulas,
378 4469 406 4519 et
438 4456 548 4539 gradus
589 4457 738 4517 dissensus
772 4458 806 4518 de
838 4457 950 4518 Palatio
984 4478 1035 4537 per

243 4565 358 4623 curiam
391 4560 493 4641 puthei
532 4578 621 4638 usque
659 4560 695 4618 ad
724 4560 867 4619 lomacam
899 4559 1036 4620 ferrariae

243 4680 334 4742 prope
355 4662 541 4741 dispeream,
563 4679 614 4738 per
637 4678 724 4737 quiam
747 4660 899 4719 lumacam
921 4657 957 4717 ad
980 4657 1036 4718 ha-

247 4764 417 4825 bitationem
440 4759 568 4838 ejusdem
585 4761 745 4821 cardinalis
758 4761 935 4832 ascenditur,
956 4778 1037 4820 asso·

245 4866 357 4939 ciatus;
379 4875 409 4924 et
430 4863 581 4923 licentiatis
606 4864 710 4924 ibidem
734 4864 763 4923 in
790 4863 876 4944 plano
897 4873 965 4923 uate
986 4864 1036 4923 lu·

247 4985 358 5026 rnacam
370 4964 580 5039 Cardinalibus,
598 4965 727 5047 Legatos
746 4968 803 5046 ipse
818 4969 896 5028 satas
910 4963 1037 5027 ascendit

245 5088 314 5132 cum
334 5073 403 5131 suis.
427 5069 501 5131 Rev.
522 5065 558 5129 i).
576 5068 740 5131 Cardinalis
757 5070 890 5132 Senensis
914 5067 1035 5130 eundem

246 5172 391 5253 Legatum
416 5193 484 5233 cum
501 5174 563 5235 aliis
578 5175 780 5236 cardinalibus
798 5193 855 5235 non
873 5171 1034 5243 associarit3

246 5275 295 5335 sed
311 5273 392 5337 linito
410 5274 588 5338 Consistoria
610 5277 730 5355 primus
746 5289 775 5338 et
794 5278 874 5338 solus
896 5274 1035 5347 recessit,

248 5389 278 5439 et
300 5379 419 5440 domum
442 5377 538 5440 rediit.

293 5481 443 5543 Dominica
475 5498 532 5544 xx.
554 5484 657 5543 mensis
678 5481 778 5561 aprilis
809 5479 947 5560 praedicti
982 5496 1036 5556 ego

251 5583 395 5647 iohannes
415 5584 605 5646 burchardus
636 5584 772 5663 magister
794 5581 1035 5645 caerimoniarum

250 5689 397 5768 cappellae
421 5686 476 5752 SS.
499 5688 534 5747 D.
557 5684 591 5747 N.
611 5684 731 5765 Papae,
765 5704 817 5763 per
839 5679 1035 5763 ,magnificum

711 609 997 678 continuatos
1018 604 1244 672 scatebunt
1265 602 1391 668 SEXTl.
1820 600 1883 660 283

1098 745 1134 806 U.
1149 742 1290 812 Gentilem
1302 740 1466 820 virginium
1480 738 1515 799 de
1526 736 1654 812 Ursinis,
1666 738 1780 798 nomine
1794 733 1887 797 Sere·

1098 847 1167 906 nias.
1188 844 1223 906 D.
1245 842 1383 923 alphonsi
1406 839 1530 902 Secundi
1551 838 1586 899 de
1602 839 1747 918 dragonis
1766 836 1884 901 Siciliae

1098 944 1187 1024 Regis
1204 942 1362 1022 requisitus
1383 951 1411 1001 et
1433 950 1563 1019 rogatus,
1581 938 1615 999 de
1636 938 1751 1019 speciali
1771 938 1884 998 licentia

1099 1044 1156 1107 SS.
1170 1044 1205 1103 l).
1217 1043 1252 1102 N.
1264 1041 1358 1121 Papae
1378 1050 1407 1101 et
1421 1039 1485 1119 ejus
1506 1040 1703 1101 commissione
1726 1039 1829 1101 recessi
1850 1058 1884 1101 ex

1100 1144 1181 1207 Urbe
1200 1145 1280 1204 circa
1300 1142 1402 1204 horam
1421 1158 1477 1201 xx.
1497 1159 1565 1200 curn
1584 1139 1773 1199 servitoribus
1793 1156 1884 1216 eque·

1099 1244 1208 1304 suibus
1222 1253 1348 1324 quatuor
1363 1238 1374 1322 (
1388 1240 1492 1319 quibus
1513 1240 1635 1318 singulis
1652 1239 1799 1311 robertus,
1821 1239 1885 1299 cal·

1099 1363 1187 1421 ceos,
1207 1358 1236 1406 et
1256 1344 1380 1406 birretos
1407 1343 1442 1403 de
1462 1343 1588 1403 scarleto
1609 1358 1683 1401 nova
1705 1340 1830 1413 donari,
1851 1350 1881 1400 et

1100 1449 1211 1509 calceos
1230 1442 1346 1527 novos)
1366 1462 1401 1505 ac
1423 1460 1481 1504 uno
1499 1460 1575 1519 equo
1594 1441 1713 1501 salmam
1735 1450 1884 1519 portante,

1099 1559 1130 1608 ct
1149 1546 1242 1608 tribus
1261 1544 1462 1624 pedestribus,
1481 1541 1630 1620 Neapolim
1648 1543 1742 1602 iturus
1757 1560 1810 1621 pro
1832 1559 1885 1602 co·

1101 1648 1250 1709 roratione
1270 1644 1428 1726 supradicti
1451 1646 1538 1723 Regis
1559 1643 1725 1704 ordinanda.
1748 1642 1886 1704 Venimus

1100 1747 1249 1828 Neapolim
1260 1747 1340 1810 lovis
1351 1762 1447 1808 xxrur.
1461 1745 1529 1807 dicti
1549 1746 1667 1817 mensis,
1681 1744 1761 1804 circa
1783 1742 1887 1802 horam

1100 1866 1157 1913 xx.
1179 1848 1230 1909 abi
1261 1867 1295 1908 ex
1316 1845 1515 1908 commissione
1536 1845 1625 1924 Regis
1660 1842 1820 1922 hospitatus
1841 1840 1885 1902 lui

1102 1950 1131 2009 in
1150 1948 1236 2010 domo
1257 1945 1411 2023 curjusdam
1426 1945 1574 2034 Francisci
1591 1945 1723 2006 Senensis
1743 1953 1771 2004 et
1792 1941 1886 2003 Rosae

1101 2049 1164 2128 ejus
1184 2048 1418 2119 contubernalis,
1439 2059 1468 2109 et
1489 2066 1540 2128 per
1568 2045 1776 2107 commissarios
1798 2043 1888 2122 Regis

1101 2152 1197 2213 omnia
1208 2149 1366 2211 riecessaria
1385 2147 1564 2207 abundanter
1579 2147 1738 2207 ministrata
1757 2145 1884 2205 luerunt.

1102 2252 1146 2313 Ea
1168 2249 1249 2315 Urbe
1279 2248 1425 2329 praedicta
1447 2265 1539 2325 usquc
1559 2245 1707 2327 Neapolim
1729 2246 1886 2307 associatus

1103 2371 1155 2431 par
1175 2351 1211 2411 D.
1232 2352 1391 2412 Jobannem
1413 2350 1447 2411 de
1467 2348 1569 2410 Bibbia
1588 2348 1684 2428 praed.
1707 2347 1795 2426 Regis
1816 2365 1888 2407 can·

1102 2456 1276 2528 cellarium,
1294 2455 1360 2521 eui,
1377 2461 1407 2513 et
1427 2451 1566 2511 familiari
1586 2468 1652 2521 suo,
1673 2468 1739 2528 ego,
1758 2450 1819 2528 ipso
1840 2457 1889 2507 ta-

1103 2575 1169 2619 men
1188 2557 1305 2616 honeste
1319 2563 1491 2641 recusante,
1511 2570 1603 2630 usque
1621 2550 1766 2631 Neapolim
1787 2551 1889 2610 esclu-

1102 2659 1163 2720 sive
1184 2677 1219 2718 ex
1237 2656 1318 2718 Urbe
1335 2671 1469 2734 expensas
1490 2652 1565 2714 leci:
1597 2669 1763 2729 receperam
1791 2661 1889 2710 autem

1102 2780 1138 2821 ex
1162 2760 1254 2818 banco
1271 2756 1306 2818 de
1329 2752 1519 2835 Spannoahiis
1544 2754 1572 2813 in
1593 2752 1684 2823 Urbe,
1705 2761 1770 2812 ante
1792 2769 1888 2811 meum

1105 2859 1168 2937 inde
1190 2875 1349 2930 recessum,
1371 2875 1406 2917 ex
1427 2855 1624 2915 commissione
1646 2850 1780 2913 Oratoris
1801 2851 1891 2931 Regis

1103 2958 1242 3040 praedicti
1262 2957 1383 3017 ducatos
1413 2956 1443 3016 in
1464 2973 1538 3015 auro
1562 2954 1663 3033 viginti
1685 2952 1813 3032 quinque
1835 2970 1890 3030 pro

1103 3061 1173 3121 meis
1183 3061 1322 3139 expensis,
1341 3059 1442 3136 vigore
1460 3056 1546 3118 unios
1566 3055 1695 3127 cedulae,
1707 3052 1889 3129 cujusteuor

1104 3161 1168 3222 talis
1189 3169 1251 3219 est:

1147 3284 1165 3317 a
1176 3256 1321 3337 lllagnilici
1343 3256 1442 3320 heredi
1462 3257 1492 3316 d'
1505 3256 1656 3317 Ambrosio
1671 3254 1846 3335 Spauocchi,
1860 3263 1890 3315 et

1104 3362 1257 3439 compagni
1273 3358 1300 3418 di
1316 3358 1404 3421 Corte
1422 3358 1452 3418 di
1467 3357 1576 3420 Nomas
1600 3359 1628 3417 ri
1649 3356 1764 3436 piacerd
1782 3374 1889 3435 pagare

1103 3461 1291 3522 incontinenti
1311 3478 1329 3519 a
1351 3460 1389 3521 bl.
1407 3460 1471 3522 (iio.
1486 3457 1640 3520 burcardo
1655 3469 1764 3518 mostra
1784 3457 1814 3516 di
1839 3474 1890 3518 cc-

1104 3566 1227 3624 rimonte
1255 3573 1407 3642 portatore
1427 3561 1457 3620 di
1479 3571 1600 3638 questa,
1621 3578 1674 3620 oa
1708 3559 1754 3620 chi
1774 3558 1816 3619 lui
1836 3575 1891 3619 or-

1104 3663 1219 3737 dinerd,
1233 3663 1333 3724 ducati
1355 3663 1536 3739 venticinque
1558 3661 1654 3723 d'orc
1675 3659 1704 3719 di
1725 3659 1858 3731 Cumara,
1880 3658 1890 3718 i

1105 3766 1183 3843 quali
1200 3783 1231 3825 se
1261 3765 1302 3843 gli
1324 3763 1437 3824 donano
1455 3781 1507 3841 per
1539 3763 1660 3821 servitio
1681 3762 1756 3822 della
1778 3760 1886 3821 masat

1103 3867 1149 3927 del
1171 3864 1203 3925 S.
1222 3864 1265 3925 Re
1293 3863 1357 3924 Dan
1378 3864 1495 3924 Allonso
1514 3861 1605 3923 Redi
1628 3861 1750 3921 Sicilia:
1772 3872 1800 3923 et
1822 3862 1886 3939 pia·

1105 3966 1223 4028 cerarri
1245 3983 1420 4044 recuperare
1447 3962 1483 4022 da
1505 3963 1545 4022 lui
1567 3963 1678 4023 cautela
1696 3963 1770 4022 della
1791 3973 1889 4023 recet-

1105 4069 1204 4140 tione,
1232 4079 1260 4129 et
1293 4066 1339 4127 noi
1361 4065 1508 4126 veniremo
1541 4065 1611 4143 aggi
1643 4083 1660 4123 a
1693 4064 1774 4124 larve
1796 4066 1889 4141 quelle

1106 4169 1238 4241 cautele,
1274 4167 1327 4228 cha
1363 4183 1486 4228 sarauno
1518 4166 1674 4226 necessarie
1703 4164 1788 4225 occid
1820 4164 1890 4226 detti

1105 4286 1182 4331 xxv.
1206 4268 1304 4330 ducati
1325 4267 1355 4327 d'
1369 4286 1422 4328 oro
1444 4265 1472 4325 di
1494 4264 1617 4327 Camere
1637 4266 1717 4325 siano
1744 4266 1838 4344 pagati
1859 4265 1889 4330 in

1104 4368 1207 4449 Napoli
1227 4369 1256 4429 al
1278 4369 1370 4429 bauco
1389 4378 1489 4429 rostro
1510 4366 1721 4437 incontinente‚
1742 4374 1771 4426 et
1790 4384 1808 4425 a
1825 4361 1889 4425 lade

1104 4472 1129 4531 si
1151 4470 1252 4531 elatu
1273 4470 1301 4529 la
1319 4478 1451 4548 presente
1469 4486 1521 4547 per
1540 4484 1627 4528 mano
1643 4466 1671 4526 di
1694 4485 1740 4526 me
1758 4465 1888 4527 Bernar-

1104 4574 1172 4633 dino
1192 4571 1220 4632 di
1240 4569 1390 4630 bernardo
1411 4578 1440 4631 et
1461 4569 1595 4630 soscritta
1616 4566 1644 4626 di
1675 4585 1722 4628 mc
1750 4564 1837 4646 Imigi
1858 4567 1888 4627 di

1104 4671 1275 4734 Casalnorc.
1297 4668 1407 4731 Romae
1429 4686 1475 4730 ιιι.
1497 4670 1596 4750 aprilis
1626 4684 1886 4729 coccaxxxxurs.

1146 4772 1183 4833 Al
1219 4780 1317 4833 rostro
1338 4769 1452 4847 piacere
1472 4768 1558 4831 buret
1576 4786 1610 4829 m
1626 4769 1809 4829 Cassandro
1823 4788 1889 4827 ma·

1103 4872 1264 4951 auprcpria
1278 4881 1308 4933 ct
1323 4870 1530 4931 Beausaaruo
1547 4887 1578 4930 m
1592 4869 1764 4931 Baausauo
1781 4885 1889 4928 manu·

1105 4974 1224 5055 propria
1244 4983 1299 5033 etc.

1146 5075 1199 5135 Die
1213 5072 1362 5154 praedicta
1375 5089 1429 5149 ago
1440 5069 1582 5131 lohannes
1593 5065 1785 5128 burchardus
1799 5083 1888 5144 prae·

1106 5176 1200 5236 dictus
1221 5173 1316 5252 recepi
1332 5171 1368 5230 ab
1383 5169 1554 5231 haeredibus
1575 5177 1604 5229 et
1620 5166 1706 5227 sociis
1724 5167 1892 5245 suprascri-

1106 5276 1160 5356 ptis
1177 5273 1295 5335 ducatos
1310 5290 1387 5334 xxv.
1410 5270 1477 5331 auri
1492 5270 1526 5329 de
1541 5267 1662 5329 Camere
1682 5267 1711 5327 in
1725 5285 1816 5339 auro,
1837 5285 1890 5327 ac·

1106 5378 1216 5439 casione
1234 5374 1370 5454 superius
1389 5372 1487 5444 dicta,
1509 5382 1538 5431 et
1558 5371 1587 5430 in
1609 5368 1695 5429 tidem
1716 5368 1769 5427 hos
1799 5385 1886 5427 manu

1106 5476 1226 5558 propria
1246 5475 1359 5554 scripsi,
1379 5483 1408 5533 et
1422 5470 1592 5552 subscripsi,
1610 5469 1720 5530 Romae
1735 5468 1778 5529 die
1800 5488 1888 5548 prae·

1105 5580 1221 5657 scripta.

1149 5678 1226 5740 idem
1239 5677 1398 5740 louauuss
1411 5677 1620 5739 Buscusnnus
1632 5692 1720 5735 manu
1730 5676 1847 5755 propris
1861 5695 1887 5730 ι.
