4492 6859
296 650 340 711 96
751 641 955 710 concentu
976 641 1078 709 POST
1100 639 1249 705 stxrutt
1270 633 1470 713 OUle’Ubl.

298 801 452 857 summam,
468 783 497 844 in
512 800 569 862 qua
588 793 683 845 tomen
700 782 862 861 computari
880 780 999 843 debeant
1015 798 1088 860 pro·

301 886 420 945 visiones
436 884 575 945 nobilium
592 885 788 965 profugorum
806 895 834 945 et
849 883 1036 962 expulsorum
1051 881 1089 940 ab

299 985 470 1059 infidelibus,
484 1003 558 1063 quoe
573 995 667 1045 tamen
686 995 753 1046 octo
771 984 860 1044 millia
874 983 1011 1045 excedere
1032 1002 1088 1044 non

299 1087 418 1148 debeant
433 1087 482 1157 ita,
495 1096 528 1146 ut
546 1102 694 1164 nunquam
709 1085 744 1147 de
763 1084 847 1146 dietis
861 1084 1005 1145 alluminis
1019 1084 1089 1145 red·

300 1187 404 1249 ditibus
425 1186 592 1267 dispensari,
610 1198 661 1248 aut
676 1187 771 1260 aliter,
781 1198 810 1248 et
830 1187 857 1246 in
869 1183 940 1247 alios
956 1202 1025 1245 usus
1036 1203 1089 1245 ex·

300 1289 369 1368 poni
388 1289 475 1368 possit
494 1288 548 1347 sub
563 1306 655 1369 poena
677 1287 903 1360 intermissionis,
917 1297 947 1349 et
966 1284 1089 1347 anathe-

300 1391 397 1463 motis,
409 1399 439 1451 et
464 1388 627 1469 saerilegii3
647 1388 781 1467 quodque
800 1388 929 1451 redditus
948 1387 1087 1468 praedicti

299 1510 352 1570 per
373 1491 494 1552 ciericos
507 1489 645 1552 Cameren
663 1491 842 1571 Apostolicae
867 1501 896 1551 et
914 1488 998 1550 Sacri
1016 1486 1087 1550 Col·

299 1592 368 1673 legii
399 1592 513 1652 insimul
547 1590 711 1653 scribantur
741 1603 771 1652 et
800 1602 1027 1673 computentur,
1058 1600 1090 1650 et

300 1703 434 1773 computa
459 1710 562 1754 eorum
585 1692 758 1766 videantur,
779 1692 1015 1773 deputandusqua
1035 1690 1090 1752 de·

299 1794 454 1873 positarius
471 1803 601 1854 teneatur
615 1774 775 1872 praedictas
796 1794 931 1874 pecunias
943 1810 1089 1873 exponere

299 1893 334 1955 de
362 1893 496 1955 rnortdato
517 1894 662 1955 communi
683 1895 860 1957 clericorum
880 1893 1041 1967 Gamerae,
1059 1905 1089 1954 et

299 1995 432 2074 Collegii,
442 1995 600 2056 secundum
612 1994 878 2057 determinationem
892 1994 997 2055 summi
1008 1991 1089 2053 Pon·

299 2094 382 2156 tiliois
395 2107 425 2158 et
443 2096 533 2156 trium
552 2095 752 2157 Cardinalium
770 2097 914 2176 priorum,
930 2113 965 2156 ex
990 2095 1089 2173 quoli-

300 2195 348 2256 bet
361 2195 473 2269 ordiue3
488 2206 517 2256 et
530 2195 560 2255 in
577 2198 625 2257 toli
640 2214 709 2256 casu
724 2196 891 2258 cardinales
909 2197 943 2258 de
958 2196 1088 2277 ipsorum

299 2296 429 2375 pecuniis
453 2297 578 2358 olierunt
599 2296 668 2360 dare
689 2309 718 2360 et
751 2300 864 2360 solvere
885 2317 940 2380 pro
962 2297 1012 2358 teli
1031 2314 1089 2357 au·

299 2396 367 2456 xiiio
387 2394 487 2457 decem
509 2396 598 2457 miliia
619 2396 794 2458 ducatorum
815 2397 1018 2460 solvendorum
1034 2414 1089 2477 pro

301 2495 440 2572 quolibet,
454 2495 612 2556 secundom
628 2508 722 2558 ratam
736 2508 765 2561 et
784 2498 1001 2579 proportionem
1018 2497 1090 2560 red·

302 2594 415 2656 diturum
426 2613 548 2656 suorum
560 2616 822 2678 quorumcumque.
837 2599 912 2661 Cum
928 2616 1000 2662 vero
1010 2598 1088 2660 Deus

301 2696 474 2756 concesserit
493 2698 658 2776 generalem
676 2699 881 2779 expeditionem
912 2700 1035 2760 validam
1059 2710 1089 2760 et

300 2794 507 2867 sufficientem,
528 2813 674 2857 concursu
696 2798 817 2859 sanioris
837 2799 929 2877 partis
954 2809 1089 2878 potento-

301 2904 397 2964 tuum,
413 2894 587 2973 principum,
609 2914 643 2956 oc
665 2898 840 2977 populorum
862 2896 1095 2958 christianorum

302 2993 338 3052 ed
358 2994 541 3056 offensionem
564 2998 692 3075 ipsorum
719 2996 898 3078 perfidorum
920 2997 1088 3058 'furcarum

303 3091 383 3169 lidei,
405 3095 482 3155 ultra
503 3096 637 3156 aluminis
658 3097 797 3174 redditos,
818 3099 903 3161 oliert
921 3097 995 3159 bona
1013 3096 1090 3174 lide,

300 3204 329 3254 et
347 3194 434 3255 corde
451 3214 529 3277 puro
542 3197 660 3259 ducatos
675 3209 791 3260 centum
807 3200 908 3273 millia,
928 3197 1014 3261 modo
1028 3217 1089 3278 quo

300 3312 388 3374 supro
401 3314 409 3354 ι
422 3312 520 3357 omncs
531 3298 647 3377 insuper
664 3299 851 3360 ecclesiarum
866 3298 989 3360 decimos
1001 3311 1090 3379 prout

302 3392 445 3456 videbitur
469 3395 623 3476 expedire,
643 3396 834 3477 indulgentias
856 3416 965 3471 omnes,
986 3415 1089 3478 nempe

301 3492 366 3553 ouri
393 3496 452 3553 vim
471 3512 507 3555 ex
526 3496 561 3553 iis
579 3494 775 3574 redigendam,
797 3498 961 3576 vigesimus,
981 3507 1010 3558 et
1031 3497 1088 3556 tri-

301 3592 435 3668 gesimos,
449 3604 478 3654 et
492 3593 563 3652 elios
580 3612 778 3674 quascumque
798 3598 1001 3678 impositiones,
1014 3614 1088 3674 quoe

303 3689 403 3763 utiles,
424 3692 616 3768 necessariae,
635 3705 664 3755 et
684 3696 894 3777 supportabiles
921 3697 1072 3758 videantur
1078 3721 1089 3773 3

302 3787 524 3871 Cardinalesqoe
534 3791 587 3873 ipsi
600 3795 707 3874 viginta
716 3796 806 3857 millia
817 3797 990 3858 ducatorum
1002 3816 1088 3858 eausa

302 3890 483 3971 expeditionis
509 3894 650 3971 gencrnlis
676 3906 774 3976 sponte
793 3898 940 3970 oliernnt,
962 3899 1090 3977 promit·

303 4000 392 4052 tentes
411 3985 566 4055 efficaciter
586 4012 640 4074 pro
662 4009 736 4069 rata,
749 4007 782 4059 ut
802 4014 902 4078 supra,
922 3999 1040 4060 realiter
1061 4008 1090 4059 et

302 4110 370 4152 cum
391 4092 491 4154 ellectu
511 4094 634 4156 solvere.

344 4193 427 4266 item,
448 4192 527 4270 quod
543 4192 662 4255 Curiam
682 4195 852 4270 itomanam,
881 4200 910 4258 in
931 4197 1036 4279 capite,
1061 4212 1090 4261 et

304 4291 440 4352 membris
458 4293 627 4354 reformabit
642 4294 803 4359 immediate
821 4308 884 4377 post
903 4309 961 4361 tros
981 4318 1090 4361 menses

304 4402 369 4469 post
395 4408 476 4450 suam
507 4393 723 4455 coronationem
756 4396 912 4459 secundum
939 4400 1090 4459 consilium

305 4488 424 4567 majoris
445 4492 536 4572 partis
556 4491 740 4555 dominorum
761 4496 970 4572 Cardinalium,
988 4510 1015 4560 et
1037 4499 1091 4561 de·

304 4589 368 4650 iude
399 4591 574 4654 coutinnobit
605 4611 695 4671 usque
722 4594 758 4654 nd
793 4597 904 4675 plenam
936 4598 1090 4677 perlectio-

305 4708 370 4752 nem
393 4689 449 4773 (l).

345 4790 427 4865 ltem,
439 4793 517 4870 quod
528 4793 632 4855 dictam
647 4794 766 4858 Curiam
778 4817 833 4861 non
846 4798 947 4862 educet
965 4801 1000 4862 de
1012 4800 1091 4863 Urbe

306 4908 447 4965 romana,
473 4910 525 4955 nec
545 4896 697 4958 transferet
717 4896 753 4959 de
774 4901 839 4962 loco
863 4900 891 4959 in
914 4903 1030 4974 locum,
1056 4901 1091 4963 dc

305 4991 455 5070 provincia
470 4994 498 5053 in
512 4997 703 5075 provinciam,
713 5010 742 5059 et
753 4999 788 5061 de
804 5003 896 5081 patria
909 5003 944 5061 ed
956 5002 1090 5081 patriam,

306 5095 381 5153 intra
402 5095 514 5156 ltaliam
536 5097 665 5174 quidem,
684 5098 743 5161 sine
764 5118 900 5164 consensu
922 5114 950 5164 et
973 5101 1092 5163 consilio

306 5193 424 5273 majoris
443 5199 535 5276 partis
555 5198 761 5275 cardinalium,
782 5214 862 5265 extra
885 5222 955 5265 vero
978 5204 1091 5264 ltaliam

305 5295 366 5353 sine
387 5314 525 5358 consensu
540 5297 664 5361 duarum
686 5299 823 5380 partium,
841 5302 877 5363 de
899 5321 958 5380 quo
975 5302 1091 5381 quidem

308 5411 447 5457 consensu
477 5396 577 5460 debeat
606 5411 738 5461 constare
772 5421 824 5481 per
843 5402 1091 5483 ,subscriptionem

308 5512 422 5570 eorum,
438 5510 469 5559 ut
487 5499 633 5563 evitentur
648 5501 780 5563 scandolo
795 5513 822 5564 et
839 5504 965 5585 pericula
986 5505 1089 5565 omnia.

349 5728 385 5789 (l)
401 5727 427 5777 ln
444 5729 567 5793 barnatu.
585 5732 772 5795 satisfationem.

303 6089 476 6174 Α
517 6091 521 6097 1

1846 625 1956 713 (⁴⁴8⁴)

1202 795 1284 867 item,
1298 792 1376 873 quod
1391 809 1459 853 curn
1480 788 1609 869 primurn
1622 782 1773 847 commode
1787 780 1859 846 lieri
1873 799 1954 864 posse

1160 893 1304 956 videbitur
1315 892 1476 954 Concilium
1491 889 1624 970 generale
1635 884 1802 960 celebrabit,
1809 896 1865 945 aut
1876 884 1954 947 cele·

1159 994 1241 1056 brarl
1260 994 1346 1055 saciet
1365 990 1531 1053 solemniter
1542 986 1700 1050 secundum
1720 986 1853 1045 sormam
1871 985 1950 1044 snti-

1159 1113 1287 1174 qnomm
1308 1091 1506 1156 Consiliorum
1526 1088 1554 1149 in
1577 1088 1642 1150 loco
1663 1097 1726 1149 toto
1745 1096 1774 1148 et
1792 1084 1952 1147 commodo

1159 1208 1247 1278 prout
1267 1196 1293 1257 ei
1308 1194 1421 1275 justum
1443 1190 1598 1261 ridebitur,
1619 1198 1648 1249 et
1669 1188 1840 1249 consultum
1860 1184 1950 1246 luerit

1159 1318 1210 1379 per
1229 1293 1370 1373 majorem
1388 1302 1499 1372 partem
1520 1287 1719 1351 cardinalium
1736 1284 1773 1346 ad
1795 1286 1950 1348 concitan-

1159 1396 1210 1460 dos
1231 1393 1380 1473 Principes
1401 1402 1429 1453 et
1450 1390 1573 1470 populos
1594 1385 1766 1449 christianos
1787 1388 1827 1447 ad
1850 1385 1951 1448 delen·

1158 1499 1265 1559 sionem
1279 1492 1354 1567 ildel,
1372 1500 1402 1553 et
1418 1489 1583 1570 generalem
1597 1497 1699 1549 contra
1713 1484 1845 1548 infideles
1860 1502 1950 1564 expe·

1158 1596 1317 1669 ditionem,
1334 1612 1369 1654 oc
1389 1592 1426 1652 ad
1448 1588 1665 1654 reformandum
1691 1589 1861 1652 universam
1887 1586 1951 1647 Ec·

1159 1700 1273 1761 clesiam
1295 1697 1374 1758 circo
1395 1691 1480 1753 iidem
1502 1688 1560 1773 (Ξ),
1583 1689 1684 1762 vitam,
1705 1698 1734 1751 et
1754 1707 1868 1762 mores,
1890 1700 1948 1750 tam

1159 1808 1291 1878 respectu
1309 1794 1484 1857 clericorum
1502 1792 1695 1852 saecularium
1712 1798 1741 1851 et
1752 1788 1949 1869 regularium,

1159 1916 1244 1977 qnam
1262 1890 1548 1965 communitatum,in
1563 1901 1591 1952 et
1604 1908 1691 1972 super
1702 1909 1747 1964 eo,
1758 1891 1839 1969 quod
1855 1893 1951 1971 perti·

1159 1997 1236 2061 nebit
1255 1995 1292 2055 ad
1307 1992 1462 2072 judicium,
1473 2000 1499 2054 et
1521 1989 1713 2069 provisionem
1729 1988 1776 2074 (3)
1790 1990 1950 2053 Ecclesiae.

1197 2097 1281 2168 Item,
1295 2091 1373 2173 quod
1393 2110 1450 2154 non
1472 2090 1593 2163 creabit,
1610 2108 1663 2153 nec
1679 2101 1803 2153 assumet
1819 2092 1949 2170 aliquem

1157 2195 1339 2258 Cardinolem
1352 2193 1438 2253 etiam
1455 2190 1591 2271 precibus
1607 2207 1879 2269 quorumcumque,
1891 2191 1950 2250 im·

1157 2296 1312 2377 peratoris,
1333 2310 1448 2373 regum,
1470 2290 1593 2363 ducum,
1613 2299 1666 2351 aut
1686 2289 1876 2370 principum,
1896 2290 1951 2351 nisi

1157 2395 1274 2458 excedat
1294 2389 1475 2473 trigesimum
1505 2395 1630 2465 annum,
1655 2391 1749 2469 sitque
1773 2389 1881 2452 doctor
1904 2392 1950 2453 vel

1157 2499 1186 2559 in
1205 2514 1288 2558 sacra
1313 2497 1435 2577 pagina,
1453 2494 1500 2556 vel
1518 2494 1548 2553 in
1568 2493 1662 2554 altero
1679 2488 1819 2569 jurium,
1843 2492 1890 2553 vel
1913 2492 1951 2552 ad

1158 2600 1263 2673 minus,
1278 2596 1373 2677 quoad
1386 2593 1461 2656 filios
1482 2596 1527 2657 vel
1549 2604 1665 2674 nepotes
1679 2612 1795 2674 regum,
1811 2595 1849 2654 sit
1865 2611 1951 2654 com·

1156 2697 1278 2782 petentis
1303 2699 1494 2769 literaturae,
1514 2704 1543 2755 et
1563 2694 1592 2755 id
1618 2694 1653 2758 de
1679 2695 1799 2756 consilio
1820 2694 1951 2755 duarum

1156 2802 1285 2883 partium
1306 2798 1489 2858 dominorum
1503 2795 1710 2859 Cardinalium.
1729 2794 1773 2856 De
1789 2797 1950 2875 parentela,

1156 2914 1185 2965 et
1206 2898 1452 2979 consanguinitate
1466 2916 1533 2971 sua,
1547 2914 1604 2957 non
1626 2897 1736 2977 plures,
1748 2914 1837 2975 quam
1856 2914 1949 2957 unum

1156 3002 1306 3064 dumtaxat
1329 2996 1551 3078 qtralldcatum,
1573 3009 1716 3077 utsupra
1737 2998 1947 3078 promovebit,

1156 3121 1208 3166 nec
1229 3118 1357 3181 unquam
1379 3099 1495 3161 excedet
1516 3117 1671 3160 numerum
1694 3099 1797 3179 viginti
1818 3109 1949 3177 quatuor

1155 3201 1355 3265 Cardinalium
1379 3199 1558 3277 ubicumque
1578 3209 1606 3259 et
1627 3198 1896 3279 quandocumque,
1920 3211 1950 3261 et

1155 3304 1359 3380 undecumque
1388 3300 1602 3361 consistentium
1619 3344 1628 3373 ,
1645 3310 1674 3361 et
1694 3299 1802 3371 aliter,
1821 3299 1868 3360 vel
1891 3300 1950 3361 alio

1157 3403 1242 3466 modo
1269 3400 1360 3462 creati
1392 3409 1458 3480 post
1484 3409 1608 3460 mortem
1630 3397 1789 3473 Pontidcls,
1809 3398 1898 3459 etiam
1925 3403 1948 3462 si

1159 3499 1275 3566 interim
1296 3498 1481 3561 exercuerint
1500 3498 1649 3571 officium,
1669 3499 1726 3559 sint
1745 3497 1885 3560 inhabiles
1919 3501 1948 3561 ln

1156 3602 1294 3664 electione
1322 3595 1467 3659 Pontificio
1494 3599 1590 3659 active
1621 3607 1651 3662 et
1683 3600 1815 3678 passire,
1836 3617 1890 3661 nec
1919 3602 1949 3662 in

1157 3716 1304 3786 posterum
1317 3701 1476 3762 habeantur
1488 3718 1545 3781 pro
1554 3698 1771 3773 Cardinalibos3
1786 3717 1843 3761 uon
1859 3718 1949 3761 crea·

1158 3802 1198 3864 bit
1217 3820 1344 3882 unquam
1365 3801 1501 3879 aliquem,
1519 3800 1572 3860 uisi
1593 3800 1674 3880 prius
1694 3799 1854 3862 reducatur
1876 3799 1949 3862 Col·

1157 3905 1265 3985 legium
1288 3901 1325 3961 ad
1352 3916 1506 3961 nurnerum
1533 3900 1674 3962 minorem
1707 3915 1789 3962 xxrr
1821 3910 1851 3962 et
1877 3917 1946 3963 eum

1158 4023 1214 4065 nou
1229 4002 1377 4076 excedant,
1395 4012 1428 4062 nt
1440 3999 1620 4081 praedictum
1634 4010 1687 4074 est,
1697 3999 1828 4080 ipsosque
1840 4019 1949 4062 ermn-

1156 4106 1208 4168 dos
1229 4104 1325 4165 subito
1345 4100 1523 4181 publicabit,
1544 4118 1596 4161 nec
1617 4119 1666 4162 eos
1688 4100 1794 4162 tenebit
1812 4113 1948 4176 secreto3

1157 4207 1244 4285 inque
1266 4202 1410 4265 creatione
1424 4216 1526 4261 eorum
1545 4199 1715 4261 convocabit
1728 4199 1858 4262 dominos
1871 4200 1950 4263 cn·-

1158 4307 1274 4377 dinales,
1292 4319 1448 4380 omnesque
1466 4299 1517 4379 qui
1530 4300 1680 4362 commode
1696 4302 1795 4362 venire
1810 4313 1949 4383 poterunt

1158 4410 1187 4469 in
1207 4406 1289 4467 ltolio
1309 4404 1499 4475 existentes,n
1520 4401 1647 4463 llononia
1669 4402 1713 4463 vel
1735 4402 1883 4466 Florentia
1902 4405 1948 4466 ci-

1159 4520 1217 4581 tra,
1233 4506 1368 4585 quodque
1379 4503 1530 4581 exquisitio
1548 4502 1732 4565 dominorum
1748 4503 1949 4567 Cardinalium

1159 4608 1208 4672 liet
1227 4604 1461 4669 comistorialiter
1482 4615 1511 4664 et
1532 4621 1588 4665 nou
1608 4605 1815 4665 auriculariter
1822 4627 1832 4679 3
1847 4617 1877 4666 et
1892 4607 1948 4669 boc

1160 4710 1336 4790 intelligatur
1362 4706 1390 4766 in
1417 4704 1561 4766 erectione
1585 4704 1783 4767 Cardinalium
1811 4715 1934 4769 tentum.

1201 4813 1284 4885 item,
1306 4806 1384 4887 quod
1404 4806 1514 4866 nullam
1535 4807 1740 4886 provisionem,
1752 4826 1803 4869 seu
1824 4827 1947 4888 permu-

1160 4914 1296 4973 tationem
1313 4909 1399 4971 laciet
1419 4906 1453 4969 de
1480 4907 1606 4969 ecclesiis
1637 4909 1871 4984 cathedralibus,
1893 4912 1950 4972 ab·

1160 5013 1253 5084 batiis,
1272 5010 1458 5091 prioratibus,
1479 5006 1706 5088 magistrotibus,
1727 5021 1778 5070 out
1797 5012 1862 5071 aliis
1876 5017 1947 5090 qui-

1160 5113 1339 5191 buscumque
1370 5112 1398 5171 iu
1424 5111 1547 5174 Camere
1574 5111 1739 5189 Apostolice
1762 5113 1885 5183 taxatis,
1918 5124 1948 5176 ct

1159 5231 1215 5276 non
1230 5212 1429 5273 taxatisetiam
1450 5209 1503 5271 sub
1525 5210 1611 5270 titulo
1632 5210 1833 5285 commendae,
1847 5212 1947 5273 admi·

1159 5314 1333 5376 nistrationis
1345 5356 1355 5387 ,
1376 5313 1421 5374 vel
1447 5312 1505 5371 olio
1532 5327 1716 5390 quocumque
1738 5313 1848 5387 titulo,
1880 5314 1943 5374 sive

1160 5416 1256 5490 modo,
1267 5416 1319 5476 nisi
1333 5412 1580 5488 consistorialiter,
1594 5424 1644 5475 aut
1658 5415 1861 5477 interveniente
1873 5433 1947 5477 cou-

1659 5562 1749 5571 ..ι-..ο

1197 5652 1232 5713 til
1246 5650 1336 5701 Fidem
1353 5648 1519 5699 desiderator
1536 5649 1561 5698 in
1572 5646 1696 5711 llcyoald.

1199 5734 1234 5790 (3)
1249 5729 1275 5779 Ιιι
1293 5728 1417 5791 liaynaid.
1435 5728 1529 5791 legitur
1546 5726 1671 5776 liomnnoc
1688 5725 1817 5776 licclesr'uc.
