4492 6859
355 616 421 680 int

355 755 474 816 domum
498 754 673 834 praedictam
694 757 723 815 in
744 774 803 815 una
824 774 882 816 non
906 802 913 815 .
934 801 941 816 .
964 803 971 816 .
996 801 1026 828 .,
1046 755 1096 815 sed
1116 758 1147 815 in

355 858 433 929 alia,
454 873 613 935 perquam
633 857 686 935 ipsi
713 858 908 917 communiter
929 858 966 916 ad
999 858 1144 917 Palatium

355 957 454 1016 venire
474 958 578 1027 solent,
591 954 746 1016 firmarunt
761 976 802 1028 se,
823 968 850 1017 et
870 976 926 1036 ego
946 958 1003 1017 dixi
1018 957 1145 1035 Reginae

355 1066 388 1114 ut
409 1056 573 1134 cappellum
596 1055 751 1134 deponeret
771 1058 996 1134 aliquantulum,
1019 1068 1047 1117 et
1061 1069 1145 1118 ante·

355 1154 472 1215 cederet
488 1156 608 1232 singuiis
623 1154 826 1218 cardinalibus
846 1169 874 1218 et
896 1158 1005 1236 gratias
1027 1169 1128 1237 ageret
1134 1180 1145 1233 3

355 1254 405 1314 sed
420 1273 489 1314 cum
510 1256 559 1313 illa
580 1274 625 1314 me
645 1257 805 1334 intelligere
826 1259 925 1330 nollet,
943 1276 1035 1337 neque
1048 1276 1086 1317 ex
1099 1260 1146 1318 di·

354 1358 496 1414 scretione
517 1374 547 1414 sc
568 1353 723 1415 humanam
745 1358 903 1429 ostendere,
923 1357 997 1428 dixi.
1019 1369 1052 1417 ut
1073 1371 1143 1420 ante

356 1451 461 1513 domm
482 1471 551 1513 suae
571 1455 676 1514 ostium
697 1456 850 1533 equitaret,
864 1468 892 1517 et
914 1457 1017 1517 ibidem
1040 1456 1147 1518 Cardi-

358 1554 470 1613 nalibus
480 1556 589 1633 gratias
600 1567 708 1631 ageret.
726 1557 778 1616 ilia
796 1557 936 1634 equitavit
950 1567 1015 1618 ante
1029 1560 1148 1631 ostium,

231 1693 242 1714 .
358 1653 503 1716 deseendit
526 1655 561 1715 de
578 1671 670 1731 equo,
691 1665 717 1714 et
740 1656 858 1715 intrarit
879 1657 914 1715 ad
934 1657 1052 1717 domum
1079 1658 1148 1718 abs·

359 1773 415 1833 que
436 1774 471 1816 en
492 1753 569 1831 quod
602 1755 800 1816 cardinalium
829 1758 955 1833 aliquem
984 1759 1146 1837 inspiceret.

359 1854 526 1915 cardtnmes
547 1854 647 1913 deinde
666 1866 851 1915 recesserunt
872 1868 901 1916 et
919 1855 1023 1918 domos
1049 1856 1148 1918 redie-

357 1967 437 2015 runt.
459 1956 543 2016 Venit
563 1968 659 2015 autem
682 1955 752 2015 baec
778 1955 889 2036 Regina
915 1956 1039 2016 Romam
1061 1977 1148 2037 pere·

268 2118 270 2122 ,
358 2056 528 2134 grinationis
543 2073 642 2125 causa,
659 2053 759 2116 deinde
774 2055 963 2135 sepulchrum
984 2057 1148 2117 salvatoris

359 2154 450 2215 nostri
480 2154 508 2213 in
540 2153 723 2214 Hierusalem
754 2156 916 2216 visitatura.
945 2155 1020 2216 Cam
1049 2168 1147 2217 autem

357 2255 471 2334 pridem
497 2254 708 2324 intellexerim,
728 2254 756 2312 in
788 2255 958 2315 consistorio
978 2257 1147 2315 conclusam

359 2351 518 2431 essequod
540 2350 651 2430 Regina
673 2351 744 2413 haec
767 2355 854 2433 recipi
890 2354 1005 2416 deberet
1036 2376 1071 2417 eo
1092 2356 1148 2416 bo·

359 2471 442 2525 nore,
455 2470 514 2529 quo
536 2453 606 2511 alias
627 2454 681 2513 luit
703 2465 830 2533 recepta,
850 2457 988 2535 proposui
1005 2456 1075 2516 baec
1091 2456 1146 2517 SS.

358 2551 394 2612 D.
416 2550 465 2625 N,
484 2570 552 2613 cam
570 2553 647 2631 apud
669 2552 701 2613 S.
720 2553 855 2614 Marcum
876 2568 965 2627 esset,
985 2574 1059 2634 quae
1077 2556 1147 2618 buic

358 2652 402 2713 rei
417 2656 570 2711 convenire
590 2652 775 2725 ridebantur,
787 2653 841 2712 sub
853 2655 897 2713 bis
913 2654 1023 2715 verbis:
1036 2680 1052 2710 s
1074 2655 1147 2714 Bea-

359 2750 465 2810 tissime
485 2749 582 2812 Pater.
605 2751 681 2811 Alias
704 2751 848 2813 Sanctitas
875 2753 977 2815 i'estra
997 2754 1147 2817 mandarit

358 2848 482 2911 Domino
509 2852 643 2930 episcopo
670 2850 821 2925 Pientinc,
842 2864 875 2913 ut
900 2856 1087 2915 caerimonias
1117 2856 1147 2916 iu

361 2950 468 3010 bonum
490 2949 621 3010 ordinem
637 2951 804 3025 reduceret,
827 2954 855 3012 in
877 2952 962 3033 cujus
980 2955 1147 3019 reductione

358 3051 504 3129 reperitur
521 3049 629 3128 Regem
645 3062 674 3111 et
695 3050 835 3130 Reginam
856 3055 918 3135 pari
935 3055 1044 3116 honore
1058 3058 1146 3136 recipi

358 3148 471 3210 debere.
506 3148 566 3210 Pro
584 3149 708 3212 adventu
736 3152 863 3232 Reginae
890 3153 995 3217 Daciae
1023 3158 1147 3220 intellexi

356 3250 522 3311 ordinatum
543 3250 621 3330 quod
642 3252 799 3332 recipiatur
813 3273 848 3315 eo
868 3255 981 3327 ordine,
998 3274 1057 3334 quo
1076 3258 1147 3318 alias

356 3348 411 3409 luit
432 3363 562 3430 recepta3
575 3351 629 3411 luit
650 3363 746 3412 autem
769 3364 838 3414 tunc
861 3372 876 3413 a
898 3354 961 3413 RR.
986 3354 1048 3415 DD.
1069 3356 1147 3417 Car-

357 3447 498 3510 dinalibus
522 3452 711 3529 collegiaiitet·
731 3463 811 3511 extra
838 3465 955 3532 portam
986 3456 1074 3517 Urbis
1094 3476 1146 3518 ex·

358 3561 482 3628 pectata,
493 3562 521 3611 et
540 3550 639 3610 deinde
657 3550 693 3609 ad
714 3550 803 3613 bonae
819 3557 973 3616 memoriae
988 3555 1147 3618 Cardinaiis

360 3648 508 3710 Mantuani
523 3651 652 3723 domum,
663 3653 740 3730 apud
762 3671 848 3729 quem
867 3652 1007 3732 hospitata
1029 3668 1082 3731 est,
1097 3677 1147 3717 as·

360 3751 484 3823 sociata3
500 3750 577 3827 qnod
594 3750 693 3821 statui,
715 3752 817 3812 bonori
832 3763 861 3813 et
875 3753 1007 3833 dignitati
1025 3757 1148 3836 Collegii

361 3848 558 3911 Cardinalium
589 3869 736 3929 nunquam
763 3855 918 3915 convenire
947 3854 1078 3929 videtur,
1099 3858 1149 3918 sed

364 3953 459 4030 potius
481 3951 576 4029 quod,
596 3964 748 4032 postquam
769 3974 785 4012 a
808 3953 938 4035 Collegio
959 3968 1072 4036 recepta
1092 3958 1149 4020 luit

366 4063 449 4112 extra
474 4062 606 4130 portam,
628 4055 786 4115 associetur
806 4053 842 4113 ab
864 4057 925 4134 ipso
947 4056 983 4116 ad
1010 4060 1148 4136 palatium

359 4152 556 4234 Apostolicum
572 4151 608 4210 ad
634 4166 721 4232 eaput
741 4173 838 4225 suum,
852 4157 931 4233 quod
949 4168 992 4217 est
1006 4156 1148 4220 Sanctitas

364 4253 481 4324 Vestra,
498 4264 526 4312 et
542 4253 639 4311 lucum
661 4253 705 4312 sui
728 4252 869 4333 Collegii;
884 4268 913 4317 et
934 4260 1001 4335 quia
1017 4261 1149 4339 peregri·

360 4352 482 4412 nationis
509 4371 594 4412 causa
614 4356 709 4424 venit,
732 4354 820 4432 ipsam
841 4356 921 4433 prius
942 4358 978 4416 ad
999 4360 1155 4420 ecelesiam

362 4450 485 4521 ducere,
507 4449 606 4509 deinde
624 4451 659 4509 ad
679 4451 867 4512 Sanctitatem
893 4456 1041 4529 Vestram,
1061 4471 1150 4538 prout

363 4552 391 4611 in
407 4570 482 4611 novo
505 4552 701 4610 caerimoniali
722 4562 766 4612 est
786 4554 960 4628 ordinatum,
977 4557 1088 4618 videtur
1106 4559 1147 4619 rei

360 4653 467 4733 optime
493 4654 670 4725 convenire3
699 4672 733 4716 ac
766 4656 843 4715 volui
870 4656 901 4716 S.
932 4658 977 4730 V.,
1001 4671 1148 4737 tamquam

361 4754 604 4814 caerimoniarum
617 4756 756 4827 minister,
769 4757 1003 4834 proposuissent
1016 4759 1064 4816 iiia
1076 4776 1150 4836 quae

360 4852 423 4916 fleri
442 4853 566 4929 soluerit
580 4851 694 4912 mandet
706 4877 732 4911 a.
746 4853 777 4913 S.
792 4856 827 4915 D.
839 4852 886 4923 tt,
896 4856 992 4916 habito
1009 4875 1076 4916 cum
1092 4859 1148 4916 ali·

361 4954 467 5033 quibus
487 4974 521 5015 ex
543 4952 607 5013 RR.
629 4952 692 5013 DD.
716 4952 916 5015 Cardinaiibus
932 4956 1061 5015 consilio.
1079 4956 1148 5015 mibi

363 5054 522 5134 respondit,
535 5055 623 5134 ipsam
640 5053 778 5132 Reginam
794 5066 873 5115 extra
892 5067 1005 5133 portam
1029 5054 1114 5116 Urbis
1132 5075 1148 5116 a

360 5152 561 5216 Cardinaiibus
582 5156 681 5234 recipi,
695 5165 726 5216 et
745 5155 781 5212 ad
803 5155 921 5215 domum
943 5168 1053 5215 tantmn
1068 5176 1150 5217 asso·

361 5255 433 5315 ciari
455 5254 559 5315 debere
565 5276 575 5326 3
599 5253 677 5331 quod
699 5253 768 5314 dixit
786 5254 821 5313 ad
841 5256 1053 5335 persuasionem
1072 5256 1150 5317 Car-

361 5353 463 5416 dinalis
485 5356 583 5416 Sancti
605 5354 709 5425 biarci,
724 5358 774 5434 qui
793 5355 917 5415 asseruit
937 5356 1016 5415 iiius.
1033 5353 1149 5416 Leonn-

246 5539 249 5546 Ι
361 5473 425 5515 ram
455 5455 556 5516 Seren.
578 5453 764 5532 imperatoris
788 5454 878 5513 nostri
894 5454 1034 5515 Friderici
1059 5455 1149 5517 Tertii

360 5556 536 5635 conjugem,
558 5571 625 5614 cum
644 5551 681 5611 ad
702 5551 812 5613 Urbem
835 5553 1025 5628 vertisset,ao
1048 5556 1149 5617 ordina

361 5654 446 5717 luisse
469 5664 636 5733 receptam
658 5651 706 5713 sed
734 5654 809 5716 maie
841 5653 931 5728 dixit,
952 5654 1021 5732 quia
1048 5654 1148 5717 eadem

814 616 1098 681 contuleritis
1119 613 1342 680 moueanru
1361 614 1515 679 octavi.

1211 754 1381 834 imperatrix
1413 774 1483 816 cnm
1510 756 1688 835 imperatore
1715 755 1793 817 verit
1812 767 1844 818 et
1869 774 1944 817 eum
1967 778 2007 820 es

1212 866 1325 933 recepta
1347 854 1401 916 luit
1422 858 1471 917 illo
1492 854 1623 928 bonore,
1638 866 1728 935 prout
1753 857 1782 916 in
1803 858 2005 920 caerimoniali

1211 955 1372 1014 ordinatur.

1256 1054 1339 1113 Paris
1362 1054 1474 1131 quinte,
1487 1071 1559 1114 rrrr.
1573 1053 1675 1113 mensis
1696 1054 1776 1126 maii,
1794 1053 1833 1114 Ι).
1855 1053 2007 1116 Dorotbea

1212 1153 1317 1214 Daciae
1349 1153 1459 1232 Regina
1492 1173 1527 1215 ex
1556 1153 1636 1215 Urbe
1657 1156 1791 1227 recessit,
1817 1155 1857 1215 ad
1880 1158 2007 1235 patriam

1212 1272 1294 1314 stram
1305 1255 1444 1314 reditura.
1463 1253 1535 1314 Ram
1558 1254 1590 1313 S.
1601 1253 1638 1312 D.
1651 1251 1697 1324 R,
1710 1254 1747 1312 ad
1765 1255 2008 1334 supplicationem

1212 1354 1437 1414 iilusiobannis
1459 1354 1565 1413 Daciae
1584 1352 1683 1431 Regis,
1702 1354 1868 1432 praedictae
1880 1354 2010 1434 Regitue

1213 1451 1287 1526 iiiii,
1313 1472 1366 1533 per
1388 1455 1485 1515 literas
1506 1454 1560 1513 sibi
1583 1455 1713 1526 lmtanr,
1739 1452 1920 1532 dispensavit
1941 1473 2009 1516 eum

1213 1554 1311 1613 eadem
1337 1553 1448 1631 Regina
1468 1572 1502 1612 ne
1524 1553 1706 1613 Hierusalem
1725 1556 1846 1614 visitare
1868 1554 2013 1630 deberet,

1214 1654 1263 1713 sed
1295 1652 1373 1730 quod
1400 1653 1436 1711 ad
1462 1651 1598 1731 Regnum
1627 1671 1713 1712 suum
1736 1653 1855 1727 rediret,
1880 1653 2012 1714 indulsit.

1213 1752 1313 1825 iiaec,
1335 1771 1402 1813 cum
1424 1772 1572 1814 recessura
1592 1764 1689 1825 esset,
1709 1756 1828 1833 rogarit
1846 1754 1886 1815 R.
1916 1754 1952 1815 P.
1975 1756 2011 1817 D.

1213 1854 1374 1915 iohannem
1390 1856 1556 1933 episcopum
1570 1854 1791 1926 Tornacemem,
1808 1853 1916 1915 Palatii
1927 1857 2013 1935 Apo·

1213 1954 1306 2013 stolici
1317 1954 1428 2013 Domus
1439 1954 1623 2031 Magistrum,
1635 1964 1667 2012 nt
1684 1953 1833 2013 ordinaret
1849 1954 1933 2031 quod
1945 1953 2010 2015 RR

1214 2050 1276 2111 DD.
1295 2053 1470 2125 cardinales,
1481 2062 1532 2112 aut
1550 2072 1653 2114 eoram
1681 2054 1847 2126 familiares,
1866 2066 1898 2117 ct
1919 2075 2011 2135 prae·

1214 2152 1264 2211 iati
1285 2171 1315 2211 se
1334 2170 1390 2211 non
1413 2152 1658 2214 incommodarent
1680 2153 1708 2212 in
1728 2154 1900 2217 associando
1925 2176 2007 2232 eam,

1215 2262 1301 2330 prout
1323 2252 1412 2312 moris
1433 2263 1530 2324 esset,
1551 2254 1618 2329 quia
1640 2254 1760 2313 vesica
1792 2272 1883 2315 eausa
1916 2254 2011 2317 deso·

1214 2352 1297 2411 tmnb
1319 2363 1347 2411 et
1366 2353 1454 2411 nollet
1477 2351 1582 2429 cuique
1603 2371 1663 2413 esse
1683 2353 1801 2413 molesta
1813 2374 1823 2425 ς
1844 2364 1876 2414 et
1897 2355 1953 2426 sic,
1975 2355 2010 2418 de

1213 2451 1347 2511 mandato
1369 2451 1423 2511 SS.
1445 2450 1481 2510 D.
1500 2448 1547 2523 N,
1562 2462 1714 2532 postquam
1737 2451 1865 2533 Reginae
1883 2454 1924 2514 ita
1940 2457 2010 2535 pla·

1214 2552 1284 2625 cuit,
1304 2563 1346 2612 est
1365 2550 1538 2611 ordinatum.
1561 2550 1620 2611 Sed
1642 2551 1810 2627 Cursores,
1834 2572 1901 2614 rem
1932 2556 2010 2619 male

1214 2652 1415 2730 intelligentes,
1425 2650 1489 2711 heri
1512 2669 1629 2730 vespere
1647 2650 1712 2711 RR.
1726 2651 1789 2711 DD.
1802 2651 2011 2718 cardinalibus

1215 2751 1349 2812 omnibus
1386 2752 1554 2811 intimarunt
1582 2751 1660 2829 quod
1697 2755 1886 2831 personaliter
1923 2756 2011 2819 bodie

1213 2851 1285 2914 hora
1307 2869 1360 2912 xtr.
1384 2852 1482 2912 venire
1509 2851 1645 2913 deberent
1665 2852 1702 2913 ad
1723 2854 1924 2916 associandum
1947 2856 2011 2919 Rs-

1213 2955 1308 3033 ginam
1329 2963 1409 3014 extra
1422 2952 1551 3025 Urbem;
1566 2953 1646 3012 etad
1668 2952 1723 3014 hoc
1738 2954 1921 3031 mandatum,
1940 2956 2009 3020 RR.

1212 3054 1275 3115 DD.
1291 3053 1457 3114 Cardinaies
1478 3052 1577 3113 Sancti
1596 3051 1682 3111 Petri
1704 3051 1741 3111 ad
1760 3053 2011 3126 timuissetis·

1213 3154 1345 3234 gavensis
1365 3165 1395 3215 et
1412 3152 1555 3213 Columna
1577 3152 1614 3211 ad
1633 3152 1774 3231 palatium
1795 3154 2011 3232 Apostolicum,

1213 3255 1346 3317 Senensis
1368 3273 1453 3325 rero,
1474 3252 1648 3324 Parmensis,
1669 3252 1703 3314 de
1723 3252 1819 3329 Fuxo,
1837 3265 1868 3316 et
1886 3256 1923 3317 da
1945 3257 2010 3320 Ur·

1213 3357 1280 3417 sinis
1311 3355 1347 3415 ad
1382 3354 1528 3414 basilicam
1559 3354 1702 3434 Principis
1729 3354 1941 3434 Apostolorum
1975 3357 2009 3419 de

1214 3455 1293 3517 Urbe
1311 3465 1453 3516 venerunt
1477 3454 1549 3513 hora
1571 3453 1729 3533 praedicta,
1741 3455 1789 3514 ubi
1810 3472 1880 3515 eum
1893 3458 2010 3520 intelle·

1213 3559 1316 3617 xissent
1335 3555 1566 3635 suprascriptam
1590 3553 1645 3614 SS.
1675 3553 1710 3614 D.
1734 3552 1768 3613 tt.
1796 3555 2007 3619 ordinationem

1213 3655 1312 3716 domos
1333 3673 1399 3714 suas
1419 3634 1580 3717 redierunt.
1602 3653 1641 3715 Et
1661 3656 1804 3719 Cursores
1825 3678 1881 3737 pro
1902 3679 2007 3722 eorum

1213 3774 1316 3816 errore
1330 3755 1422 3834 puniti
1437 3755 1564 3814 inerunt.
1580 3753 1689 3834 Regina
1707 3768 1804 3817 autem
1819 3756 2007 3840 abepiscopo

1216 3854 1394 3915 'fornacensi
1415 3864 1526 3913 tantum
1546 3873 1613 3915 cum
1635 3859 1734 3935 paucis
1758 3876 1792 3918 ex
1819 3858 2006 3920 cubiculariis

1215 3964 1243 4015 et
1264 3953 1405 4014 scutiferis
1427 3953 1522 4034 Papae
1544 3966 1626 4015 extra
1651 3955 1762 4018 Urbem
1787 3955 2005 4034 aliquantulum

1217 4054 1355 4114 associata
1375 4055 1499 4115 recessit.

1258 4154 1408 4214 Dominica
1429 4153 1521 4232 prima
1538 4152 1624 4232 junii,
1642 4154 1746 4216 iestum
1762 4155 1887 4218 &neme
1905 4158 2005 4220 Trini-

1215 4254 1290 4323 tatis,
1307 4253 1363 4313 SS.
1383 4253 1417 4313 D.
1438 4251 1472 4311 ii.
1494 4265 1624 4332 paratus,
1646 4265 1678 4314 ut
1695 4256 1784 4316 moris
1801 4267 1856 4330 est,
1871 4259 1950 4319 venit
1970 4258 2005 4320 ad

1215 4356 1374 4434 cappellam
1408 4349 1548 4429 majorem
1578 4354 1775 4434 praedictam,
1798 4356 1848 4416 ubi
1875 4358 2006 4420 interfuit

1216 4453 1317 4515 iiissae
1338 4455 1470 4525 solemni,
1492 4472 1579 4531 quam
1600 4454 1757 4516 celebrarit
1775 4455 1849 4516 Rev.
1872 4456 1909 4517 D.
1928 4457 2004 4520 Car·

1216 4555 1318 4614 dinalis
1351 4552 1513 4614 Parmensis
1542 4556 1569 4613 in
1600 4557 1773 4634 paramentis
1805 4555 1887 4616 albis.
1918 4558 2005 4620 Circa

1216 4654 1302 4716 finem
1324 4654 1507 4714 consessionis
1528 4656 1605 4715 venit
1626 4655 1663 4713 ad
1685 4655 1841 4735 cappellam
1867 4656 1903 4715 D.
1928 4655 2005 4720 Gre-

1215 4755 1316 4835 gorius
1331 4753 1366 4815 de
1376 4754 1473 4815 Turre
1486 4750 1597 4814 Orator
1613 4753 1736 4815 Serenis.
1753 4753 1895 4837 Principis
1910 4757 2005 4821 Maxi·

1215 4855 1322 4913 miliani
1337 4852 1535 4914 Romanorum
1557 4852 1652 4932 Regis,
1674 4867 1702 4916 et
1721 4855 1817 4934 posuit
1837 4876 1869 4921 ss
1882 4858 1921 4919 ad
1942 4860 2005 4939 pri·
2033 4857 2037 4864 '

1214 4971 1294 5012 mum
1317 4953 1413 5013 iocum
1435 4955 1508 5014 inter
1527 4951 1667 5015 Oratores
1686 4956 1773 5015 laicos
1790 4967 1820 5018 et
1840 4976 1898 5018 non
1918 4978 2006 5038 prac-

1215 5054 1297 5124 latos,
1321 5055 1398 5131 quod
1421 5073 1477 5114 non
1503 5053 1629 5115 videntes
1656 5054 1691 5115 D.
1714 5055 1782 5115 Ber.
1803 5058 1838 5117 de
1862 5056 2005 5141 Solaitym

1214 5140 1367 5233 Hispaniae
1384 5165 1412 5215 et
1430 5155 1503 5213 alius
1524 5152 1702 5233 Neapolitani
1722 5156 1836 5237 Regum
1853 5156 2007 5235 Oratores,

1216 5256 1266 5331 qui
1288 5254 1369 5332 prius
1383 5265 1468 5315 erant
1489 5255 1516 5313 in
1538 5257 1678 5334 cappella,
1696 5268 1725 5317 ct
1745 5258 1900 5336 genuflexi,
1922 5263 2004 5322 trola-

1215 5354 1283 5413 bant
1310 5373 1431 5433 surgere
1453 5372 1488 5415 ne
1508 5354 1676 5415 viderentur
1698 5358 1752 5418 sub
1775 5358 1825 5419 iiio
1844 5369 1940 5434 stare3
1956 5361 2005 5423 sed

1216 5454 1284 5515 mibi
1305 5455 1470 5532 conquaesti
1490 5466 1558 5515 sunt
1579 5454 1657 5534 quod
1680 5456 1714 5517 D.
1734 5455 1897 5541 Gregorius
1918 5480 2005 5543 super

1215 5574 1263 5616 eos
1285 5567 1374 5617 staret
1396 5554 1535 5629 indebite,
1556 5569 1722 5638 propterea,
1743 5561 1820 5639 quod
1842 5560 1939 5641 ipsam
1959 5562 2005 5622 la·

1216 5674 1313 5717 cerem
1335 5656 1494 5733 cappellam
1515 5655 1610 5729 exire'3
1633 5659 1711 5734 quod
1735 5670 1846 5722 tantum
1871 5662 2005 5723 illicitum
