4492 6859
298 659 359 722 li8

296 799 363 873 stri,
384 815 511 877 quorum
534 797 632 859 decem
654 804 737 855 erant
755 794 801 855 sel
821 794 899 853 circa
911 801 992 852 extra
1010 808 1081 870 por·

296 909 357 957 tam
389 897 556 959 Portesiam.
595 895 668 956 Nam
710 894 827 955 Turnus
861 889 946 967 juxto
982 908 1082 951 muros

296 998 385 1059 Urbis
412 1009 441 1059 et
471 997 604 1069 flumen,
628 1004 708 1055 extra
729 993 834 1054 dictam
854 1002 981 1072 portam,
995 1009 1082 1069 eques

295 1097 398 1159 boram
417 1096 582 1177 expectabat
604 1093 759 1155 introitus:
775 1092 843 1151 huic
863 1090 984 1152 Oratori
1000 1100 1081 1152 extra

296 1201 404 1262 dictam
434 1210 548 1281 portam
580 1198 766 1279 expectanti,
788 1197 904 1257 obvium
939 1205 1082 1257 venerunt

295 1300 394 1374 Prior,
410 1311 439 1360 et
459 1298 717 1379 Turcbopellerius
738 1296 892 1378 praedicti,
914 1306 947 1355 ut
969 1295 1081 1355 familia

295 1398 441 1472 Oratoris,
460 1418 534 1477 quae
551 1417 685 1460 accensas
706 1396 767 1458 sine
792 1407 887 1457 tamen
909 1396 1015 1475 sigillis
1035 1404 1082 1455 te·

295 1499 380 1561 nebat
392 1499 495 1559 cordas
512 1499 573 1561 sive
585 1496 933 1579 mnraa(i)deponeret,et
943 1495 984 1554 sic
1000 1496 1081 1555 iner-

296 1621 357 1661 mes
377 1600 568 1661 accederent:
590 1599 633 1658 sio
652 1598 770 1656 lactum.
785 1596 868 1656 'l'unc
895 1604 1080 1655 accesserunt

295 1702 342 1764 ille
361 1719 460 1780 eques,
475 1700 524 1759 isti
545 1698 692 1779 pedestres
707 1714 810 1759 versus
833 1696 982 1768 Tuscum,
995 1712 1080 1771 quem

294 1822 361 1863 cum
390 1802 489 1863 videre
524 1800 662 1878 coepisset
689 1816 723 1858 ac
751 1816 842 1878 prope
872 1815 940 1857 eum
961 1797 1080 1856 circiter

297 1902 488 1981 quadraginta
507 1898 637 1980 passibus
646 1898 792 1970 existeret,
808 1894 919 1957 Orator
935 1895 1081 1958 descendit

294 2022 328 2063 ex
346 2021 432 2082 equo,
453 2013 481 2063 et
501 2000 583 2061 valde
606 1999 724 2062 bonesto
742 2018 828 2079 passu
849 1998 968 2058 accessit
989 2015 1080 2075 usque

295 2122 384 2184 prope
405 2105 489 2163 illum
508 2102 628 2162 circiter
647 2101 778 2181 passibus
803 2099 975 2177 quindecim.
1004 2098 1081 2158 Tum

294 2224 346 2283 per
369 2223 468 2284 passus
486 2204 615 2281 quinque
629 2247 637 2274 ,
652 2204 697 2263 vel
719 2202 810 2275 cirea,
835 2202 973 2273 ambiens,
993 2220 1023 2261 se
1052 2200 1081 2259 in

293 2316 403 2365 terram
425 2323 513 2383 super
534 2303 669 2364 dextrum
692 2304 768 2363 latus
786 2303 873 2365 etism
895 2303 988 2383 capite
1009 2319 1081 2381 pro-

294 2406 420 2477 stravit,
450 2416 478 2466 et
508 2424 574 2466 mox
605 2423 727 2484 surgens
749 2403 845 2464 tribus
867 2403 999 2483 passibus
1029 2420 1080 2462 seu

295 2516 422 2585 quatuor
437 2506 502 2565 aliis
516 2505 654 2577 ambiens,
666 2524 753 2586 super
771 2522 847 2583 genu
862 2504 1012 2565 dexterum
1027 2521 1081 2583 ge·

295 2607 439 2667 nuflexum
464 2626 494 2666 se
521 2606 625 2666 habens
644 2615 673 2666 et
695 2616 804 2666 terram
826 2614 945 2683 tangens
963 2610 1079 2666 dextera

294 2726 393 2782 manu,
400 2708 480 2768 illam
492 2726 559 2768 mox
569 2707 726 2768 osculatus.
740 2707 816 2767 Tum
827 2705 936 2765 iterum
948 2722 1081 2782 surgens,

294 2822 323 2870 et
344 2810 433 2869 tantis
454 2809 584 2888 passibus
608 2807 736 2867 ambiens
757 2824 849 2885 usque
874 2805 911 2864 ad
932 2805 1080 2879 Turcum,

294 2927 393 2970 coram
417 2927 475 2987 quo
495 2905 673 2987 genuflexus,
693 2908 773 2967 illius
793 2925 896 2985 equam
918 2924 970 2985 per
980 2907 1081 2987 pedem

295 3011 428 3071 dextrum
440 3011 499 3070 sive
518 3009 709 3069 sinistrumet
728 3008 818 3068 Turci
830 3008 929 3087 pedem
949 3008 1080 3068 dextrum

295 3113 441 3191 amplexus
472 3119 515 3171 est
528 3154 537 3183 ,
565 3110 652 3170 simul
682 3119 711 3170 et
740 3108 840 3188 pedem
868 3109 960 3189 ipsius
990 3108 1081 3169 Turci

207 3184 216 3206 ⁶
296 3212 444 3273 osculatus
457 3221 509 3272 est.
526 3210 602 3270 'l'um
624 3228 747 3289 surgens
764 3226 842 3288 genu
854 3208 988 3271 dextrum
1002 3209 1082 3269 illias

295 3321 340 3372 ter
369 3311 437 3371 binc
469 3322 499 3371 et
529 3310 596 3371 inde
621 3312 768 3371 osculatus
795 3320 861 3383 est,
888 3309 936 3369 cul
966 3309 1082 3370 Turnus

296 3429 412 3470 uranum
440 3410 584 3471 dexteram
617 3410 653 3468 ad
686 3411 795 3471 collum
825 3411 999 3490 porrigens,
1033 3411 1081 3472 ille

296 3523 389 3572 vestes
407 3510 542 3570 similiter
563 3510 713 3571 osculatus
733 3521 787 3582 est3
810 3529 883 3588 quae
905 3510 999 3570 omnio
1022 3511 1082 3589 ipse

295 3608 405 3670 Orator
425 3608 496 3670 adeo
517 3608 685 3669 cordialiter
708 3610 803 3669 iacere
824 3610 902 3670 visus
922 3620 979 3682 est,
1004 3611 1082 3688 quod

296 3710 379 3787 quasi
401 3709 470 3770 bere
500 3693 536 3768 ab
568 3708 701 3768 omnibus
723 3710 802 3770 risus
822 3721 872 3770 est.
895 3708 1012 3770 Turnus
1026 3729 1081 3770 au-

223 3861 225 3865 .
295 3820 352 3872 tem
375 3811 487 3870 nullum
509 3811 624 3889 signum
646 3809 687 3869 illi
710 3808 844 3881 iaciebat,
866 3810 915 3871 sed
936 3820 970 3870 ut
992 3809 1081 3871 Prin·

295 3929 362 3991 ceps
372 3905 643 3993 Fisamus(i)illum
668 3909 833 3989 expectabat
848 3922 876 3971 et
896 3913 993 3971 nullus
1008 3914 1082 3973 alter

297 4014 456 4091 quicquam
473 4011 598 4084 dicebat,
609 4010 656 4073 sed
675 4012 760 4071 laetis
780 4029 831 4091 per
853 4010 1011 4075 Oratorem
1031 4033 1081 4074 re·

301 4112 453 4183 versutiis,
476 4111 593 4171 Turcus
621 4112 663 4172 illi
695 4129 793 4172 coram
820 4131 850 4173 se
882 4114 969 4173 stanti
995 4114 1082 4174 unico

297 4212 389 4274 verbo
406 4211 560 4279 annuebat,
580 4223 612 4271 ut
633 4229 740 4289 equum
762 4211 950 4284 ascenderet,
967 4214 1018 4291 qui
1038 4215 1081 4274 illi

295 4312 434 4391 proprius
460 4311 603 4372 adductus
623 4322 668 4371 est
689 4324 720 4373 ut
741 4332 808 4373 eum
829 4315 993 4375 ascenderet
999 4338 1009 4388 3
1030 4335 1081 4376 re·

295 4414 381 4472 cessit
402 4413 493 4491 igitur
515 4413 600 4491 plano
619 4432 705 4492 passu
726 4433 742 4473 a
764 4415 884 4488 Turno,
911 4428 944 4476 ut
971 4435 1080 4495 equmn

296 4530 384 4573 suum
398 4508 576 4585 ascenderet,
594 4524 625 4573 et
642 4533 730 4593 eques
753 4528 818 4577 aute
836 4515 968 4577 Turnum
987 4516 1081 4577 rediit.

293 4613 415 4674 interim
438 4614 516 4673 venit
533 4631 610 4673 unus
626 4634 660 4674 ex
683 4614 789 4674 familia
802 4614 893 4676 Turci
910 4629 938 4677 et
953 4617 1082 4677 lamilia·

295 4734 341 4774 res
355 4714 483 4793 singulos
495 4710 632 4774 Oratoris
649 4716 796 4794 amplexus
812 4728 863 4777 est.
880 4715 957 4778 Tum
971 4702 1084 4796 singull

294 4827 359 4876 ante
382 4812 515 4874 Tuscum
548 4814 787 4894 genuflectentes,
821 4827 932 4877 terram
967 4817 1083 4877 dextera

295 4913 449 4992 tangebant
459 4924 487 4974 et
502 4913 647 4976 dexteram
666 4917 870 4976 osculabuntur
876 4938 886 4990 3
906 4928 968 4976 tnm
987 4913 1089 4996 genu-¹

296 5012 371 5087 dexi,
392 5011 457 5090 ejus
478 5015 545 5092 equi
566 5025 594 5077 et
611 5015 712 5095 pedem
731 5015 880 5077 dexterum
901 5015 992 5077 Turci
1014 5036 1080 5077 am·

296 5115 460 5194 plectentes,
471 5114 571 5194 pedem
589 5116 697 5196 primo,
712 5116 810 5179 deinde
830 5135 906 5197 genu
923 5118 999 5177 illius
1012 5132 1080 5180 sunt

295 5215 427 5274 osculati.
449 5214 633 5275 Paucissimis
657 5216 751 5277 serbis
776 5217 892 5278 Turcus
919 5228 948 5279 et
970 5215 1080 5280 Orator

296 5333 326 5375 se
356 5315 562 5388 absolverunt,
582 5319 681 5396 sicque
702 5317 819 5378 Tuscus
840 5318 948 5381 Urbem
980 5330 1080 5398 postea

295 5424 339 5473 est
358 5414 505 5496 ingressus
523 5413 578 5499 (i).

335 5635 370 5688 (1)
387 5631 423 5682 De
440 5634 527 5683 zizimi
543 5636 569 5682 in
586 5632 653 5683 Urbe
670 5634 790 5696 ingressu
807 5634 882 5683 aliem
900 5634 1077 5683 narrationem

298 5707 442 5771 balsemus,
458 5724 537 5775 qaam
555 5713 673 5774 reterre,
689 5714 845 5775 praesertim
867 5714 901 5764 ob
923 5714 1075 5765 infortunati

772 652 1055 719 conculcastis
1076 645 1299 713 ttitioctitirtt
1319 648 1471 713 octavi

1826 644 1932 732 (ιιιι)

1191 787 1328 862 Sabbato,
1348 786 1565 864 decimaquarta
1583 785 1693 859 martii,
1705 785 1763 845 luit
1783 785 1930 865 publicum

1150 888 1352 948 consistorium
1381 887 1412 946 in
1432 888 1525 965 prima
1545 888 1611 946 aula
1643 904 1769 966 magna,
1801 886 1933 947 videlicet

1149 1124 1275 1188 Principis
1287 1125 1509 1188 descriptionem,
1520 1140 1572 1176 non
1584 1139 1776 1189 supervacuum
1797 1126 1860 1177 orit.
1872 1127 1936 1177 ilaec
1974 1176 1976 1179 ,

1150 1203 1227 1266 igitur
1252 1203 1387 1254 ilatbaeus
1408 1205 1504 1254 iiossus
1526 1205 1675 1255 Canonicus
1691 1205 1861 1256 Veronensis
1874 1245 1882 1267 ,
1897 1209 1936 1269 qui

1150 1285 1278 1346 ingressui
1296 1283 1397 1333 aderat.

1192 1380 1202 1401 ·
1219 1359 1331 1409 Solemni
1348 1374 1443 1422 pompa
1460 1366 1604 1424 exceptus,
1621 1366 1674 1413 tota
1692 1362 1759 1413 Urbe
1784 1366 1938 1425 spectante:

1149 1439 1256 1487 incessit
1274 1440 1341 1487 enim
1364 1452 1412 1501 per
1430 1441 1605 1501 speciosiores
1624 1443 1678 1491 vias
1703 1441 1801 1504 insigni
1820 1442 1936 1492 insidens

1149 1527 1234 1578 equo,
1251 1515 1353 1566 medius
1370 1519 1439 1565 inter
1455 1516 1620 1567 franciscam
1642 1518 1770 1569 pontilicis
1789 1520 1894 1578 lilium,
1914 1524 1939 1568 et

1148 1595 1231 1657 Magni
1246 1597 1360 1658 Magistri
1377 1595 1533 1646 Rhodiorum
1547 1595 1668 1659 Equitum
1685 1597 1813 1654 tratrem
1826 1598 1938 1660 denique

1149 1675 1175 1722 in
1191 1675 1316 1724 Palatium
1329 1674 1478 1726 Vaticanum
1489 1676 1619 1727 deductus
1630 1682 1679 1737 est,
1690 1678 1782 1740 ibique
1796 1679 1938 1728 honorilice

1148 1753 1261 1803 habitus.
1276 1755 1332 1807 Non
1351 1756 1446 1804 multos
1463 1759 1523 1818 posi
1539 1756 1596 1805 dies
1612 1757 1746 1819 publicum
1763 1759 1791 1806 in
1810 1761 1937 1807 consisto

1149 1834 1216 1883 riam
1240 1835 1388 1891 deductus,
1406 1835 1438 1884 ad
1464 1834 1594 1884 Pontificis
1620 1837 1725 1887 blaximi
1743 1842 1937 1900 conspectum,

1148 1912 1292 1974 conspicuo
1304 1914 1330 1960 in
1340 1913 1437 1961 throno
1449 1913 1576 1972 sedentis,
1588 1927 1673 1976 neque
1690 1914 1759 1965 decli
1778 1919 1843 1965 ante
1859 1916 1940 1974 illum,

1148 2003 1236 2053 aeque
1252 1990 1409 2050 deosculari,
1427 2005 1459 2040 ex
1477 2005 1567 2052 more,
1584 1995 1677 2055 pedes,
1694 2000 1731 2054 ut,
1748 1998 1795 2057 qui
1813 2001 1938 2057 praesunt

1158 2073 1240 2120 saeris
1257 2072 1370 2131 ritibus,
1395 2073 1465 2122 illum
1484 2073 1569 2123 iacere
1585 2074 1745 2133 edocebant,
1763 2077 1819 2124 ullo
1844 2087 1938 2138 passos

1149 2149 1331 2207 estmodo‚ille
1348 2152 1391 2213 qui
1404 2153 1452 2201 sub
1467 2153 1721 2215 patrolilabometbc
1745 2157 1852 2203 lantum
1868 2153 1939 2202 cbri-

1149 2230 1227 2276 suani
1244 2230 1376 2291 sangoinis
1398 2229 1542 2289 effuderat,
1559 2244 1655 2282 saevus
1672 2236 1699 2282 et
1735 2235 1841 2295 mpius‚
1860 2247 1941 2295 quan·

1149 2309 1203 2355 tam
1221 2309 1264 2356 vix
1276 2310 1347 2357 rivus
1359 2313 1455 2370 egeret.
1471 2311 1601 2373 aspectus
1617 2311 1723 2362 barbari
1739 2312 1832 2362 zizimi
1843 2326 1940 2363 saevus

1150 2391 1176 2435 ct
1194 2387 1367 2447 truculentus,
1383 2400 1481 2450 corpus
1498 2401 1679 2453 compressum
1696 2396 1723 2441 et
1742 2394 1940 2455 corpulentum,

1149 2467 1241 2515 cervix
1258 2468 1325 2524 lata,
1344 2472 1436 2530 pocius
1461 2473 1564 2519 vastum
1589 2475 1615 2520 el
1634 2472 1812 2533 prominens,
1835 2476 1937 2522 statura

1149 2544 1217 2593 ultra
1236 2544 1410 2604 mediocrem,
1427 2546 1528 2597 babens
1545 2550 1679 2598 oculorum
1702 2552 1817 2600 alterum
1838 2553 1939 2601 luscum

1150 2636 1179 2673 ac
1196 2629 1311 2685 torvum,
1329 2638 1419 2675 nasum
1437 2626 1677 2690 aquilinum,caput
1694 2630 1857 2693 inquietum,
1872 2644 1942 2682 sem·

1149 2716 1197 2765 per
1209 2707 1295 2753 omnia
1304 2706 1472 2764 collustrans,
1482 2711 1508 2756 ct
1525 2711 1647 2769 tanquam
1665 2707 1753 2757 minax
1766 2708 1937 2771 inspectans3

1149 2788 1223 2835 aetas
1241 2785 1285 2842 illi,
1303 2788 1332 2834 nt
1350 2785 1497 2844 videbatur,
1509 2801 1576 2837 anno
1588 2788 1791 2851 quadragesimo
1802 2795 1941 2852 proxima:

1149 2867 1251 2923 patrem
1269 2863 1365 2922 (cujus
1382 2864 1466 2926 imago
1483 2868 1582 2916 caelata
1601 2880 1661 2917 aere
1678 2881 1758 2931 saepe
1769 2869 1892 2930 videtur)
1909 2872 1941 2921 ad

1149 2954 1262 3005 unquem
1283 2941 1410 3001 referens,
1428 2947 1464 3002 et,
1481 2948 1509 2993 ut
1527 2945 1628 3006 indole,
1645 2948 1681 2995 sic
1699 2950 1726 2996 et
1743 2948 1866 2998 moribus
1883 2962 1942 3011 pes·

1150 3022 1239 3080 simis,
1256 3021 1347 3083 insigni
1366 3023 1503 3071 atrocitate
1522 3028 1600 3085 atque
1618 3026 1727 3073 saevitia
1745 3039 1877 3089 aequans.
1897 3049 1908 3069 ο

1191 3101 1349 3164 legentibus
1377 3113 1429 3149 non
1453 3102 1505 3150 erit
1528 3104 1656 3165 ingratum
1684 3105 1761 3153 aliam
1787 3106 1822 3156 dc
1842 3106 1941 3156 Zizima

1150 3182 1249 3231 rescire
1275 3181 1411 3238 notitiam,
1427 3194 1505 3243 quam
1533 3195 1581 3232 nos
1606 3182 1733 3233 babemus
1750 3197 1786 3234 ex
1816 3188 1942 3237 comitate

1150 3259 1373 3310 dominiColumbl
1390 3258 1553 3321 De·ilntines,
1566 3263 1590 3309 iu
1608 3263 1728 3313 omnibus
1746 3264 1830 3315 rebus
1848 3265 1942 3315 biblio·

1151 3338 1282 3400 graphicis
1299 3338 1462 3399 peritissimi.
1488 3338 1533 3387 lile
1553 3338 1632 3389 nobis
1649 3340 1773 3390 narrabat
1799 3344 1825 3392 in
1843 3344 1940 3394 biblio·

1150 3417 1227 3466 lbeca
1254 3416 1385 3479 imperiali
1412 3416 1551 3467 Parisiensi
1574 3424 1742 3469 monumenta
1770 3421 1882 3473 diversa
1909 3424 1940 3474 de

1149 3495 1284 3545 mansione
1311 3494 1435 3556 Principis
1454 3497 1479 3544 in
1497 3496 1652 3558 Delpbiaatn
1679 3504 1790 3558 extare,
1807 3515 1877 3564 qnae
1894 3516 1940 3555 nos

1150 3575 1269 3625 obtinere
1287 3578 1364 3636 atque
1381 3575 1406 3623 in
1421 3576 1571 3638 Appendice
1588 3578 1717 3629 collocare
1735 3592 1887 3642 speramns.
1903 3584 1940 3634 ln·

1150 3666 1229 3715 super
1238 3653 1269 3703 de
1280 3652 1412 3703 volumine
1424 3652 1493 3703 inter
1507 3657 1658 3707 rarissimos
1669 3658 1871 3711 adnumerando
1891 3676 1937 3713 nos

1149 3733 1269 3793 edocuit,
1285 3735 1326 3782 cui
1342 3734 1434 3782 titulus
1452 3734 1610 3796 inscriptus:
1628 3756 1639 3777 ·
1657 3737 1752 3786 zizimi
1765 3741 1858 3800 priace
1874 3741 1940 3791 Otto·

1148 3826 1212 3863 man
1221 3824 1366 3863 nmoureac
1381 3814 1411 3861 de
1426 3812 1552 3875 Piilipine
1572 3814 1669 3866 liticine
1684 3817 1715 3866 de
1730 3817 1887 3881 Sossnmge,
1904 3821 1943 3869 ii·

1149 3894 1225 3943 stoice
1240 3892 1412 3954 Douplsinoise
1426 3895 1491 3955 (par
1503 3894 1557 3943 Gor
1568 3895 1678 3945 laeana
1688 3897 1704 3955 l.
1720 3896 1853 3947 Gronoble
1872 3901 1940 3961 ¹67³,

1148 3972 1210 4023 lena
1232 3971 1345 4022 Nicoloa.
1361 3972 1486 4032 Quamvis
1504 3985 1570 4034 opus
1587 3986 1639 4022 non
1655 3975 1689 4024 sit
1705 3988 1739 4025 ex
1756 3976 1861 4039 integro
1879 3980 1939 4027 isto-

1149 4054 1252 4109 ricum,
1270 4050 1318 4099 sed
1336 4049 1474 4099 dramatici
1491 4050 1523 4099 ad
1542 4054 1627 4101 instar
1647 4052 1724 4111 (itali
1742 4058 1879 4117 appellant
1895 4069 1938 4107 ro·

1149 4130 1235 4179 mansi
1245 4133 1263 4192 i,
1277 4134 1365 4179 tamen
1383 4130 1521 4178 traditione
1537 4132 1655 4181 innititur
1667 4133 1763 4195 ubique
1779 4135 1806 4184 in
1819 4135 1864 4185 illa
1881 4150 1938 4198 pro·

1149 4215 1233 4262 vincia
1251 4215 1369 4273 accepta,
1389 4211 1533 4273 Principem
1550 4212 1867 4278 Constantinopolitanum
1886 4231 1935 4267 noa

1149 4293 1231 4341 solum
1250 4303 1338 4339 amore
1351 4303 1398 4352 pro
1410 4290 1454 4338 illa
1472 4292 1581 4341 muliere
1597 4294 1776 4354 pulcherrima
1793 4299 1938 4350 exarsisse,

1150 4371 1206 4430 sed,
1222 4368 1255 4418 ad
1271 4369 1432 4430 voluptatem
1450 4374 1615 4419 sacramento
1633 4371 1811 4422 indissolubili
1829 4376 1936 4437 expien-

1149 4450 1220 4508 dam,
1236 4448 1280 4498 diu
1296 4449 1425 4509 cogitasse
1442 4461 1474 4497 ex
1492 4448 1556 4498 ialsa
1574 4450 1628 4512 lege
1645 4449 1790 4513 Prophetae
1809 4453 1843 4502 ad
1863 4453 1935 4503 Citri-

1150 4530 1184 4578 sti
1203 4530 1283 4590 legem
1301 4528 1401 4577 venire.

1186 4607 1335 4656 vicecomes
1345 4605 1773 4658 laudatusColumbusDe-Batines
1783 4611 1934 4662 nosedocet

1148 4686 1292 4748 (limitem
1321 4686 1350 4733 da
1373 4685 1399 4734 to
1427 4684 1566 4745 Librairia,
1588 4685 1694 4746 immani
1722 4685 1935 4748 hebdomadaire)

1148 4764 1344 4828 bibliographos
1369 4763 1455 4812 Gallos
1479 4763 1593 4813 indicare
1619 4766 1695 4814 alium
1723 4765 1819 4815 librum
1840 4771 1879 4818 sic
1901 4771 1937 4817 in-

1150 4848 1283 4907 scriptum.
1302 4863 1311 4884 s
1337 4842 1445 4893 Histoire
1460 4843 1501 4892 dea
1517 4856 1622 4893 cmours
1643 4845 1673 4894 dc
1688 4845 1780 4894 Ziaimi
1795 4850 1817 4897 el
1832 4848 1865 4896 dc
1879 4847 1936 4896 rit·

1147 4923 1224 4986 lipine
1241 4922 1331 4972 lliiine
1350 4923 1380 4972 de
1395 4921 1541 4985 Sosseanqe.
1562 4917 1705 4983 Grenoble‚
1724 4927 1797 4984 1673,
1813 4926 1932 4976 Nicoiors

1149 5003 1198 5054 sed
1215 5005 1286 5052 recte
1303 5001 1428 5050 observat
1444 5001 1513 5051 idem
1532 5015 1597 5064 opus
1615 5003 1656 5051 vel
1674 5003 1741 5053 male
1760 5002 1930 5067 descriptam,

1148 5084 1191 5131 vel
1208 5081 1284 5130 titulo
1301 5083 1400 5129 tantum
1419 5079 1533 5129 diverso.
1554 5080 1689 5130 Postremo
1707 5083 1824 5144 legentes
1844 5084 1933 5133 admo·

1147 5164 1192 5210 net
1220 5158 1253 5208 de
1280 5159 1330 5207 alio
1356 5157 1595 5219 bibliograpliorum
1625 5172 1716 5209 errore
1752 5162 1792 5210 his
1824 5163 1932 5212 verbis:

1150 5238 1282 5288 ιΒιιιιιιιι
1298 5238 1413 5299 (Diction.
1428 5238 1470 5286 dea
1487 5237 1626 5297 Anonymes
1637 5238 1667 5290 N.
1686 5240 1806 5297 iiidiii
1823 5242 1933 5290 commis

1148 5332 1198 5368 une
1215 5332 1308 5369 erreur
1325 5332 1357 5369 en
1374 5317 1489 5367 donnant
1505 5330 1606 5367 comme
1623 5321 1812 5380 raimpression
1829 5320 1865 5369 du
1887 5321 1932 5370 lto·

1086 5444 1093 5459 ,
1147 5410 1207 5446 man
1223 5398 1255 5447 de
1271 5398 1328 5460 ery
1344 5382 1436 5445 A'llard
1453 5396 1588 5459 l'ouvrage
1606 5398 1726 5447 suivant:
1745 5398 1782 5448 ba
1798 5398 1840 5448 Via
1856 5402 1880 5447 si
1901 5398 1934 5447 ier

1145 5477 1282 5526 inaniores
1304 5477 1334 5525 de
1357 5476 1449 5523 Zizimc
1468 5475 1506 5537 fils
1530 5478 1560 5525 de
1579 5477 1723 5539 Mabomet,
1746 5490 1879 5538 cmpercur
1894 5480 1934 5529 des

1147 5554 1224 5603 Turcs
1240 5566 1288 5617 per
1303 5553 1330 5604 (1.
1348 5555 1377 5604 li.
1396 5554 1429 5603 it.
1440 5557 1449 5615 l
1460 5554 1556 5606 Claude
1568 5555 1602 5605 La
1613 5556 1728 5607 Bottibre
1739 5560 1757 5619 ).
1774 5558 1847 5608 Paris
1865 5560 1932 5609 1722Ι

1147 5638 1174 5684 et
1191 5637 1277 5694 tint,
1295 5636 1320 5683 in
1338 5637 1379 5684 12.
1394 5632 1442 5683 Cet
1459 5647 1574 5698 ouvrage
1595 5636 1685 5687 diiiere
1707 5638 1883 5690 entieremenl
1900 5636 1933 5687 de

1147 5716 1217 5764 celui
1235 5714 1268 5764 dc
1286 5714 1343 5776 Gay
1360 5715 1457 5765 Allard.
1478 5737 1487 5757 ·
