4492 6859
357 630 419 694 80²

359 768 440 847 prlns
463 766 537 846 Regi
558 764 721 827 reverentia
742 766 829 838 laeta,
849 763 886 824 ad
901 781 987 825 suum
1009 764 1145 828 faldisto-

360 868 459 939 rium,
492 874 522 926 et
544 864 584 925 illi
605 864 642 924 ad
665 883 718 924 sna
740 882 880 939 scamm3
897 878 927 927 et
945 877 1078 927 cantores
1099 866 1145 926 dl-

359 974 429 1026 cunt
450 964 609 1024 secandum
631 964 773 1043 hymnum
795 983 862 1023 cum
877 984 930 1025 sun
945 985 1043 1038 versu,
1064 966 1145 1027 Veni

843 622 1130 693 rontmtcnrns
1151 625 1377 691 aauxannat
1397 625 1524 690 SEXTl.

1893 627 2000 718 (tans)

1210 783 1274 827 ram
1294 783 1330 827 en
1349 764 1525 845 genuilenit,
1545 774 1575 826 et
1595 765 1686 825 dictus
1699 781 1760 827 xri.
1783 764 1923 827 medalius
1939 767 2000 828 Le·

1209 876 1277 944 gatn
1312 866 1341 925 in
1372 882 1488 925 manum
1520 865 1652 927 dextram
1682 867 1786 939 offert,
1816 878 1849 929 et
1880 885 1999 929 manum

1210 965 1301 1044 ipsam
1321 964 1688 1046 osculatur.Cai1egatus
1710 970 1892 1048 centuplum
1912 971 2004 1029 neei-

360 1065 476 1125 Snncte
509 1064 667 1144 Spiritum·
698 1065 733 1122 ad
767 1084 852 1143 quem
879 1063 1008 1144 Legatos
1040 1067 1069 1126 in
1091 1084 1145 1126 suo
1207 1067 1276 1145 pies
1291 1075 1321 1126 et
1336 1066 1432 1127 vitam
1445 1078 1602 1128 aeternnm
1616 1069 1804 1146 possidebis.
1820 1069 1931 1147 Surgit
1944 1069 2004 1129 Rex

359 1166 530 1237 faldistorio,
552 1176 580 1226 et
594 1163 665 1236 Rex,
680 1165 816 1244 depositis
832 1185 951 1241 corona,
972 1178 1097 1247 sceptro,
1115 1179 1145 1225 et

362 1286 449 1347 poma
470 1267 499 1324 in
521 1285 573 1325 sun
595 1266 703 1337 sediali,
723 1277 751 1326 et
773 1268 893 1346 praelati
909 1267 937 1326 iu
959 1268 1056 1327 baucis
1073 1267 1144 1339 suis,

361 1384 460 1455 omnes
478 1367 595 1426 detectis
614 1367 755 1446 capitibus
776 1368 983 1447 geuullectunt.
1002 1368 1076 1447 Regi
1092 1368 1144 1426 de-

361 1471 478 1546 ponitur
511 1486 621 1528 corona
649 1487 700 1548 per
732 1470 796 1529 llnu
833 1470 1037 1542 Fridericum,
1058 1478 1086 1527 et
1107 1467 1144 1527 D.

362 1568 468 1629 Gentili
491 1569 622 1647 Virgiuin
645 1569 752 1630 Ursino
771 1570 890 1631 tenenda
906 1572 1044 1642 traditur3
1064 1571 1146 1627 simi-

361 1669 426 1729 liter
448 1682 618 1750 sceptrum,
650 1683 678 1732 ct
700 1671 763 1732 Dnu
796 1673 908 1733 loiridn
942 1672 1090 1742 traditur,
1110 1687 1145 1729 ac

361 1790 482 1849 pomum
503 1784 532 1833 et
563 1773 627 1833 Don
660 1776 787 1836 ilenrico
818 1776 1003 1853 assignatur,
1034 1784 1064 1834 et
1090 1789 1145 1830 suo

360 1884 493 1951 tempore
518 1893 570 1952 per
602 1875 736 1936 eumdem
758 1876 822 1937 Dnu
844 1876 1028 1936 Fridericum
1049 1873 1145 1933 omnia

361 1972 435 2051 Regi
456 1987 638 2053 reponuntur
650 1997 660 2049 3
682 1986 711 2037 et
743 1977 858 2054 quaudo
887 1985 931 2036 est
962 1994 1013 2055 per
1035 1973 1144 2051 Regem

358 2072 488 2135 iacienda
508 2076 691 2155 genuflexio,
713 2096 769 2138 nou
790 2079 892 2140 debent
921 2079 1003 2157 prius
1031 2095 1060 2155 p.
1092 2074 1145 2132 sibi

359 2171 461 2252 deponi
480 2177 616 2253 quoniam
634 2178 696 2239 Rex
716 2179 752 2239 sit
770 2180 846 2259 apud
866 2181 971 2241 sediale
991 2190 1019 2237 et
1041 2176 1144 2237 ibidem

358 2271 458 2335 deiude
480 2285 634 2355 autequam
669 2280 785 2340 recedat
806 2279 925 2360 reponi:
948 2279 1029 2339 linito
1057 2299 1144 2339 versu

357 2376 509 2453 praedicto
541 2390 668 2458 surgunt
689 2399 786 2442 omnes
817 2391 847 2443 et
868 2382 895 2441 in
928 2383 988 2443 suis
1008 2384 1080 2443 locis
1101 2402 1147 2444 se-

360 2474 427 2535 deut
446 2494 598 2555 quousque
618 2479 809 2559 Evangelium
831 2481 978 2562 incipitur.

401 2575 547 2639 Ducouus
562 2579 631 2641 dieii
646 2584 761 2644 Mundo
781 2596 849 2657 etc„
871 2582 999 2664 Legatus
1019 2585 1144 2664 imponit

357 2675 528 2751 incensum,
559 2680 700 2743 benedicit
721 2685 895 2748 subdiacono
914 2730 923 2760 ,
944 2698 973 2748 et
991 2688 1048 2746 alia
1071 2686 1144 2747 liunt

357 2793 439 2839 more
460 2781 558 2842 solito.

398 2877 442 2938 Ad
461 2880 655 2960 Erarrgelium
679 2884 831 2965 deponitur
864 2887 937 2969 Regi
959 2908 1088 2964 cornua,
1111 2901 1144 2949 ut

358 2996 471 3057 supra,
497 2994 612 3061 sceptro
643 2996 672 3045 et
693 3005 780 3063 pomo
802 2989 829 3047 in
851 2991 983 3050 manibus
1005 2992 1142 3052 retentis:

360 3097 420 3157 qao
431 3078 521 3153 linito,
533 3095 560 3142 et
574 3084 676 3146 Credo
691 3106 758 3147 cum
782 3088 895 3151 duobus
916 3094 975 3151 suis
997 3094 1144 3172 cappella·

358 3182 402 3240 nis
424 3178 585 3257 majoribus
603 3186 696 3260 dicto,
710 3188 791 3261 sedit,
809 3201 837 3251 et
856 3193 1005 3272 reponitur
1023 3193 1075 3252 sibi
1091 3213 1143 3253 co-

358 3301 452 3344 rona:
475 3286 510 3344 ad
533 3288 620 3348 rerba
644 3290 889 3374 incarnatusque
904 3306 971 3367 est,
993 3294 1054 3356 Rex
1075 3314 1142 3355 cum

357 3403 466 3446 corona
487 3406 538 3446 sisa
559 3389 586 3446 iu
607 3389 673 3450 sede
695 3411 724 3453 se
741 3394 870 3453 umiliter
894 3396 1018 3455 inclinat.
1102 3460 1105 3464 ,

402 3487 481 3547 lderu
494 3487 560 3547 lacit
576 3486 704 3568 Legatns
720 3493 747 3549 in
767 3492 925 3555 faldistorio
940 3514 1001 3555 suo.
1017 3495 1143 3556 Praelatl

359 3604 431 3645 reru
452 3604 550 3648 omnes
572 3589 600 3647 in
623 3592 691 3650 locis
707 3593 777 3664 suis,
793 3592 911 3654 detectis
930 3597 1070 3676 capitibus
1090 3616 1144 3675 ge·

360 3686 528 3747 uutlectunt.

401 3786 477 3847 Cum
496 3788 634 3870 Legatus,
656 3791 735 3852 finito
758 3794 877 3870 Credo,
898 3796 969 3855 dicit
990 3798 1144 3861 Dominus

362 3889 537 3962 nobiscnm,
560 3894 654 3971 surgit
675 3894 736 3955 Rex
758 3913 826 3955 cum
856 3913 984 3970 corone,
1017 3910 1046 3959 ct
1066 3900 1144 3959 ‹lictn

362 3980 491 4049 Or‘enrus
520 3990 603 4051 sedit.

401 4086 491 4151 Lecto
513 4110 565 4171 per
584 4092 728 4172 Legatum
748 4098 914 4170 offertorio,
930 4109 1064 4179 portatur
1085 4100 1143 4159 lal-

358 4186 510 4249 distnrium
534 4192 561 4251 in
583 4196 677 4256 medio
700 4198 799 4257 alteris
821 4200 850 4257 in
871 4218 930 4277 quo
950 4201 1023 4262 sedit
1046 4200 1142 4280 Lega-

357 4299 495 4352 tuscum
518 4298 602 4354 mitro
625 4308 657 4357 ut
679 4299 770 4377 prius.

400 4393 644 4476 archiepiscopus
664 4409 693 4459 et
715 4399 886 4460 Patriarcba
908 4403 1068 4463 assistentes
1088 4422 1141 4463 nc·

357 4506 479 4555 current
508 4495 581 4575 Regi
616 4517 708 4577 usque
736 4501 772 4559 ad
794 4501 902 4579 gradus
924 4503 1065 4576 thalami,
1093 4505 1141 4564 ubi

358 4595 432 4673 Regi
447 4616 516 4656 cum
533 4616 641 4659 cmnna
658 4611 687 4660 et
704 4621 788 4680 pnmo
809 4603 986 4665 descendenti
1002 4624 1142 4667 reveren·

357 4698 427 4757 tiam
449 4699 582 4775 iaciunt,
603 4711 632 4762 et
653 4703 714 4763 Rex
730 4706 797 4783 ipsis
818 4715 852 4765 ut
869 4708 971 4786 prius3
988 4720 1016 4769 et
1031 4707 1139 4787 Regem

355 4799 498 4877 usquead
513 4798 658 4881 legatum
673 4802 829 4865 deducunt.
842 4808 915 4887 Regi
930 4810 1138 4888 praetereunti,

355 4910 385 4961 et
406 4902 539 4962 redeunti
559 4916 718 4984 assurgant
733 4925 831 4969 omnes
852 4911 972 4988 praelati
995 4927 1061 4969 cum
1084 4911 1141 4970 mi-

356 5001 411 5062 tris
431 5014 460 5062 et
480 5005 673 5066 reverentiam
695 5008 827 5084 iaciunt,
848 5011 954 5091 etipse
974 5011 1014 5072 eis
1027 5021 1056 5072 ct
1071 5030 1138 5072 eum

355 5114 388 5163 ut
408 5108 493 5183 prius
512 5105 597 5184 Regii
616 5120 790 5185 sequnntur.

395 5203 541 5267 Perventn
556 5206 591 5268 nd
608 5206 752 5289 Legatum
772 5214 943 5293 competenti
963 5215 1071 5293 spacio,
1091 5215 1139 5274 vi·

353 5303 456 5367 delicet
477 5325 510 5369 x.
535 5310 579 5369 vel
600 5328 661 5372 xu.
683 5314 871 5392 palmorum,
890 5315 1044 5395 deponitur
1065 5317 1137 5397 Regi

353 5423 406 5484 per
417 5406 452 5466 [l.
467 5408 648 5472 milenum
666 5431 785 5488 cornua,
798 5424 949 5495 sceptrum
964 5428 994 5480 et
1008 5437 1138 5499 pomum,

352 5517 381 5566 et
394 5508 588 5587 assignentur3
603 5524 631 5574 et
645 5514 716 5576 datis
733 5535 784 5597 per
799 5517 931 5579 eumdem
946 5519 1010 5579 lion
1030 5520 1137 5581 Rride-

352 5612 448 5673 ricum
460 5628 521 5676 xri.
537 5614 670 5676 medaliis.
686 5618 725 5676 ad
744 5616 801 5681 bnc
814 5618 955 5682 ordinatis
969 5619 1055 5700 Regi,
1073 5620 1137 5681 Rex

352 5716 428 5779 iacta
449 5717 560 5801 Legata
581 5721 766 5796 reverentia,
785 5739 873 5803 snper
892 5723 1056 5800 eminans,
1083 5742 1135 5787 eo·

279 5937 366 6163 b

1210 1174 1240 1225 et
1261 1168 1430 1245 competenti
1450 1168 1547 1245 spacio
1567 1168 1716 1246 praedicto
1738 1170 1896 1230 reassumit
1915 1188 2005 1229 eorn-

1211 1284 1288 1340 nam,
1301 1280 1446 1345 sceptrum
1462 1279 1489 1328 et
1505 1287 1634 1347 pomum3
1648 1280 1693 1343 et,
1711 1269 1786 1330 sacta
1804 1269 1920 1349 Legata
1937 1289 2003 1330 cum

1211 1385 1320 1428 corono
1343 1370 1529 1441 reverentia,
1552 1371 1719 1432 reverenter
1741 1371 1777 1429 ad
1800 1371 1970 1431 thalamum
1989 1392 2006 1431 a

1212 1467 1323 1528 duobus
1354 1471 1412 1527 suis
1433 1469 1635 1529 desistentibus
1666 1470 1701 1530 ad
1735 1472 1848 1549 gradus
1881 1471 2005 1530 tbalami

1211 1570 1394 1642 associatur3
1410 1569 1470 1642 ubi,
1484 1571 1558 1631 lacta
1577 1583 1605 1632 et
1627 1582 1741 1652 recepta
1758 1573 1947 1644 reverentia,
1961 1573 2007 1631 di·

1212 1673 1296 1731 misso
1318 1672 1421 1749 Rege,
1452 1672 1488 1730 nd
1518 1691 1571 1731 sua
1603 1674 1665 1732 loca
1700 1685 1907 1733 revertuntur.
1944 1673 2005 1734 Res

1212 1771 1338 1831 ascendit
1361 1773 1521 1832 thalamum
1536 1783 1566 1833 et
1581 1775 1699 1847 solium,
1717 1787 1744 1835 et
1759 1774 1835 1836 sedit
1857 1793 1954 1853 usque
1972 1776 2006 1835 ad

1212 1873 1428 1951 praefationem.

1257 1972 1383 2052 Legatus
1404 1984 1467 2053 post
1489 1991 1634 2034 recessum
1657 1974 1756 2054 Regis,
1777 1976 1920 2055 depositis
1941 1974 2004 2034 cbi-

1213 2079 1349 2148 enthecis,
1361 2077 1440 2135 larat
1454 2092 1566 2147 munus,
1577 2076 1704 2136 aseendit
1720 2076 1757 2153 ad
1771 2078 1867 2137 altare
1886 2087 1917 2137 et
1934 2094 2003 2155 prn-

1211 2181 1343 2258 sequitur
1365 2176 1480 2236 llissam
1506 2194 1590 2235 more
1611 2179 1706 2237 solito.

1254 2280 1348 2358 Super
1369 2278 1511 2346 calicem,
1532 2277 1592 2337 sive
1613 2288 1770 2355 patenam,
1789 2286 1946 2355 ponuntur
1958 2295 2003 2337 sex

1212 2382 1342 2449 hostiae,
1368 2378 1500 2438 videlicet
1523 2387 1582 2439 tres
1605 2395 1726 2456 maguae
1747 2388 1777 2439 et
1799 2386 1862 2438 tres
1885 2395 2001 2456 parrae:

1210 2483 1244 2544 de
1265 2480 1371 2559 quibus
1391 2476 1588 2537 subdiaconus
1610 2478 1657 2536 dat
1680 2496 1767 2537 anam
1791 2496 1956 2556 maguam.
1976 2490 2002 2538 et

1210 2599 1296 2641 unam
1329 2597 1448 2661 parram
1482 2578 1702 2651 credentiariis,
1731 2590 1759 2638 et
1797 2579 1835 2640 de
1865 2581 2001 2659 ampullis

1212 2684 1292 2754 rlni,
1313 2693 1342 2743 et
1362 2698 1455 2759 equae
1476 2682 1504 2738 in
1528 2698 1583 2738 unu
1607 2690 1671 2739 laza
1702 2698 1758 2759 pro
1779 2680 1956 2752 credentia,
1975 2691 2001 2741 et

1211 2802 1278 2844 curn
1312 2783 1445 2861 ampullis
1477 2781 1631 2860 praedictis
1652 2790 1788 2860 portatur
1809 2792 1876 2840 taza
1899 2780 1936 2839 ad
1956 2781 2000 2840 al·

1210 2896 1272 2945 tare
1292 2883 1380 2944 etiam
1402 2902 1457 2962 pro
1477 2881 1601 2961 probra3
1625 2881 1673 2939 ubi
1694 2900 1750 2959 ego
1771 2881 1810 2939 dn
1832 2899 1924 2939 unam
1946 2880 2001 2940 bo-

1210 2988 1292 3045 stiam
1314 3001 1449 3063 magnam
1467 2994 1495 3044 et
1510 3000 1597 3042 unam
1613 3000 1735 3061 parvam
1751 2983 1935 3043 subdiacono
1949 2999 2000 3061 prn

1211 3087 1340 3166 probra,
1363 3097 1392 3145 et
1416 3085 1450 3143 de
1470 3084 1607 3162 ampullis
1630 3083 1712 3152 riui,
1733 3094 1762 3142 et
1776 3101 1872 3162 aqarae
1887 3087 1917 3142 in
1939 3095 1998 3143 tana

1210 3189 1301 3250 eidem
1317 3188 1403 3247 etiam
1423 3204 1477 3264 pun
1499 3184 1615 3263 probra.
1633 3185 1697 3243 Alie
1713 3182 1796 3255 barrit,
1808 3194 1841 3243 ut
1855 3184 1938 3244 alias.
1953 3185 2000 3242 ln-

1211 3290 1302 3350 censis
1323 3306 1376 3367 pcr
1398 3285 1539 3365 Legatum
1561 3283 1664 3343 oblatis
1686 3283 1846 3354 adultere,
1869 3286 1999 3345 iucensa-

1210 3402 1260 3476 tur
1283 3391 1412 3468 Legatas
1428 3406 1480 3467 per
1497 3387 1659 3445 Diaconum
1682 3394 1726 3444 ter
1742 3384 1797 3443 sibi
1815 3385 1998 3445 turribulum

1211 3495 1386 3553 ollercntem:
1403 3499 1465 3548 tum
1482 3505 1551 3547 curn
1568 3488 1694 3548 Diacnnn
1709 3486 1900 3545 thuribulum
1921 3485 2000 3545 dese·

1212 3604 1292 3655 rente
1313 3590 1424 3651 accedit
1442 3588 1478 3647 ad
1499 3588 1608 3666 Regem
1631 3589 1659 3646 in
1678 3587 1810 3647 thalamo
1828 3603 1900 3646 eum
1916 3587 1999 3645 mitra

1211 3694 1457 3772 Arcbiepiscopus
1471 3688 1676 3767 Neapolitanus
1687 3710 1698 3762 3
1719 3707 1780 3766 quo
1802 3688 1908 3749 ibidem
1930 3705 2001 3748 enrr-

1210 3799 1310 3857 stituto
1336 3794 1431 3872 surgit
1452 3791 1513 3851 Rex
1535 3808 1603 3851 cam
1624 3807 1756 3861 corone,
1786 3800 1816 3850 et
1844 3788 1999 3868 Arcbiepi·

1210 3916 1313 3977 scopus
1335 3894 1459 3973 deposita
1482 3892 1581 3963 mitra,
1602 3902 1717 3970 accepta
1741 3888 1908 3961 thuribulo,
1925 3889 1999 3946 sacta

1210 3999 1283 4078 Regi
1306 3995 1465 4056 reverentia
1481 4009 1549 4052 cum
1568 3992 1671 4069 capite,
1682 3999 1759 4049 stans
1772 4002 1839 4049 ante
1863 3992 1997 4050 ultimum

1210 4100 1334 4179 gradum
1353 4096 1427 4167 solii,
1442 4094 1568 4155 incensat
1583 4092 1692 4171 Regem
1707 4110 1774 4151 cum
1794 4108 1904 4151 corona
1919 4101 1999 4150 stan·

1210 4213 1289 4275 tem,
1311 4209 1356 4260 ter
1385 4198 1410 4257 ei
1440 4194 1625 4255 thuribulum
1646 4193 1762 4253 ducens.
1797 4191 1895 4264 Turn,
1922 4192 1997 4252 laeta

1209 4301 1283 4374 sibi,
1305 4311 1338 4360 ut
1359 4299 1460 4379 prins,
1484 4294 1664 4367 reverentia,
1684 4293 1781 4353 reddit
1796 4291 1997 4351 thuribulam

1210 4403 1353 4472 diacono,
1373 4407 1402 4458 et
1434 4408 1553 4475 accepta
1574 4397 1684 4464 mitra,
1716 4404 1834 4455 etcum
1867 4409 1902 4453 ea
1925 4391 1997 4470 Regi

1210 4501 1371 4565 reverentia
1392 4500 1480 4571 lacta,
1500 4498 1575 4557 redit
1590 4496 1625 4555 ad
1648 4497 1745 4556 locum
1759 4512 1856 4554 suum.
1876 4494 1997 4555 Interim

1209 4605 1353 4663 llinconns
1375 4602 1500 4660 incensat
1533 4616 1631 4659 omnes
1663 4599 1782 4675 regins,
1804 4595 1847 4654 bis
1880 4595 1998 4656 cuilibet

1209 4707 1315 4765 ducens
1338 4701 1541 4772 tbauibulum,
1564 4708 1627 4757 tum
1642 4697 1916 4776 Arcbiepiscnpum,
1937 4697 1999 4756 Aa·

1209 4806 1373 4866 tincbennm
1389 4848 1396 4874 ,
1415 4820 1449 4860 nc
1472 4819 1570 4861 ornnes
1591 4799 1661 4859 alios
1691 4800 1835 4878 praelatos
1865 4811 1998 4878 paratos,

1208 4906 1327 4966 cullibet
1347 4903 1391 4962 bis
1412 4902 1599 4962 thuribulum
1620 4901 1741 4972 ducens3
1762 4908 1828 4978 post
1850 4900 1998 4977 praelatos

1207 5004 1363 5067 incensabit
1378 5002 1530 5076 Oratores,
1545 5004 1711 5083 episcopum
1733 5000 1924 5080 Tropiensem
1940 5044 1949 5073 ,
1968 5010 1997 5060 et

1207 5108 1295 5176 alins,
1317 5105 1501 5184 cappellanus
1520 5100 1664 5179 nnjnres,
1678 5112 1707 5162 et
1721 5103 1793 5162 ulios
1812 5101 1897 5174 dasne,
1918 5102 1997 5163 Con·

1207 5210 1365 5278 sessorem,
1386 5216 1414 5267 et
1431 5205 1671 5266 Eleruosinarium
1692 5204 1721 5263 in
1742 5204 1870 5264 tbslamo
1890 5204 1995 5284 Regis,

1206 5309 1343 5382 llarnries,
1355 5307 1489 5368 Electum
1497 5305 1749 5377 lumnicensem,
1757 5304 1996 5383 prothonotarins

1205 5411 1278 5473 delle
1310 5409 1387 5489 Sega
1418 5419 1448 5467 et
1468 5407 1503 5467 de
1522 5405 1701 5467 Sermonem.
1724 5406 1760 5465 D.
1793 5405 1997 5466 Berrinrdinus

1205 5511 1409 5581 subdiaconus,
1420 5518 1449 5568 et
1462 5507 1588 5587 accolyti
1608 5506 1768 5586 Apostoliei
1788 5504 1904 5584 Legato
1924 5507 1996 5566 essi·

1205 5622 1320 5684 stentes,
1339 5608 1542 5681 subdiaconus,
1560 5608 1608 5669 alii
1625 5608 1785 5689 cappellani
1804 5608 1909 5687 togati,
1924 5625 1996 5669 scu·

1204 5714 1281 5775 tlieri
1302 5710 1426 5791 legati,
1444 5708 1656 5772 credentiarius
1666 5732 1677 5784 3
1695 5706 1818 5788 singulis
1837 5706 1886 5769 bis
1904 5704 1994 5772 semel
