<?xml version="1.0" encoding="UTF-8"?>
<!DOCTYPE html PUBLIC "-//W3C//DTD XHTML 1.0 Transitional//EN"
    "http://www.w3.org/TR/xhtml1/DTD/xhtml1-transitional.dtd">
<html xmlns="http://www.w3.org/1999/xhtml" xml:lang="en" lang="en">
 <head>
  <title>
</title>
<meta http-equiv="Content-Type" content="text/html;charset=utf-8" />
  <meta name='ocr-system' content='tesseract 3.04.00' />
  <meta name='ocr-capabilities' content='ocr_page ocr_carea ocr_par ocr_line ocrx_word'/>
</head>
<body>
  <div class='ocr_page' id='page_1' title='image "./johannisburchar01burcgoog/johannisburchar01burcgoog_0051.png"; bbox 0 0 4492 6859; ppageno 0'>
   <div class='ocr_carea' id='block_1_1' title="bbox 301 671 412 755">
    <p class='ocr_par' dir='ltr' id='par_1_1' title="bbox 301 671 412 755">
     <span class='ocr_line' id='line_1_1' title="bbox 301 671 412 755; baseline -0.009 -21"><span class='ocrx_word' id='word_1_1' title='bbox 301 671 412 755; x_wconf 79' lang='grc'><strong>44444)</strong></span> 
     </span>
    </p>
   </div>
   <div class='ocr_carea' id='block_1_2' title="bbox 298 803 1095 1286">
    <p class='ocr_par' dir='ltr' id='par_1_2' title="bbox 298 803 1094 1186">
     <span class='ocr_line' id='line_1_2' title="bbox 301 803 1094 886; baseline -0.018 -17"><span class='ocrx_word' id='word_1_2' title='bbox 301 807 407 886; x_wconf 90' lang='lat' dir='ltr'>majori</span> <span class='ocrx_word' id='word_1_3' title='bbox 421 808 450 869; x_wconf 94' lang='lat' dir='ltr'>in</span> <span class='ocrx_word' id='word_1_4' title='bbox 470 806 583 868; x_wconf 86' lang='lat' dir='ltr'>casibus</span> <span class='ocrx_word' id='word_1_5' title='bbox 598 803 739 867; x_wconf 89' lang='lat' dir='ltr'>consuetis</span> <span class='ocrx_word' id='word_1_6' title='bbox 758 815 887 882; x_wconf 89' lang='lat' dir='ltr'>tempore</span> <span class='ocrx_word' id='word_1_7' title='bbox 901 811 1016 860; x_wconf 89' lang='lat' dir='ltr'>sanctae</span> <span class='ocrx_word' id='word_1_8' title='bbox 1031 814 1094 856; x_wconf 91' lang='lat' dir='ltr'>me·</span> 
     </span>
     <span class='ocr_line' id='line_1_3' title="bbox 301 898 1094 977; baseline -0.016 -7"><span class='ocrx_word' id='word_1_9' title='bbox 301 910 410 970; x_wconf 91' lang='lat' dir='ltr'>moriae</span> <span class='ocrx_word' id='word_1_10' title='bbox 430 925 611 969; x_wconf 89' lang='lat' dir='ltr'>summorum</span> <span class='ocrx_word' id='word_1_11' title='bbox 635 905 826 977; x_wconf 84' lang='lat' dir='ltr'>Pontificum,</span> <span class='ocrx_word' id='word_1_12' title='bbox 845 902 954 963; x_wconf 83' lang='grc'><strong>14444144</strong></span> <span class='ocrx_word' id='word_1_13' title='bbox 976 898 1094 971; x_wconf 82' lang='lat' dir='ltr'>Quinti,</span> 
     </span>
     <span class='ocr_line' id='line_1_4' title="bbox 300 1000 1094 1080; baseline -0.009 -11"><span class='ocrx_word' id='word_1_14' title='bbox 300 1020 329 1068; x_wconf 90' lang='lat' dir='ltr'>et</span> <span class='ocrx_word' id='word_1_15' title='bbox 347 1008 449 1069; x_wconf 85' lang='lat' dir='ltr'>Calixti</span> <span class='ocrx_word' id='word_1_16' title='bbox 472 1005 575 1080; x_wconf 87' lang='lat' dir='ltr'>Tertii,</span> <span class='ocrx_word' id='word_1_17' title='bbox 595 1025 630 1067; x_wconf 89' lang='lat' dir='ltr'>aa</span> <span class='ocrx_word' id='word_1_18' title='bbox 652 1005 707 1079; x_wconf 86' lang='lat' dir='ltr'>Pii,</span> <span class='ocrx_word' id='word_1_19' title='bbox 722 1004 820 1075; x_wconf 77' lang='lat' dir='ltr'>raeti,</span> <span class='ocrx_word' id='word_1_20' title='bbox 839 1012 867 1064; x_wconf 88' lang='lat' dir='ltr'>et</span> <span class='ocrx_word' id='word_1_21' title='bbox 883 1001 955 1063; x_wconf 87' lang='lat' dir='ltr'>Sixti</span> <span class='ocrx_word' id='word_1_22' title='bbox 972 1000 1094 1080; x_wconf 88' lang='lat' dir='ltr'>praede·</span> 
     </span>
     <span class='ocr_line' id='line_1_5' title="bbox 298 1106 850 1186; baseline -0.005 -19"><span class='ocrx_word' id='word_1_23' title='bbox 298 1126 447 1168; x_wconf 84' lang='lat' dir='ltr'>cessurum</span> <span class='ocrx_word' id='word_1_24' title='bbox 474 1124 607 1167; x_wconf 90' lang='lat' dir='ltr'>meorum</span> <span class='ocrx_word' id='word_1_25' title='bbox 626 1106 850 1186; x_wconf 88' lang='lat' dir='ltr'>praedictorum.</span> 
     </span>
    </p>

    <p class='ocr_par' dir='ltr' id='par_1_3' title="bbox 341 1201 1095 1286">
     <span class='ocr_line' id='line_1_6' title="bbox 341 1201 1095 1286; baseline -0.004 -20"><span class='ocrx_word' id='word_1_26' title='bbox 341 1208 510 1279; x_wconf 88' lang='lat' dir='ltr'>Praeterea,</span> <span class='ocrx_word' id='word_1_27' title='bbox 531 1222 600 1266; x_wconf 89' lang='lat' dir='ltr'>cum</span> <span class='ocrx_word' id='word_1_28' title='bbox 621 1205 817 1286; x_wconf 88' lang='lat' dir='ltr'>periculosam</span> <span class='ocrx_word' id='word_1_29' title='bbox 833 1204 879 1275; x_wconf 93' lang='lat' dir='ltr'>sit,</span> <span class='ocrx_word' id='word_1_30' title='bbox 902 1201 980 1280; x_wconf 93' lang='lat' dir='ltr'>qnod</span> <span class='ocrx_word' id='word_1_31' title='bbox 1002 1201 1019 1260; x_wconf 93' lang='lat' dir='ltr'>ii</span> <span class='ocrx_word' id='word_1_32' title='bbox 1042 1204 1095 1281; x_wconf 93' lang='lat' dir='ltr'>qui</span> 
     </span>
    </p>
   </div>
   <div class='ocr_carea' id='block_1_3' title="bbox 298 1302 1118 1383">
    <p class='ocr_par' dir='ltr' id='par_1_4' title="bbox 298 1302 1118 1383">
     <span class='ocr_line' id='line_1_7' title="bbox 298 1302 1118 1383; baseline -0.005 -15"><span class='ocrx_word' id='word_1_33' title='bbox 298 1326 415 1368; x_wconf 91' lang='lat' dir='ltr'>summo</span> <span class='ocrx_word' id='word_1_34' title='bbox 440 1305 571 1366; x_wconf 84' lang='lat' dir='ltr'>Pontifici</span> <span class='ocrx_word' id='word_1_35' title='bbox 590 1306 619 1365; x_wconf 94' lang='lat' dir='ltr'>in</span> <span class='ocrx_word' id='word_1_36' title='bbox 644 1307 810 1367; x_wconf 74' lang='lat' dir='ltr'>executione</span> <span class='ocrx_word' id='word_1_37' title='bbox 835 1303 987 1383; x_wconf 87' lang='lat' dir='ltr'>pastoralis</span> <span class='ocrx_word' id='word_1_38' title='bbox 1007 1302 1118 1364; x_wconf 85' lang='lat' dir='ltr'>officii</span> 
     </span>
    </p>
   </div>
   <div class='ocr_carea' id='block_1_4' title="bbox 293 1401 1092 2579">
    <p class='ocr_par' dir='ltr' id='par_1_5' title="bbox 293 1401 1092 2579">
     <span class='ocr_line' id='line_1_8' title="bbox 297 1401 1092 1484; baseline -0.005 -19"><span class='ocrx_word' id='word_1_39' title='bbox 297 1406 467 1484; x_wconf 86' lang='grc'><strong>1444444444</strong></span> <span class='ocrx_word' id='word_1_40' title='bbox 486 1408 630 1478; x_wconf 88' lang='lat' dir='ltr'>assistunt,</span> <span class='ocrx_word' id='word_1_41' title='bbox 645 1406 742 1481; x_wconf 90' lang='lat' dir='ltr'>aliquo</span> <span class='ocrx_word' id='word_1_42' title='bbox 760 1421 828 1464; x_wconf 88' lang='lat' dir='ltr'>casu</span> <span class='ocrx_word' id='word_1_43' title='bbox 847 1401 1092 1462; x_wconf 89' lang='lat' dir='ltr'>excomunicatio-</span> 
     </span>
     <span class='ocr_line' id='line_1_9' title="bbox 296 1500 1092 1583; baseline -0.006 -17"><span class='ocrx_word' id='word_1_44' title='bbox 296 1508 353 1575; x_wconf 88' lang='lat' dir='ltr'>nis,</span> <span class='ocrx_word' id='word_1_45' title='bbox 372 1505 527 1579; x_wconf 70' lang='lat' dir='ltr'>interdicti,</span> <span class='ocrx_word' id='word_1_46' title='bbox 542 1505 587 1565; x_wconf 90' lang='grc'>444</span> <span class='ocrx_word' id='word_1_47' title='bbox 602 1504 792 1583; x_wconf 81' lang='lat' dir='ltr'>suspensionis</span> <span class='ocrx_word' id='word_1_48' title='bbox 807 1504 975 1564; x_wconf 90' lang='lat' dir='ltr'>seutentiam</span> <span class='ocrx_word' id='word_1_49' title='bbox 990 1500 1092 1562; x_wconf 89' lang='lat' dir='ltr'>incur·</span> 
     </span>
     <span class='ocr_line' id='line_1_10' title="bbox 298 1602 1092 1682; baseline -0.003 -17"><span class='ocrx_word' id='word_1_50' title='bbox 298 1617 379 1678; x_wconf 91' lang='grc'><strong>4444,</strong></span> <span class='ocrx_word' id='word_1_51' title='bbox 394 1615 501 1677; x_wconf 88' lang='lat' dir='ltr'>statuo,</span> <span class='ocrx_word' id='word_1_52' title='bbox 512 1603 635 1665; x_wconf 90' lang='lat' dir='ltr'>decerno</span> <span class='ocrx_word' id='word_1_53' title='bbox 649 1614 679 1663; x_wconf 91' lang='lat' dir='ltr'>et</span> <span class='ocrx_word' id='word_1_54' title='bbox 697 1602 815 1663; x_wconf 90' lang='lat' dir='ltr'>declaro</span> <span class='ocrx_word' id='word_1_55' title='bbox 833 1602 911 1682; x_wconf 93' lang='lat' dir='ltr'>quod</span> <span class='ocrx_word' id='word_1_56' title='bbox 925 1602 1092 1663; x_wconf 79' lang='lat' dir='ltr'>Cardinales</span> 
     </span>
     <span class='ocr_line' id='line_1_11' title="bbox 297 1703 1092 1783; baseline -0.001 -19"><span class='ocrx_word' id='word_1_57' title='bbox 297 1704 433 1783; x_wconf 88' lang='lat' dir='ltr'>praelati,</span> <span class='ocrx_word' id='word_1_58' title='bbox 445 1707 497 1764; x_wconf 91' lang='lat' dir='ltr'>etsi</span> <span class='ocrx_word' id='word_1_59' title='bbox 520 1703 666 1782; x_wconf 87' lang='lat' dir='ltr'>continget</span> <span class='ocrx_word' id='word_1_60' title='bbox 683 1722 731 1763; x_wconf 90' lang='lat' dir='ltr'>eos</span> <span class='ocrx_word' id='word_1_61' title='bbox 746 1703 892 1781; x_wconf 72' lang='lat' dir='ltr'>aliquibus</span> <span class='ocrx_word' id='word_1_62' title='bbox 907 1703 1092 1764; x_wconf 89' lang='lat' dir='ltr'>constitutio-</span> 
     </span>
     <span class='ocr_line' id='line_1_12' title="bbox 297 1801 1090 1882; baseline 0.003 -19"><span class='ocrx_word' id='word_1_63' title='bbox 297 1803 393 1875; x_wconf 92' lang='lat' dir='ltr'>nibus,</span> <span class='ocrx_word' id='word_1_64' title='bbox 413 1801 655 1874; x_wconf 76' lang='lat' dir='ltr'>ordinationibus,</span> <span class='ocrx_word' id='word_1_65' title='bbox 670 1802 826 1875; x_wconf 82' lang='lat' dir='ltr'>sententiis,</span> <span class='ocrx_word' id='word_1_66' title='bbox 845 1802 1019 1882; x_wconf 88' lang='lat' dir='ltr'>praeceptis,</span> <span class='ocrx_word' id='word_1_67' title='bbox 1038 1816 1090 1865; x_wconf 88' lang='lat' dir='ltr'>aut</span> 
     </span>
     <span class='ocr_line' id='line_1_13' title="bbox 296 1902 1092 1982; baseline 0.004 -21"><span class='ocrx_word' id='word_1_68' title='bbox 296 1903 451 1975; x_wconf 86' lang='lat' dir='ltr'>mandatis,</span> <span class='ocrx_word' id='word_1_69' title='bbox 467 1919 569 1979; x_wconf 92' lang='lat' dir='ltr'>qnaea</span> <span class='ocrx_word' id='word_1_70' title='bbox 585 1902 853 1982; x_wconf 79' lang='lat' dir='ltr'>praedecessoribus</span> <span class='ocrx_word' id='word_1_71' title='bbox 867 1902 937 1963; x_wconf 89' lang='lat' dir='ltr'>meis</span> <span class='ocrx_word' id='word_1_72' title='bbox 954 1902 1092 1964; x_wconf 86' lang='lat' dir='ltr'>hactenus</span> 
     </span>
     <span class='ocr_line' id='line_1_14' title="bbox 294 2002 1091 2074; baseline -0.003 -9"><span class='ocrx_word' id='word_1_73' title='bbox 294 2012 485 2074; x_wconf 78' lang='lat' dir='ltr'>emanassent,</span> <span class='ocrx_word' id='word_1_74' title='bbox 502 2013 587 2061; x_wconf 92' lang='lat' dir='ltr'>anta</span> <span class='ocrx_word' id='word_1_75' title='bbox 609 2021 655 2063; x_wconf 89' lang='lat' dir='ltr'>mc</span> <span class='ocrx_word' id='word_1_76' title='bbox 675 2002 702 2060; x_wconf 94' lang='lat' dir='ltr'>in</span> <span class='ocrx_word' id='word_1_77' title='bbox 727 2002 861 2062; x_wconf 85' lang='lat' dir='ltr'>laturam</span> <span class='ocrx_word' id='word_1_78' title='bbox 877 2015 1045 2065; x_wconf 89' lang='lat' dir='ltr'>emanarent</span> <span class='ocrx_word' id='word_1_79' title='bbox 1063 2003 1091 2063; x_wconf 94' lang='lat' dir='ltr'>in</span> 
     </span>
     <span class='ocr_line' id='line_1_15' title="bbox 294 2102 1090 2182; baseline 0 -18"><span class='ocrx_word' id='word_1_80' title='bbox 294 2121 414 2181; x_wconf 84' lang='lat' dir='ltr'>genere,</span> <span class='ocrx_word' id='word_1_81' title='bbox 429 2103 472 2164; x_wconf 87' lang='lat' dir='ltr'>rel</span> <span class='ocrx_word' id='word_1_82' title='bbox 491 2103 519 2162; x_wconf 94' lang='lat' dir='ltr'>iu</span> <span class='ocrx_word' id='word_1_83' title='bbox 534 2103 641 2181; x_wconf 91' lang='lat' dir='ltr'>specie,</span> <span class='ocrx_word' id='word_1_84' title='bbox 655 2105 684 2162; x_wconf 92' lang='grc'>44</span> <span class='ocrx_word' id='word_1_85' title='bbox 696 2102 800 2180; x_wconf 90' lang='lat' dir='ltr'>quibus</span> <span class='ocrx_word' id='word_1_86' title='bbox 811 2104 898 2165; x_wconf 89' lang='lat' dir='ltr'>etiam</span> <span class='ocrx_word' id='word_1_87' title='bbox 913 2102 948 2163; x_wconf 91' lang='lat' dir='ltr'>de</span> <span class='ocrx_word' id='word_1_88' title='bbox 959 2102 1090 2182; x_wconf 90' lang='lat' dir='ltr'>ipsorum</span> 
     </span>
     <span class='ocr_line' id='line_1_16' title="bbox 293 2200 1091 2282; baseline -0.003 -18"><span class='ocrx_word' id='word_1_89' title='bbox 293 2202 493 2264; x_wconf 85' lang='lat' dir='ltr'>Cardinalium</span> <span class='ocrx_word' id='word_1_90' title='bbox 508 2202 637 2280; x_wconf 92' lang='lat' dir='ltr'>personis</span> <span class='ocrx_word' id='word_1_91' title='bbox 654 2221 785 2282; x_wconf 90' lang='lat' dir='ltr'>expressa</span> <span class='ocrx_word' id='word_1_92' title='bbox 807 2201 915 2264; x_wconf 90' lang='lat' dir='ltr'>mentio</span> <span class='ocrx_word' id='word_1_93' title='bbox 930 2200 1023 2276; x_wconf 84' lang='lat' dir='ltr'>fieret,</span> <span class='ocrx_word' id='word_1_94' title='bbox 1042 2204 1091 2262; x_wconf 93' lang='lat' dir='ltr'>di-</span> 
     </span>
     <span class='ocr_line' id='line_1_17' title="bbox 297 2301 1090 2384; baseline 0.004 -22"><span class='ocrx_word' id='word_1_95' title='bbox 297 2313 388 2374; x_wconf 85' lang='lat' dir='ltr'>recte,</span> <span class='ocrx_word' id='word_1_96' title='bbox 413 2302 460 2364; x_wconf 86' lang='grc'>441</span> <span class='ocrx_word' id='word_1_97' title='bbox 488 2301 637 2375; x_wconf 86' lang='lat' dir='ltr'>indirecte,</span> <span class='ocrx_word' id='word_1_98' title='bbox 656 2304 741 2363; x_wconf 91' lang='lat' dir='ltr'>tacite</span> <span class='ocrx_word' id='word_1_99' title='bbox 768 2305 812 2365; x_wconf 87' lang='grc'>444</span> <span class='ocrx_word' id='word_1_100' title='bbox 834 2323 976 2384; x_wconf 85' lang='lat' dir='ltr'>expresse,</span> <span class='ocrx_word' id='word_1_101' title='bbox 995 2305 1090 2383; x_wconf 92' lang='lat' dir='ltr'>palam</span> 
     </span>
     <span class='ocr_line' id='line_1_18' title="bbox 295 2400 1091 2482; baseline 0.009 -20"><span class='ocrx_word' id='word_1_102' title='bbox 295 2402 343 2462; x_wconf 88' lang='grc'>444</span> <span class='ocrx_word' id='word_1_103' title='bbox 355 2401 485 2472; x_wconf 84' lang='lat' dir='ltr'>occulte,</span> <span class='ocrx_word' id='word_1_104' title='bbox 495 2400 530 2461; x_wconf 93' lang='lat' dir='ltr'>de</span> <span class='ocrx_word' id='word_1_105' title='bbox 540 2413 637 2463; x_wconf 87' lang='lat' dir='ltr'>cetero</span> <span class='ocrx_word' id='word_1_106' title='bbox 651 2403 864 2481; x_wconf 83' lang='lat' dir='ltr'>quomodolibet</span> <span class='ocrx_word' id='word_1_107' title='bbox 880 2408 1091 2482; x_wconf 81' lang='lat' dir='ltr'>contravenire,</span> 
     </span>
     <span class='ocr_line' id='line_1_19' title="bbox 294 2502 1090 2579; baseline 0.011 -19"><span class='ocrx_word' id='word_1_108' title='bbox 294 2517 443 2572; x_wconf 89' lang='lat' dir='ltr'>censuras,</span> <span class='ocrx_word' id='word_1_109' title='bbox 454 2509 482 2560; x_wconf 90' lang='lat' dir='ltr'>et</span> <span class='ocrx_word' id='word_1_110' title='bbox 497 2518 602 2579; x_wconf 89' lang='lat' dir='ltr'>poenas</span> <span class='ocrx_word' id='word_1_111' title='bbox 613 2502 830 2577; x_wconf 85' lang='lat' dir='ltr'>ecclesiasticas,</span> <span class='ocrx_word' id='word_1_112' title='bbox 845 2516 897 2565; x_wconf 90' lang='grc'>444</span> <span class='ocrx_word' id='word_1_113' title='bbox 912 2506 968 2566; x_wconf 90' lang='grc'><strong>4144</strong></span> <span class='ocrx_word' id='word_1_114' title='bbox 980 2508 1008 2566; x_wconf 89' lang='grc'>44</span> <span class='ocrx_word' id='word_1_115' title='bbox 1023 2510 1090 2569; x_wconf 88' lang='lat' dir='ltr'>talia</span> 
     </span>
    </p>
   </div>
   <div class='ocr_carea' id='block_1_5' title="bbox 294 2599 1099 2677">
    <p class='ocr_par' dir='ltr' id='par_1_6' title="bbox 294 2599 1099 2677">
     <span class='ocr_line' id='line_1_20' title="bbox 294 2599 1099 2677; baseline 0.012 -18"><span class='ocrx_word' id='word_1_116' title='bbox 294 2600 431 2660; x_wconf 82' lang='lat' dir='ltr'>iacientes</span> <span class='ocrx_word' id='word_1_117' title='bbox 448 2600 476 2659; x_wconf 94' lang='lat' dir='ltr'>in</span> <span class='ocrx_word' id='word_1_118' title='bbox 492 2600 596 2661; x_wconf 88' lang='lat' dir='ltr'>eisdem</span> <span class='ocrx_word' id='word_1_119' title='bbox 613 2604 871 2677; x_wconf 78' lang='lat' dir='ltr'>constitutionibus,</span> <span class='ocrx_word' id='word_1_120' title='bbox 884 2615 913 2666; x_wconf 91' lang='lat' dir='ltr'>et</span> <span class='ocrx_word' id='word_1_121' title='bbox 929 2599 1099 2670; x_wconf 56' lang='lat' dir='ltr'>ordinatio?</span> 
     </span>
    </p>
   </div>
   <div class='ocr_carea' id='block_1_6' title="bbox 291 2699 1091 5208">
    <p class='ocr_par' dir='ltr' id='par_1_7' title="bbox 293 2699 1091 3789">
     <span class='ocr_line' id='line_1_21' title="bbox 295 2699 1090 2783; baseline 0.01 -22"><span class='ocrx_word' id='word_1_122' title='bbox 295 2699 393 2773; x_wconf 90' lang='lat' dir='ltr'>nibus,</span> <span class='ocrx_word' id='word_1_123' title='bbox 414 2700 571 2773; x_wconf 90' lang='lat' dir='ltr'>sententiis,</span> <span class='ocrx_word' id='word_1_124' title='bbox 596 2703 765 2783; x_wconf 86' lang='lat' dir='ltr'>praeceptis,</span> <span class='ocrx_word' id='word_1_125' title='bbox 785 2717 815 2765; x_wconf 91' lang='lat' dir='ltr'>et</span> <span class='ocrx_word' id='word_1_126' title='bbox 836 2705 975 2767; x_wconf 88' lang='lat' dir='ltr'>mandatis</span> <span class='ocrx_word' id='word_1_127' title='bbox 993 2709 1090 2770; x_wconf 90' lang='lat' dir='ltr'>lorsau</span> 
     </span>
     <span class='ocr_line' id='line_1_22' title="bbox 294 2798 1090 2887; baseline 0.018 -29"><span class='ocrx_word' id='word_1_128' title='bbox 294 2798 453 2860; x_wconf 79' lang='lat' dir='ltr'>fulminatis</span> <span class='ocrx_word' id='word_1_129' title='bbox 477 2800 562 2861; x_wconf 90' lang='lat' dir='ltr'>etiam</span> <span class='ocrx_word' id='word_1_130' title='bbox 586 2820 638 2881; x_wconf 90' lang='lat' dir='ltr'>per</span> <span class='ocrx_word' id='word_1_131' title='bbox 667 2803 774 2878; x_wconf 86' lang='lat' dir='ltr'>literas,</span> <span class='ocrx_word' id='word_1_132' title='bbox 800 2824 875 2883; x_wconf 90' lang='lat' dir='ltr'>quae</span> <span class='ocrx_word' id='word_1_133' title='bbox 901 2807 1039 2887; x_wconf 80' lang='lat' dir='ltr'>leguntur</span> <span class='ocrx_word' id='word_1_134' title='bbox 1062 2812 1090 2873; x_wconf 93' lang='lat' dir='ltr'>in</span> 
     </span>
     <span class='ocr_line' id='line_1_23' title="bbox 297 2896 1091 2981; baseline 0.016 -21"><span class='ocrx_word' id='word_1_135' title='bbox 297 2898 404 2961; x_wconf 80' lang='lat' dir='ltr'>Coena</span> <span class='ocrx_word' id='word_1_136' title='bbox 419 2898 561 2973; x_wconf 84' lang='lat' dir='ltr'>Domini,</span> <span class='ocrx_word' id='word_1_137' title='bbox 575 2896 692 2963; x_wconf 91' lang='lat' dir='ltr'>minime</span> <span class='ocrx_word' id='word_1_138' title='bbox 708 2903 871 2978; x_wconf 87' lang='lat' dir='ltr'>incurrant,</span> <span class='ocrx_word' id='word_1_139' title='bbox 882 2907 933 2966; x_wconf 91' lang='lat' dir='ltr'>nisi</span> <span class='ocrx_word' id='word_1_140' title='bbox 945 2908 1052 2981; x_wconf 90' lang='lat' dir='ltr'>solnm,</span> <span class='ocrx_word' id='word_1_141' title='bbox 1062 2924 1091 2973; x_wconf 92' lang='lat' dir='ltr'>et</span> 
     </span>
     <span class='ocr_line' id='line_1_24' title="bbox 293 2998 1090 3081; baseline 0.018 -24"><span class='ocrx_word' id='word_1_142' title='bbox 293 2999 444 3059; x_wconf 80' lang='lat' dir='ltr'>dumtaxat</span> <span class='ocrx_word' id='word_1_143' title='bbox 466 2998 493 3057; x_wconf 91' lang='grc'>44</span> <span class='ocrx_word' id='word_1_144' title='bbox 520 2999 623 3078; x_wconf 88' lang='lat' dir='ltr'>quibus</span> <span class='ocrx_word' id='word_1_145' title='bbox 644 3020 700 3080; x_wconf 93' lang='lat' dir='ltr'>pro</span> <span class='ocrx_word' id='word_1_146' title='bbox 725 3001 892 3081; x_wconf 88' lang='lat' dir='ltr'>hujusmodi</span> <span class='ocrx_word' id='word_1_147' title='bbox 912 3019 1090 3071; x_wconf 78' lang='lat' dir='ltr'>contr-aren·</span> 
     </span>
     <span class='ocr_line' id='line_1_25' title="bbox 294 3089 1090 3186; baseline 0.014 -26"><span class='ocrx_word' id='word_1_148' title='bbox 294 3100 372 3160; x_wconf 90' lang='lat' dir='ltr'>tione</span> <span class='ocrx_word' id='word_1_149' title='bbox 393 3109 423 3161; x_wconf 90' lang='lat' dir='ltr'>et</span> <span class='ocrx_word' id='word_1_150' title='bbox 443 3117 477 3161; x_wconf 88' lang='lat' dir='ltr'>ex</span> <span class='ocrx_word' id='word_1_151' title='bbox 498 3099 596 3179; x_wconf 89' lang='grc'><strong>411444</strong></span> <span class='ocrx_word' id='word_1_152' title='bbox 614 3089 812 3165; x_wconf 86' lang='lat' dir='ltr'>cotrstitutione</span> <span class='ocrx_word' id='word_1_153' title='bbox 829 3106 857 3165; x_wconf 89' lang='grc'>44</span> <span class='ocrx_word' id='word_1_154' title='bbox 878 3124 1002 3186; x_wconf 89' lang='lat' dir='ltr'>corpore</span> <span class='ocrx_word' id='word_1_155' title='bbox 1013 3106 1090 3186; x_wconf 85' lang='lat' dir='ltr'>juris</span> 
     </span>
     <span class='ocr_line' id='line_1_26' title="bbox 295 3200 1088 3285; baseline 0.015 -25"><span class='ocrx_word' id='word_1_156' title='bbox 295 3200 396 3261; x_wconf 91' lang='lat' dir='ltr'>clausa</span> <span class='ocrx_word' id='word_1_157' title='bbox 418 3211 583 3275; x_wconf 87' lang='lat' dir='ltr'>constaret,</span> <span class='ocrx_word' id='word_1_158' title='bbox 610 3203 687 3281; x_wconf 94' lang='lat' dir='ltr'>qnod</span> <span class='ocrx_word' id='word_1_159' title='bbox 715 3205 778 3264; x_wconf 90' lang='lat' dir='ltr'>talis</span> <span class='ocrx_word' id='word_1_160' title='bbox 804 3224 895 3285; x_wconf 92' lang='lat' dir='ltr'>poena</span> <span class='ocrx_word' id='word_1_161' title='bbox 921 3208 948 3266; x_wconf 92' lang='grc'>14</span> <span class='ocrx_word' id='word_1_162' title='bbox 974 3208 1088 3272; x_wconf 83' lang='grc'><strong>44441444</strong></span> 
     </span>
     <span class='ocr_line' id='line_1_27' title="bbox 296 3298 1090 3382; baseline 0.01 -21"><span class='ocrx_word' id='word_1_163' title='bbox 296 3298 467 3362; x_wconf 86' lang='lat' dir='ltr'>Cardiuales</span> <span class='ocrx_word' id='word_1_164' title='bbox 482 3301 643 3381; x_wconf 85' lang='lat' dir='ltr'>specialiter</span> <span class='ocrx_word' id='word_1_165' title='bbox 655 3304 691 3362; x_wconf 88' lang='lat' dir='ltr'>sit</span> <span class='ocrx_word' id='word_1_166' title='bbox 705 3302 822 3377; x_wconf 82' lang='lat' dir='ltr'>indicta,</span> <span class='ocrx_word' id='word_1_167' title='bbox 837 3317 865 3367; x_wconf 90' lang='lat' dir='ltr'>et</span> <span class='ocrx_word' id='word_1_168' title='bbox 880 3324 936 3373; x_wconf 89' lang='lat' dir='ltr'>nan</span> <span class='ocrx_word' id='word_1_169' title='bbox 947 3309 1027 3382; x_wconf 88' lang='lat' dir='ltr'>alins,</span> <span class='ocrx_word' id='word_1_170' title='bbox 1038 3328 1090 3372; x_wconf 90' lang='lat' dir='ltr'>nec</span> 
     </span>
     <span class='ocr_line' id='line_1_28' title="bbox 297 3401 1090 3484; baseline 0.014 -25"><span class='ocrx_word' id='word_1_171' title='bbox 297 3402 357 3461; x_wconf 94' lang='lat' dir='ltr'>alio</span> <span class='ocrx_word' id='word_1_172' title='bbox 379 3401 480 3461; x_wconf 85' lang='lat' dir='ltr'>modo:</span> <span class='ocrx_word' id='word_1_173' title='bbox 501 3412 530 3462; x_wconf 90' lang='lat' dir='ltr'>et</span> <span class='ocrx_word' id='word_1_174' title='bbox 552 3417 609 3461; x_wconf 94' lang='lat' dir='ltr'>non</span> <span class='ocrx_word' id='word_1_175' title='bbox 632 3401 791 3464; x_wconf 90' lang='lat' dir='ltr'>lulminobo</span> <span class='ocrx_word' id='word_1_176' title='bbox 817 3406 929 3484; x_wconf 88' lang='lat' dir='ltr'>aliquas</span> <span class='ocrx_word' id='word_1_177' title='bbox 956 3426 1090 3470; x_wconf 87' lang='lat' dir='ltr'>censuras</span> 
     </span>
     <span class='ocr_line' id='line_1_29' title="bbox 296 3499 1090 3581; baseline 0.015 -23"><span class='ocrx_word' id='word_1_178' title='bbox 296 3499 437 3561; x_wconf 87' lang='lat' dir='ltr'>adversus</span> <span class='ocrx_word' id='word_1_179' title='bbox 458 3502 601 3580; x_wconf 89' lang='lat' dir='ltr'>aliquem,</span> <span class='ocrx_word' id='word_1_180' title='bbox 627 3502 672 3563; x_wconf 89' lang='grc'>444</span> <span class='ocrx_word' id='word_1_181' title='bbox 693 3503 806 3581; x_wconf 74' lang='lat' dir='ltr'>aliquos</span> <span class='ocrx_word' id='word_1_182' title='bbox 826 3505 1016 3580; x_wconf 77' lang='lat' dir='ltr'>cardinales,</span> <span class='ocrx_word' id='word_1_183' title='bbox 1037 3512 1090 3570; x_wconf 84' lang='lat' dir='ltr'>nisi</span> 
     </span>
     <span class='ocr_line' id='line_1_30' title="bbox 298 3599 1090 3682; baseline 0.018 -24"><span class='ocrx_word' id='word_1_184' title='bbox 298 3599 335 3663; x_wconf 92' lang='lat' dir='ltr'>de</span> <span class='ocrx_word' id='word_1_185' title='bbox 350 3619 488 3661; x_wconf 86' lang='lat' dir='ltr'>consensu</span> <span class='ocrx_word' id='word_1_186' title='bbox 503 3601 629 3661; x_wconf 91' lang='lat' dir='ltr'>dunrnm</span> <span class='ocrx_word' id='word_1_187' title='bbox 646 3604 772 3682; x_wconf 88' lang='lat' dir='ltr'>partium</span> <span class='ocrx_word' id='word_1_188' title='bbox 788 3606 968 3681; x_wconf 90' lang='lat' dir='ltr'>eorumdem,</span> <span class='ocrx_word' id='word_1_189' title='bbox 979 3620 1007 3670; x_wconf 92' lang='lat' dir='ltr'>et</span> <span class='ocrx_word' id='word_1_190' title='bbox 1022 3621 1090 3672; x_wconf 91' lang='lat' dir='ltr'>tnnc</span> 
     </span>
     <span class='ocr_line' id='line_1_31' title="bbox 295 3701 953 3789; baseline 0.012 -29"><span class='ocrx_word' id='word_1_191' title='bbox 295 3711 407 3761; x_wconf 92' lang='lat' dir='ltr'>tantum</span> <span class='ocrx_word' id='word_1_192' title='bbox 428 3702 455 3760; x_wconf 93' lang='lat' dir='ltr'>in</span> <span class='ocrx_word' id='word_1_193' title='bbox 470 3701 581 3761; x_wconf 88' lang='lat' dir='ltr'>casibus</span> <span class='ocrx_word' id='word_1_194' title='bbox 600 3707 743 3782; x_wconf 81' lang='lat' dir='ltr'>expressis</span> <span class='ocrx_word' id='word_1_195' title='bbox 761 3703 874 3782; x_wconf 82' lang='lat' dir='ltr'>injure</span> <span class='ocrx_word' id='word_1_196' title='bbox 899 3704 953 3789; x_wconf 86' lang='lat' dir='ltr'>(l).</span> 
     </span>
    </p>

    <p class='ocr_par' dir='ltr' id='par_1_8' title="bbox 291 3798 1091 5208">
     <span class='ocr_line' id='line_1_32' title="bbox 339 3798 1090 3889; baseline 0.013 -30"><span class='ocrx_word' id='word_1_197' title='bbox 339 3802 421 3874; x_wconf 92' lang='lat' dir='ltr'>ltem,</span> <span class='ocrx_word' id='word_1_198' title='bbox 439 3817 506 3861; x_wconf 90' lang='lat' dir='ltr'>cum</span> <span class='ocrx_word' id='word_1_199' title='bbox 522 3798 602 3877; x_wconf 86' lang='lat' dir='ltr'>juri,</span> <span class='ocrx_word' id='word_1_200' title='bbox 624 3814 652 3863; x_wconf 92' lang='lat' dir='ltr'>et</span> <span class='ocrx_word' id='word_1_201' title='bbox 673 3807 809 3882; x_wconf 90' lang='lat' dir='ltr'>aequitati</span> <span class='ocrx_word' id='word_1_202' title='bbox 832 3811 993 3882; x_wconf 84' lang='lat' dir='ltr'>conveniat,</span> <span class='ocrx_word' id='word_1_203' title='bbox 1012 3810 1090 3889; x_wconf 92' lang='lat' dir='ltr'>qnod</span> 
     </span>
     <span class='ocr_line' id='line_1_33' title="bbox 297 3899 1090 3989; baseline 0.011 -29"><span class='ocrx_word' id='word_1_204' title='bbox 297 3901 360 3960; x_wconf 93' lang='lat' dir='ltr'>illis</span> <span class='ocrx_word' id='word_1_205' title='bbox 376 3900 427 3979; x_wconf 94' lang='lat' dir='ltr'>qui</span> <span class='ocrx_word' id='word_1_206' title='bbox 445 3899 481 3960; x_wconf 87' lang='lat' dir='ltr'>R.</span> <span class='ocrx_word' id='word_1_207' title='bbox 494 3900 640 3962; x_wconf 85' lang='lat' dir='ltr'>Ecclesiae</span> <span class='ocrx_word' id='word_1_208' title='bbox 651 3903 679 3962; x_wconf 93' lang='lat' dir='ltr'>in</span> <span class='ocrx_word' id='word_1_209' title='bbox 691 3905 749 3963; x_wconf 90' lang='lat' dir='ltr'>suis</span> <span class='ocrx_word' id='word_1_210' title='bbox 761 3908 973 3968; x_wconf 87' lang='lat' dir='ltr'>necessitatibus</span> <span class='ocrx_word' id='word_1_211' title='bbox 988 3928 1090 3989; x_wconf 91' lang='lat' dir='ltr'>prom·</span> 
     </span>
     <span class='ocr_line' id='line_1_34' title="bbox 299 4001 1090 4083; baseline 0.011 -21"><span class='ocrx_word' id='word_1_212' title='bbox 299 4013 347 4081; x_wconf 92' lang='grc'>444</span> <span class='ocrx_word' id='word_1_213' title='bbox 370 4003 518 4061; x_wconf 84' lang='grc'><strong>4444444444</strong></span> <span class='ocrx_word' id='word_1_214' title='bbox 533 4001 740 4077; x_wconf 88' lang='lat' dir='ltr'>subvenerunt,</span> <span class='ocrx_word' id='word_1_215' title='bbox 758 4004 793 4066; x_wconf 89' lang='lat' dir='ltr'>de</span> <span class='ocrx_word' id='word_1_216' title='bbox 807 4004 934 4083; x_wconf 87' lang='lat' dir='ltr'>ejusdem</span> <span class='ocrx_word' id='word_1_217' title='bbox 945 4008 1090 4071; x_wconf 82' lang='lat' dir='ltr'>Ecclesiae</span> 
     </span>
     <span class='ocr_line' id='line_1_35' title="bbox 292 4101 1090 4187; baseline 0.013 -26"><span class='ocrx_word' id='word_1_218' title='bbox 292 4102 482 4163; x_wconf 80' lang='lat' dir='ltr'>facultatibus</span> <span class='ocrx_word' id='word_1_219' title='bbox 507 4101 601 4162; x_wconf 91' lang='lat' dir='ltr'>debita</span> <span class='ocrx_word' id='word_1_220' title='bbox 620 4104 758 4171; x_wconf 90' lang='lat' dir='ltr'>satisiatio</span> <span class='ocrx_word' id='word_1_221' title='bbox 777 4106 970 4187; x_wconf 89' lang='lat' dir='ltr'>impendatur,</span> <span class='ocrx_word' id='word_1_222' title='bbox 987 4128 1090 4185; x_wconf 82' lang='lat' dir='ltr'>voven,</span> 
     </span>
     <span class='ocr_line' id='line_1_36' title="bbox 291 4197 1090 4283; baseline 0.015 -22"><span class='ocrx_word' id='word_1_223' title='bbox 291 4197 378 4277; x_wconf 84' lang='lat' dir='ltr'>juro,</span> <span class='ocrx_word' id='word_1_224' title='bbox 399 4212 427 4262; x_wconf 90' lang='grc'>44</span> <span class='ocrx_word' id='word_1_225' title='bbox 446 4202 595 4281; x_wconf 91' lang='lat' dir='ltr'>promitto,</span> <span class='ocrx_word' id='word_1_226' title='bbox 606 4203 685 4281; x_wconf 91' lang='lat' dir='ltr'>quad</span> <span class='ocrx_word' id='word_1_227' title='bbox 702 4204 776 4265; x_wconf 87' lang='grc'><strong>44141</strong></span> <span class='ocrx_word' id='word_1_228' title='bbox 796 4205 899 4268; x_wconf 79' lang='lat' dir='ltr'>faciam</span> <span class='ocrx_word' id='word_1_229' title='bbox 920 4209 1046 4283; x_wconf 89' lang='lat' dir='ltr'>realiter,</span> <span class='ocrx_word' id='word_1_230' title='bbox 1061 4222 1090 4273; x_wconf 87' lang='lat' dir='ltr'>et</span> 
     </span>
     <span class='ocr_line' id='line_1_37' title="bbox 295 4301 1091 4389; baseline 0.015 -28"><span class='ocrx_word' id='word_1_231' title='bbox 295 4319 364 4361; x_wconf 93' lang='lat' dir='ltr'>cnm</span> <span class='ocrx_word' id='word_1_232' title='bbox 386 4301 488 4362; x_wconf 88' lang='lat' dir='ltr'>ellectu</span> <span class='ocrx_word' id='word_1_233' title='bbox 512 4301 630 4362; x_wconf 90' lang='lat' dir='ltr'>cuilibet</span> <span class='ocrx_word' id='word_1_234' title='bbox 645 4321 680 4363; x_wconf 92' lang='lat' dir='ltr'>ex</span> <span class='ocrx_word' id='word_1_235' title='bbox 698 4303 901 4369; x_wconf 87' lang='lat' dir='ltr'>Cardinalibus</span> <span class='ocrx_word' id='word_1_236' title='bbox 923 4321 981 4369; x_wconf 88' lang='lat' dir='ltr'>tam</span> <span class='ocrx_word' id='word_1_237' title='bbox 1003 4330 1091 4389; x_wconf 91' lang='lat' dir='ltr'>prae·</span> 
     </span>
     <span class='ocr_line' id='line_1_38' title="bbox 295 4401 1090 4488; baseline 0.015 -26"><span class='ocrx_word' id='word_1_238' title='bbox 295 4401 434 4475; x_wconf 89' lang='lat' dir='ltr'>sentibus,</span> <span class='ocrx_word' id='word_1_239' title='bbox 449 4420 536 4479; x_wconf 89' lang='lat' dir='ltr'>quam</span> <span class='ocrx_word' id='word_1_240' title='bbox 548 4404 635 4463; x_wconf 91' lang='lat' dir='ltr'>etiam</span> <span class='ocrx_word' id='word_1_241' title='bbox 650 4403 790 4468; x_wconf 80' lang='lat' dir='ltr'>defunctis</span> <span class='ocrx_word' id='word_1_242' title='bbox 801 4428 884 4471; x_wconf 90' lang='grc'><strong>44444</strong></span> <span class='ocrx_word' id='word_1_243' title='bbox 896 4412 936 4484; x_wconf 86' lang='grc'><strong>141,</strong></span> <span class='ocrx_word' id='word_1_244' title='bbox 946 4423 974 4473; x_wconf 89' lang='grc'>44</span> <span class='ocrx_word' id='word_1_245' title='bbox 986 4424 1090 4488; x_wconf 91' lang='lat' dir='ltr'>totum,</span> 
     </span>
     <span class='ocr_line' id='line_1_39' title="bbox 297 4501 1090 4588; baseline 0.02 -28"><span class='ocrx_word' id='word_1_246' title='bbox 297 4501 327 4561; x_wconf 92' lang='lat' dir='ltr'>in</span> <span class='ocrx_word' id='word_1_247' title='bbox 336 4520 395 4581; x_wconf 93' lang='lat' dir='ltr'>qno</span> <span class='ocrx_word' id='word_1_248' title='bbox 408 4513 529 4575; x_wconf 87' lang='lat' dir='ltr'>constat,</span> <span class='ocrx_word' id='word_1_249' title='bbox 543 4514 572 4565; x_wconf 89' lang='lat' dir='ltr'>et</span> <span class='ocrx_word' id='word_1_250' title='bbox 587 4516 718 4569; x_wconf 86' lang='lat' dir='ltr'>constare</span> <span class='ocrx_word' id='word_1_251' title='bbox 730 4508 836 4588; x_wconf 90' lang='lat' dir='ltr'>poterit</span> <span class='ocrx_word' id='word_1_252' title='bbox 850 4512 879 4572; x_wconf 92' lang='grc'>44</span> <span class='ocrx_word' id='word_1_253' title='bbox 894 4511 1029 4574; x_wconf 87' lang='lat' dir='ltr'>loturum</span> <span class='ocrx_word' id='word_1_254' title='bbox 1041 4533 1090 4576; x_wconf 91' lang='lat' dir='ltr'>eos</span> 
     </span>
     <span class='ocr_line' id='line_1_40' title="bbox 298 4601 1091 4695; baseline 0.02 -33"><span class='ocrx_word' id='word_1_255' title='bbox 298 4621 359 4663; x_wconf 81' lang='lat' dir='ltr'>esse</span> <span class='ocrx_word' id='word_1_256' title='bbox 376 4601 534 4668; x_wconf 83' lang='lat' dir='ltr'>creditores</span> <span class='ocrx_word' id='word_1_257' title='bbox 549 4604 596 4664; x_wconf 87' lang='lat' dir='ltr'>lel.</span> <span class='ocrx_word' id='word_1_258' title='bbox 614 4624 673 4666; x_wconf 87' lang='lat' dir='ltr'>rec.</span> <span class='ocrx_word' id='word_1_259' title='bbox 688 4606 761 4669; x_wconf 86' lang='lat' dir='ltr'>Sixti</span> <span class='ocrx_word' id='word_1_260' title='bbox 776 4609 871 4691; x_wconf 84' lang='lat' dir='ltr'>Papae</span> <span class='ocrx_word' id='word_1_261' title='bbox 881 4611 987 4682; x_wconf 84' lang='lat' dir='ltr'>Quarti</span> <span class='ocrx_word' id='word_1_262' title='bbox 1003 4634 1091 4695; x_wconf 89' lang='lat' dir='ltr'>prae·</span> 
     </span>
     <span class='ocr_line' id='line_1_41' title="bbox 299 4701 1090 4792; baseline 0.021 -30"><span class='ocrx_word' id='word_1_263' title='bbox 299 4701 461 4763; x_wconf 89' lang='lat' dir='ltr'>decessoris</span> <span class='ocrx_word' id='word_1_264' title='bbox 477 4705 543 4776; x_wconf 89' lang='lat' dir='ltr'>mei,</span> <span class='ocrx_word' id='word_1_265' title='bbox 554 4724 602 4766; x_wconf 92' lang='lat' dir='ltr'>seu</span> <span class='ocrx_word' id='word_1_266' title='bbox 615 4708 797 4788; x_wconf 77' lang='lat' dir='ltr'>Apostolicae</span> <span class='ocrx_word' id='word_1_267' title='bbox 810 4712 948 4776; x_wconf 88' lang='lat' dir='ltr'>Camerae</span> <span class='ocrx_word' id='word_1_268' title='bbox 959 4725 987 4778; x_wconf 86' lang='lat' dir='ltr'>et</span> <span class='ocrx_word' id='word_1_269' title='bbox 997 4716 1090 4792; x_wconf 86' lang='lat' dir='ltr'>Sedis,</span> 
     </span>
     <span class='ocr_line' id='line_1_42' title="bbox 300 4805 1090 4896; baseline 0.024 -36"><span class='ocrx_word' id='word_1_270' title='bbox 300 4820 487 4882; x_wconf 91' lang='lat' dir='ltr'>quacumque</span> <span class='ocrx_word' id='word_1_271' title='bbox 509 4806 641 4882; x_wconf 91' lang='lat' dir='ltr'>ratione,</span> <span class='ocrx_word' id='word_1_272' title='bbox 663 4811 708 4872; x_wconf 89' lang='grc'>441</span> <span class='ocrx_word' id='word_1_273' title='bbox 732 4805 836 4887; x_wconf 86' lang='lat' dir='ltr'>causa,</span> <span class='ocrx_word' id='word_1_274' title='bbox 853 4825 883 4875; x_wconf 91' lang='lat' dir='ltr'>et</span> <span class='ocrx_word' id='word_1_275' title='bbox 897 4816 962 4877; x_wconf 92' lang='lat' dir='ltr'>illos</span> <span class='ocrx_word' id='word_1_276' title='bbox 980 4837 1014 4878; x_wconf 91' lang='lat' dir='ltr'>ex</span> <span class='ocrx_word' id='word_1_277' title='bbox 1034 4820 1090 4896; x_wconf 89' lang='lat' dir='ltr'>eis,</span> 
     </span>
     <span class='ocr_line' id='line_1_43' title="bbox 301 4904 1089 4997; baseline 0.029 -37"><span class='ocrx_word' id='word_1_278' title='bbox 301 4904 408 4982; x_wconf 90' lang='lat' dir='ltr'>quibus</span> <span class='ocrx_word' id='word_1_279' title='bbox 422 4924 477 4984; x_wconf 93' lang='lat' dir='ltr'>pro</span> <span class='ocrx_word' id='word_1_280' title='bbox 491 4925 594 4969; x_wconf 89' lang='lat' dir='ltr'>eornm</span> <span class='ocrx_word' id='word_1_281' title='bbox 611 4910 737 4987; x_wconf 89' lang='lat' dir='ltr'>creditis,</span> <span class='ocrx_word' id='word_1_282' title='bbox 753 4914 903 4978; x_wconf 90' lang='lat' dir='ltr'>abeodem</span> <span class='ocrx_word' id='word_1_283' title='bbox 920 4918 1089 4997; x_wconf 91' lang='lat' dir='ltr'>praedeces-</span> 
     </span>
     <span class='ocr_line' id='line_1_44' title="bbox 298 5007 1089 5089; baseline 0.024 -26"><span class='ocrx_word' id='word_1_284' title='bbox 298 5023 365 5064; x_wconf 91' lang='lat' dir='ltr'>sore</span> <span class='ocrx_word' id='word_1_285' title='bbox 392 5022 467 5075; x_wconf 86' lang='lat' dir='ltr'>nreo,</span> <span class='ocrx_word' id='word_1_286' title='bbox 487 5007 552 5068; x_wconf 89' lang='lat' dir='ltr'>laco</span> <span class='ocrx_word' id='word_1_287' title='bbox 568 5009 695 5089; x_wconf 86' lang='lat' dir='ltr'>pignoris</span> <span class='ocrx_word' id='word_1_288' title='bbox 716 5014 820 5075; x_wconf 93' lang='lat' dir='ltr'>tradita</span> <span class='ocrx_word' id='word_1_289' title='bbox 842 5016 979 5079; x_wconf 88' lang='lat' dir='ltr'>bactenns</span> <span class='ocrx_word' id='word_1_290' title='bbox 997 5020 1089 5082; x_wconf 82' lang='lat' dir='ltr'>locent</span> 
     </span>
     <span class='ocr_line' id='line_1_45' title="bbox 298 5113 1089 5208; baseline 0.027 -44"><span class='ocrx_word' id='word_1_291' title='bbox 298 5115 327 5164; x_wconf 92' lang='lat' dir='ltr'>et</span> <span class='ocrx_word' id='word_1_292' title='bbox 346 5122 490 5178; x_wconf 87' lang='lat' dir='ltr'>concessa,</span> <span class='ocrx_word' id='word_1_293' title='bbox 508 5119 614 5184; x_wconf 90' lang='lat' dir='ltr'>castra,</span> <span class='ocrx_word' id='word_1_294' title='bbox 628 5113 773 5187; x_wconf 80' lang='lat' dir='ltr'>ciuitates,</span> <span class='ocrx_word' id='word_1_295' title='bbox 791 5127 820 5177; x_wconf 92' lang='lat' dir='ltr'>et</span> <span class='ocrx_word' id='word_1_296' title='bbox 835 5118 914 5193; x_wconf 89' lang='lat' dir='ltr'>locu,</span> <span class='ocrx_word' id='word_1_297' title='bbox 931 5122 1030 5182; x_wconf 89' lang='lat' dir='ltr'>ioealia</span> <span class='ocrx_word' id='word_1_298' title='bbox 1048 5120 1089 5208; x_wconf 80' lang='lat' dir='ltr'>(i)</span> 
     </span>
    </p>
   </div>
   <div class='ocr_carea' id='block_1_7' title="bbox 298 5203 1090 5299">
    <p class='ocr_par' dir='ltr' id='par_1_9' title="bbox 298 5203 1090 5299">
     <span class='ocr_line' id='line_1_46' title="bbox 298 5203 1090 5299; baseline 0.03 -37"><span class='ocrx_word' id='word_1_299' title='bbox 298 5203 386 5282; x_wconf 89' lang='lat' dir='ltr'>aliuq.</span> <span class='ocrx_word' id='word_1_300' title='bbox 407 5205 442 5263; x_wconf 83' lang='lat' dir='ltr'>tt.</span> <span class='ocrx_word' id='word_1_301' title='bbox 462 5206 623 5283; x_wconf 85' lang='lat' dir='ltr'>Ecclesiae,</span> <span class='ocrx_word' id='word_1_302' title='bbox 652 5225 702 5273; x_wconf 90' lang='lat' dir='ltr'>ant</span> <span class='ocrx_word' id='word_1_303' title='bbox 727 5236 783 5295; x_wconf 91' lang='lat' dir='ltr'>pro</span> <span class='ocrx_word' id='word_1_304' title='bbox 809 5222 1024 5299; x_wconf 88' lang='lat' dir='ltr'>recuperatione</span> <span class='ocrx_word' id='word_1_305' title='bbox 1050 5226 1090 5286; x_wconf 91' lang='lat' dir='ltr'>eis</span> 
     </span>
    </p>
   </div>
   <div class='ocr_carea' id='block_1_8' title="bbox 299 5304 1090 5506">
    <p class='ocr_par' dir='ltr' id='par_1_10' title="bbox 299 5304 1090 5506">
     <span class='ocr_line' id='line_1_47' title="bbox 299 5304 1090 5402; baseline 0.029 -40"><span class='ocrx_word' id='word_1_306' title='bbox 299 5304 410 5366; x_wconf 87' lang='lat' dir='ltr'>debitae</span> <span class='ocrx_word' id='word_1_307' title='bbox 431 5310 614 5384; x_wconf 89' lang='lat' dir='ltr'>quantitatis,</span> <span class='ocrx_word' id='word_1_308' title='bbox 635 5315 724 5391; x_wconf 91' lang='lat' dir='ltr'>aliqui</span> <span class='ocrx_word' id='word_1_309' title='bbox 747 5317 875 5380; x_wconf 90' lang='lat' dir='ltr'>redditus</span> <span class='ocrx_word' id='word_1_310' title='bbox 896 5323 1040 5402; x_wconf 88' lang='lat' dir='ltr'>assignati,</span> <span class='ocrx_word' id='word_1_311' title='bbox 1061 5326 1090 5385; x_wconf 92' lang='grc'>44</span> 
     </span>
     <span class='ocr_line' id='line_1_48' title="bbox 299 5405 1089 5506; baseline 0.029 -43"><span class='ocrx_word' id='word_1_312' title='bbox 299 5405 464 5484; x_wconf 86' lang='lat' dir='ltr'>btq&#39;usmodi</span> <span class='ocrx_word' id='word_1_313' title='bbox 486 5408 642 5489; x_wconf 81' lang='lat' dir='ltr'>pignorum</span> <span class='ocrx_word' id='word_1_314' title='bbox 663 5425 692 5476; x_wconf 88' lang='lat' dir='ltr'>et</span> <span class='ocrx_word' id='word_1_315' title='bbox 716 5416 992 5498; x_wconf 87' lang='lat' dir='ltr'>ossignamentorum</span> <span class='ocrx_word' id='word_1_316' title='bbox 1020 5444 1089 5506; x_wconf 89' lang='lat' dir='ltr'>pos·</span> 
     </span>
    </p>
   </div>
   <div class='ocr_carea' id='block_1_9' title="bbox 302 5556 1087 5593">
    <p class='ocr_par' dir='ltr' id='par_1_11' title="bbox 302 5556 1087 5593">
     <span class='ocr_line' id='line_1_49' title="bbox 302 5556 1087 5593; baseline 0.014 -11"><span class='ocrx_word' id='word_1_317' title='bbox 302 5556 1087 5593; x_wconf 37' lang='grc' dir='ltr'>-ῄ--Ἁ</span> 
     </span>
    </p>
   </div>
   <div class='ocr_carea' id='block_1_10' title="bbox 300 5644 1090 5787">
    <p class='ocr_par' dir='ltr' id='par_1_12' title="bbox 300 5644 1090 5787">
     <span class='ocr_line' id='line_1_50' title="bbox 341 5644 1090 5718; baseline 0.035 -25"><span class='ocrx_word' id='word_1_318' title='bbox 341 5646 377 5704; x_wconf 88' lang='grc'><strong>(1)</strong></span> <span class='ocrx_word' id='word_1_319' title='bbox 392 5644 430 5695; x_wconf 85' lang='grc'>1)4</span> <span class='ocrx_word' id='word_1_320' title='bbox 439 5646 487 5698; x_wconf 86' lang='grc'><strong>1444</strong></span> <span class='ocrx_word' id='word_1_321' title='bbox 500 5652 584 5711; x_wconf 89' lang='lat' dir='ltr'>prima</span> <span class='ocrx_word' id='word_1_322' title='bbox 601 5655 776 5707; x_wconf 85' lang='lat' dir='ltr'>conventione</span> <span class='ocrx_word' id='word_1_323' title='bbox 787 5657 963 5713; x_wconf 87' lang='lat' dir='ltr'>cardinalium</span> <span class='ocrx_word' id='word_1_324' title='bbox 975 5666 1009 5716; x_wconf 92' lang='lat' dir='ltr'>nil</span> <span class='ocrx_word' id='word_1_325' title='bbox 1020 5667 1090 5718; x_wconf 90' lang='lat' dir='ltr'>alind</span> 
     </span>
     <span class='ocr_line' id='line_1_51' title="bbox 300 5723 852 5787; baseline 0.02 -15"><span class='ocrx_word' id='word_1_326' title='bbox 300 5723 449 5787; x_wconf 83' lang='lat' dir='ltr'>liaynaldus</span> <span class='ocrx_word' id='word_1_327' title='bbox 467 5732 558 5779; x_wconf 88' lang='lat' dir='ltr'>recitat</span> <span class='ocrx_word' id='word_1_328' title='bbox 576 5732 601 5781; x_wconf 92' lang='lat' dir='ltr'>in</span> <span class='ocrx_word' id='word_1_329' title='bbox 619 5731 735 5781; x_wconf 84' lang='lat' dir='ltr'>annalib.</span> <span class='ocrx_word' id='word_1_330' title='bbox 754 5736 852 5785; x_wconf 89' lang='lat' dir='ltr'>eccles.</span> 
     </span>
    </p>
   </div>
   <div class='ocr_carea' id='block_1_11' title="bbox 753 651 1949 729">
    <p class='ocr_par' dir='ltr' id='par_1_13' title="bbox 753 651 1949 729">
     <span class='ocr_line' id='line_1_52' title="bbox 753 651 1949 729; baseline -0.018 0"><span class='ocrx_word' id='word_1_331' title='bbox 753 662 958 729; x_wconf 80' lang='lat' dir='ltr'>concnnvtt</span> <span class='ocrx_word' id='word_1_332' title='bbox 980 654 1083 722; x_wconf 82' lang='lat' dir='ltr'>POST</span> <span class='ocrx_word' id='word_1_333' title='bbox 1107 651 1257 715; x_wconf 79' lang='lat' dir='ltr'>stxttltt</span> <span class='ocrx_word' id='word_1_334' title='bbox 1275 652 1476 723; x_wconf 77' lang='lat' dir='ltr'>nutarunt.</span> <span class='ocrx_word' id='word_1_335' title='bbox 1908 663 1949 725; x_wconf 72' lang='grc'>44</span> 
     </span>
    </p>
   </div>
   <div class='ocr_carea' id='block_1_12' title="bbox 1158 790 1958 2181">
    <p class='ocr_par' dir='ltr' id='par_1_14' title="bbox 1162 790 1958 1282">
     <span class='ocr_line' id='line_1_53' title="bbox 1169 790 1958 870; baseline 0.016 -23"><span class='ocrx_word' id='word_1_336' title='bbox 1169 790 1293 851; x_wconf 89' lang='lat' dir='ltr'>sessione</span> <span class='ocrx_word' id='word_1_337' title='bbox 1315 791 1506 853; x_wconf 83' lang='lat' dir='ltr'>manutenebo</span> <span class='ocrx_word' id='word_1_338' title='bbox 1528 803 1558 853; x_wconf 91' lang='lat' dir='ltr'>et</span> <span class='ocrx_word' id='word_1_339' title='bbox 1576 796 1773 870; x_wconf 80' lang='lat' dir='ltr'>consecrabo,</span> <span class='ocrx_word' id='word_1_340' title='bbox 1794 813 1958 859; x_wconf 84' lang='lat' dir='ltr'>concessas-</span> 
     </span>
     <span class='ocr_line' id='line_1_54' title="bbox 1164 889 1953 979; baseline 0.018 -33"><span class='ocrx_word' id='word_1_341' title='bbox 1164 906 1221 965; x_wconf 91' lang='lat' dir='ltr'>que</span> <span class='ocrx_word' id='word_1_342' title='bbox 1239 891 1278 949; x_wconf 89' lang='lat' dir='ltr'>eis</span> <span class='ocrx_word' id='word_1_343' title='bbox 1296 889 1418 970; x_wconf 86' lang='lat' dir='ltr'>desuper</span> <span class='ocrx_word' id='word_1_344' title='bbox 1434 892 1542 967; x_wconf 88' lang='lat' dir='ltr'>literas,</span> <span class='ocrx_word' id='word_1_345' title='bbox 1558 905 1587 955; x_wconf 90' lang='grc'>44</span> <span class='ocrx_word' id='word_1_346' title='bbox 1601 896 1760 976; x_wconf 85' lang='lat' dir='ltr'>scripturas</span> <span class='ocrx_word' id='word_1_347' title='bbox 1777 899 1953 979; x_wconf 87' lang='lat' dir='ltr'>approbabo,</span> 
     </span>
     <span class='ocr_line' id='line_1_55' title="bbox 1162 988 1953 1077; baseline 0.016 -29"><span class='ocrx_word' id='word_1_348' title='bbox 1162 999 1192 1048; x_wconf 90' lang='lat' dir='ltr'>et</span> <span class='ocrx_word' id='word_1_349' title='bbox 1208 988 1386 1052; x_wconf 83' lang='lat' dir='ltr'>confirmabo</span> <span class='ocrx_word' id='word_1_350' title='bbox 1402 993 1472 1054; x_wconf 89' lang='lat' dir='ltr'>meis</span> <span class='ocrx_word' id='word_1_351' title='bbox 1486 995 1578 1056; x_wconf 90' lang='lat' dir='ltr'>literis</span> <span class='ocrx_word' id='word_1_352' title='bbox 1593 1013 1661 1055; x_wconf 89' lang='lat' dir='ltr'>enm</span> <span class='ocrx_word' id='word_1_353' title='bbox 1677 999 1854 1077; x_wconf 89' lang='lat' dir='ltr'>suppletione</span> <span class='ocrx_word' id='word_1_354' title='bbox 1875 1018 1953 1077; x_wconf 90' lang='lat' dir='ltr'>quo-</span> 
     </span>
     <span class='ocr_line' id='line_1_56' title="bbox 1164 1090 1952 1168; baseline 0.016 -21"><span class='ocrx_word' id='word_1_355' title='bbox 1164 1106 1359 1168; x_wconf 88' lang='lat' dir='ltr'>rumcumque</span> <span class='ocrx_word' id='word_1_356' title='bbox 1385 1090 1551 1155; x_wconf 76' lang='lat' dir='ltr'>defectuum</span> <span class='ocrx_word' id='word_1_357' title='bbox 1573 1095 1611 1156; x_wconf 92' lang='lat' dir='ltr'>ob</span> <span class='ocrx_word' id='word_1_358' title='bbox 1640 1096 1758 1157; x_wconf 88' lang='lat' dir='ltr'>illorum</span> <span class='ocrx_word' id='word_1_359' title='bbox 1787 1099 1952 1162; x_wconf 88' lang='lat' dir='ltr'>uberiorem</span> 
     </span>
     <span class='ocr_line' id='line_1_57' title="bbox 1162 1188 1525 1282; baseline 0.014 -33"><span class='ocrx_word' id='word_1_360' title='bbox 1162 1188 1417 1252; x_wconf 82' lang='lat' dir='ltr'>eottfirmationem.</span> <span class='ocrx_word' id='word_1_361' title='bbox 1516 1209 1525 1282; x_wconf 28' lang='grc' dir='ltr'>Ι·</span> 
     </span>
    </p>

    <p class='ocr_par' dir='ltr' id='par_1_15' title="bbox 1158 1290 1955 2181">
     <span class='ocr_line' id='line_1_58' title="bbox 1202 1290 1952 1377; baseline 0.016 -28"><span class='ocrx_word' id='word_1_362' title='bbox 1202 1290 1284 1363; x_wconf 89' lang='lat' dir='ltr'>ltem,</span> <span class='ocrx_word' id='word_1_363' title='bbox 1296 1310 1363 1352; x_wconf 89' lang='lat' dir='ltr'>eum</span> <span class='ocrx_word' id='word_1_364' title='bbox 1380 1291 1462 1354; x_wconf 86' lang='lat' dir='ltr'>Sedis</span> <span class='ocrx_word' id='word_1_365' title='bbox 1477 1295 1827 1377; x_wconf 76' lang='lat' dir='ltr'>Apostolieaeplnrimum</span> <span class='ocrx_word' id='word_1_366' title='bbox 1843 1302 1952 1362; x_wconf 90' lang='lat' dir='ltr'>intersit</span> 
     </span>
     <span class='ocr_line' id='line_1_59' title="bbox 1160 1390 1952 1475; baseline 0.014 -26"><span class='ocrx_word' id='word_1_367' title='bbox 1160 1390 1239 1468; x_wconf 91' lang='lat' dir='ltr'>quad</span> <span class='ocrx_word' id='word_1_368' title='bbox 1257 1390 1356 1453; x_wconf 91' lang='lat' dir='ltr'>literae</span> <span class='ocrx_word' id='word_1_369' title='bbox 1370 1395 1552 1472; x_wconf 91' lang='lat' dir='ltr'>apostolicae,</span> <span class='ocrx_word' id='word_1_370' title='bbox 1565 1416 1638 1475; x_wconf 91' lang='lat' dir='ltr'>qnae</span> <span class='ocrx_word' id='word_1_371' title='bbox 1651 1399 1689 1458; x_wconf 93' lang='lat' dir='ltr'>ad</span> <span class='ocrx_word' id='word_1_372' title='bbox 1704 1399 1832 1462; x_wconf 80' lang='grc'><strong>(14444444</strong></span> <span class='ocrx_word' id='word_1_373' title='bbox 1854 1402 1952 1461; x_wconf 92' lang='lat' dir='ltr'>mundi</span> 
     </span>
     <span class='ocr_line' id='line_1_60' title="bbox 1161 1490 1952 1580; baseline 0.015 -31"><span class='ocrx_word' id='word_1_374' title='bbox 1161 1500 1256 1569; x_wconf 91' lang='lat' dir='ltr'>partes</span> <span class='ocrx_word' id='word_1_375' title='bbox 1281 1490 1469 1566; x_wconf 86' lang='lat' dir='ltr'>deierantur,</span> <span class='ocrx_word' id='word_1_376' title='bbox 1491 1509 1627 1559; x_wconf 90' lang='lat' dir='ltr'>accurate</span> <span class='ocrx_word' id='word_1_377' title='bbox 1652 1510 1680 1561; x_wconf 91' lang='lat' dir='ltr'>et</span> <span class='ocrx_word' id='word_1_378' title='bbox 1701 1500 1852 1580; x_wconf 84' lang='lat' dir='ltr'>diligenter</span> <span class='ocrx_word' id='word_1_379' title='bbox 1870 1499 1952 1579; x_wconf 83' lang='lat' dir='ltr'>juxta</span> 
     </span>
     <span class='ocr_line' id='line_1_61' title="bbox 1159 1591 1952 1682; baseline 0.019 -33"><span class='ocrx_word' id='word_1_380' title='bbox 1159 1591 1258 1651; x_wconf 88' lang='lat' dir='ltr'>stilum</span> <span class='ocrx_word' id='word_1_381' title='bbox 1272 1591 1419 1656; x_wconf 83' lang='lat' dir='ltr'>Romanae</span> <span class='ocrx_word' id='word_1_382' title='bbox 1433 1594 1539 1657; x_wconf 83' lang='lat' dir='ltr'>Curiae</span> <span class='ocrx_word' id='word_1_383' title='bbox 1553 1598 1739 1677; x_wconf 88' lang='lat' dir='ltr'>expediantur</span> <span class='ocrx_word' id='word_1_384' title='bbox 1761 1600 1772 1681; x_wconf 76' lang='grc'>4</span> <span class='ocrx_word' id='word_1_385' title='bbox 1785 1612 1813 1662; x_wconf 90' lang='grc'>44</span> <span class='ocrx_word' id='word_1_386' title='bbox 1828 1614 1952 1682; x_wconf 91' lang='lat' dir='ltr'>propte·</span> 
     </span>
     <span class='ocr_line' id='line_1_62' title="bbox 1160 1690 1953 1781; baseline 0.016 -32"><span class='ocrx_word' id='word_1_387' title='bbox 1160 1708 1210 1751; x_wconf 85' lang='lat' dir='ltr'>rea</span> <span class='ocrx_word' id='word_1_388' title='bbox 1226 1692 1254 1750; x_wconf 91' lang='lat' dir='ltr'>in</span> <span class='ocrx_word' id='word_1_389' title='bbox 1269 1690 1447 1755; x_wconf 74' lang='lat' dir='ltr'>cancellaria</span> <span class='ocrx_word' id='word_1_390' title='bbox 1459 1698 1624 1775; x_wconf 77' lang='lat' dir='ltr'>Apostoliea</span> <span class='ocrx_word' id='word_1_391' title='bbox 1645 1712 1712 1760; x_wconf 86' lang='lat' dir='ltr'>sunt</span> <span class='ocrx_word' id='word_1_392' title='bbox 1730 1701 1840 1763; x_wconf 93' lang='lat' dir='ltr'>dudum</span> <span class='ocrx_word' id='word_1_393' title='bbox 1856 1702 1953 1781; x_wconf 88' lang='lat' dir='ltr'>pluri·</span> 
     </span>
     <span class='ocr_line' id='line_1_63' title="bbox 1159 1793 1952 1880; baseline 0.016 -30"><span class='ocrx_word' id='word_1_394' title='bbox 1159 1808 1206 1850; x_wconf 86' lang='lat' dir='ltr'>nra</span> <span class='ocrx_word' id='word_1_395' title='bbox 1220 1794 1312 1853; x_wconf 88' lang='lat' dir='ltr'>officia</span> <span class='ocrx_word' id='word_1_396' title='bbox 1324 1793 1471 1878; x_wconf 87' lang='lat' dir='ltr'>instituta)</span> <span class='ocrx_word' id='word_1_397' title='bbox 1481 1807 1509 1857; x_wconf 90' lang='lat' dir='ltr'>et</span> <span class='ocrx_word' id='word_1_398' title='bbox 1524 1798 1636 1858; x_wconf 86' lang='grc'><strong>44144441</strong></span> <span class='ocrx_word' id='word_1_399' title='bbox 1648 1802 1818 1880; x_wconf 86' lang='lat' dir='ltr'>experientia</span> <span class='ocrx_word' id='word_1_400' title='bbox 1830 1801 1952 1863; x_wconf 89' lang='lat' dir='ltr'>demon·</span> 
     </span>
     <span class='ocr_line' id='line_1_64' title="bbox 1159 1894 1954 1982; baseline 0.015 -31"><span class='ocrx_word' id='word_1_401' title='bbox 1159 1901 1244 1963; x_wconf 89' lang='lat' dir='ltr'>strat,</span> <span class='ocrx_word' id='word_1_402' title='bbox 1262 1894 1363 1955; x_wconf 86' lang='lat' dir='ltr'>literae</span> <span class='ocrx_word' id='word_1_403' title='bbox 1387 1913 1461 1973; x_wconf 92' lang='lat' dir='ltr'>quae</span> <span class='ocrx_word' id='word_1_404' title='bbox 1482 1897 1607 1970; x_wconf 91' lang='lat' dir='ltr'>aliunde,</span> <span class='ocrx_word' id='word_1_405' title='bbox 1619 1917 1706 1978; x_wconf 90' lang='lat' dir='ltr'>quam</span> <span class='ocrx_word' id='word_1_406' title='bbox 1728 1920 1781 1982; x_wconf 91' lang='lat' dir='ltr'>per</span> <span class='ocrx_word' id='word_1_407' title='bbox 1801 1903 1954 1963; x_wconf 74' lang='grc'><strong>04444114-</strong></span> 
     </span>
     <span class='ocr_line' id='line_1_65' title="bbox 1158 1992 1954 2083; baseline 0.015 -31"><span class='ocrx_word' id='word_1_408' title='bbox 1158 1992 1234 2052; x_wconf 84' lang='grc'><strong>44444</strong></span> <span class='ocrx_word' id='word_1_409' title='bbox 1249 1994 1441 2074; x_wconf 88' lang='lat' dir='ltr'>expediuntnr</span> <span class='ocrx_word' id='word_1_410' title='bbox 1456 2014 1512 2075; x_wconf 93' lang='lat' dir='ltr'>pro</span> <span class='ocrx_word' id='word_1_411' title='bbox 1530 2008 1669 2079; x_wconf 88' lang='lat' dir='ltr'>tempore,</span> <span class='ocrx_word' id='word_1_412' title='bbox 1685 2019 1821 2083; x_wconf 87' lang='lat' dir='ltr'>persaepe</span> <span class='ocrx_word' id='word_1_413' title='bbox 1835 2004 1863 2064; x_wconf 93' lang='lat' dir='ltr'>in</span> <span class='ocrx_word' id='word_1_414' title='bbox 1875 2005 1954 2075; x_wconf 90' lang='lat' dir='ltr'>stilo,</span> 
     </span>
     <span class='ocr_line' id='line_1_66' title="bbox 1161 2092 1955 2181; baseline 0.018 -30"><span class='ocrx_word' id='word_1_415' title='bbox 1161 2103 1191 2152; x_wconf 93' lang='lat' dir='ltr'>et</span> <span class='ocrx_word' id='word_1_416' title='bbox 1206 2092 1268 2153; x_wconf 90' lang='lat' dir='ltr'>aliis</span> <span class='ocrx_word' id='word_1_417' title='bbox 1283 2096 1449 2156; x_wconf 89' lang='lat' dir='ltr'>necessariis</span> <span class='ocrx_word' id='word_1_418' title='bbox 1463 2098 1517 2157; x_wconf 89' lang='lat' dir='ltr'>sint</span> <span class='ocrx_word' id='word_1_419' title='bbox 1529 2098 1700 2175; x_wconf 79' lang='lat' dir='ltr'>delectirae3</span> <span class='ocrx_word' id='word_1_420' title='bbox 1714 2102 1825 2163; x_wconf 89' lang='lat' dir='ltr'>intersit</span> <span class='ocrx_word' id='word_1_421' title='bbox 1837 2121 1955 2181; x_wconf 93' lang='lat' dir='ltr'>quoque</span> 
     </span>
    </p>
   </div>
   <div class='ocr_carea' id='block_1_13' title="bbox 1159 2190 2067 2281">
    <p class='ocr_par' dir='ltr' id='par_1_16' title="bbox 1159 2190 2067 2281">
     <span class='ocr_line' id='line_1_67' title="bbox 1159 2190 2067 2281; baseline 0.018 -31"><span class='ocrx_word' id='word_1_422' title='bbox 1159 2190 1289 2270; x_wconf 88' lang='lat' dir='ltr'>ejusdem</span> <span class='ocrx_word' id='word_1_423' title='bbox 1305 2193 1400 2268; x_wconf 88' lang='lat' dir='ltr'>Sedis,</span> <span class='ocrx_word' id='word_1_424' title='bbox 1413 2196 1491 2273; x_wconf 91' lang='lat' dir='ltr'>quod</span> <span class='ocrx_word' id='word_1_425' title='bbox 1503 2198 1621 2258; x_wconf 87' lang='lat' dir='ltr'>illarum</span> <span class='ocrx_word' id='word_1_426' title='bbox 1636 2202 1676 2260; x_wconf 91' lang='lat' dir='ltr'>sic</span> <span class='ocrx_word' id='word_1_427' title='bbox 1688 2201 1882 2281; x_wconf 89' lang='lat' dir='ltr'>expeditarum</span> <span class='ocrx_word' id='word_1_428' title='bbox 1902 2222 1953 2264; x_wconf 90' lang='lat' dir='ltr'>re·</span> <span class='ocrx_word' id='word_1_429' title='bbox 2064 2201 2067 2206; x_wconf 70' lang='grc'>’</span> 
     </span>
    </p>
   </div>
   <div class='ocr_carea' id='block_1_14' title="bbox 1156 2292 2007 5798">
    <p class='ocr_par' dir='ltr' id='par_1_17' title="bbox 1156 2292 2007 3787">
     <span class='ocr_line' id='line_1_68' title="bbox 1158 2292 1953 2373; baseline 0.013 -22"><span class='ocrx_word' id='word_1_430' title='bbox 1158 2293 1251 2370; x_wconf 86' lang='lat' dir='ltr'>gistra</span> <span class='ocrx_word' id='word_1_431' title='bbox 1269 2292 1389 2355; x_wconf 82' lang='lat' dir='ltr'>fideliter</span> <span class='ocrx_word' id='word_1_432' title='bbox 1411 2296 1596 2373; x_wconf 91' lang='lat' dir='ltr'>adnotentur,</span> <span class='ocrx_word' id='word_1_433' title='bbox 1608 2311 1637 2361; x_wconf 90' lang='lat' dir='ltr'>et</span> <span class='ocrx_word' id='word_1_434' title='bbox 1654 2314 1862 2364; x_wconf 78' lang='lat' dir='ltr'>conserventur</span> <span class='ocrx_word' id='word_1_435' title='bbox 1883 2304 1953 2363; x_wconf 85' lang='lat' dir='ltr'>insi-</span> 
     </span>
     <span class='ocr_line' id='line_1_69' title="bbox 1158 2393 1955 2481; baseline 0.016 -31"><span class='ocrx_word' id='word_1_436' title='bbox 1158 2393 1218 2453; x_wconf 90' lang='lat' dir='ltr'>mul</span> <span class='ocrx_word' id='word_1_437' title='bbox 1236 2395 1265 2453; x_wconf 93' lang='grc'>44</span> <span class='ocrx_word' id='word_1_438' title='bbox 1285 2413 1342 2457; x_wconf 87' lang='grc'>444</span> <span class='ocrx_word' id='word_1_439' title='bbox 1356 2396 1513 2477; x_wconf 87' lang='grc'><strong>4441444444</strong></span> <span class='ocrx_word' id='word_1_440' title='bbox 1529 2401 1604 2467; x_wconf 88' lang='lat' dir='ltr'>laco,</span> <span class='ocrx_word' id='word_1_441' title='bbox 1621 2402 1678 2460; x_wconf 92' lang='lat' dir='ltr'>imo</span> <span class='ocrx_word' id='word_1_442' title='bbox 1693 2403 1755 2481; x_wconf 91' lang='lat' dir='ltr'>pari</span> <span class='ocrx_word' id='word_1_443' title='bbox 1771 2403 1857 2465; x_wconf 92' lang='lat' dir='ltr'>modo</span> <span class='ocrx_word' id='word_1_444' title='bbox 1873 2404 1955 2477; x_wconf 89' lang='lat' dir='ltr'>rulo,</span> 
     </span>
     <span class='ocr_line' id='line_1_70' title="bbox 1157 2487 1954 2584; baseline 0.02 -35"><span class='ocrx_word' id='word_1_445' title='bbox 1157 2487 1227 2570; x_wconf 79' lang='lat' dir='ltr'>jura</span> <span class='ocrx_word' id='word_1_446' title='bbox 1243 2503 1273 2555; x_wconf 90' lang='lat' dir='ltr'>et</span> <span class='ocrx_word' id='word_1_447' title='bbox 1291 2496 1431 2574; x_wconf 90' lang='lat' dir='ltr'>promitto</span> <span class='ocrx_word' id='word_1_448' title='bbox 1447 2515 1503 2557; x_wconf 94' lang='lat' dir='ltr'>non</span> <span class='ocrx_word' id='word_1_449' title='bbox 1518 2499 1663 2579; x_wconf 91' lang='lat' dir='ltr'>expedire,</span> <span class='ocrx_word' id='word_1_450' title='bbox 1673 2510 1725 2560; x_wconf 90' lang='lat' dir='ltr'>aut</span> <span class='ocrx_word' id='word_1_451' title='bbox 1738 2501 1862 2582; x_wconf 85' lang='lat' dir='ltr'>expediri</span> <span class='ocrx_word' id='word_1_452' title='bbox 1883 2523 1954 2584; x_wconf 87' lang='lat' dir='ltr'>per·</span> 
     </span>
     <span class='ocr_line' id='line_1_71' title="bbox 1160 2591 1952 2683; baseline 0.019 -35"><span class='ocrx_word' id='word_1_453' title='bbox 1160 2591 1275 2653; x_wconf 90' lang='lat' dir='ltr'>mittere</span> <span class='ocrx_word' id='word_1_454' title='bbox 1300 2594 1371 2654; x_wconf 89' lang='lat' dir='ltr'>alias</span> <span class='ocrx_word' id='word_1_455' title='bbox 1393 2597 1490 2657; x_wconf 84' lang='lat' dir='ltr'>literas</span> <span class='ocrx_word' id='word_1_456' title='bbox 1511 2596 1681 2678; x_wconf 85' lang='lat' dir='ltr'>apostolicas</span> <span class='ocrx_word' id='word_1_457' title='bbox 1702 2603 1837 2676; x_wconf 90' lang='lat' dir='ltr'>aliunde,</span> <span class='ocrx_word' id='word_1_458' title='bbox 1864 2622 1952 2683; x_wconf 89' lang='lat' dir='ltr'>quam</span> 
     </span>
     <span class='ocr_line' id='line_1_72' title="bbox 1158 2691 1951 2777; baseline 0.018 -27"><span class='ocrx_word' id='word_1_459' title='bbox 1158 2709 1211 2769; x_wconf 93' lang='lat' dir='ltr'>per</span> <span class='ocrx_word' id='word_1_460' title='bbox 1232 2691 1441 2755; x_wconf 83' lang='lat' dir='ltr'>cancellarium</span> <span class='ocrx_word' id='word_1_461' title='bbox 1460 2699 1632 2776; x_wconf 87' lang='lat' dir='ltr'>praelatam,</span> <span class='ocrx_word' id='word_1_462' title='bbox 1648 2712 1678 2762; x_wconf 92' lang='lat' dir='ltr'>et</span> <span class='ocrx_word' id='word_1_463' title='bbox 1698 2702 1832 2765; x_wconf 85' lang='lat' dir='ltr'>officiales</span> <span class='ocrx_word' id='word_1_464' title='bbox 1853 2704 1930 2765; x_wconf 91' lang='lat' dir='ltr'>illins</span> <span class='ocrx_word' id='word_1_465' title='bbox 1941 2726 1951 2777; x_wconf 82' lang='lat'>3</span> 
     </span>
     <span class='ocr_line' id='line_1_73' title="bbox 1159 2789 1953 2883; baseline 0.018 -34"><span class='ocrx_word' id='word_1_466' title='bbox 1159 2789 1249 2851; x_wconf 86' lang='lat' dir='ltr'>literis</span> <span class='ocrx_word' id='word_1_467' title='bbox 1265 2792 1430 2854; x_wconf 83' lang='lat' dir='ltr'>officiorum</span> <span class='ocrx_word' id='word_1_468' title='bbox 1442 2797 1594 2858; x_wconf 80' lang='lat' dir='ltr'>ciuitatum</span> <span class='ocrx_word' id='word_1_469' title='bbox 1609 2812 1637 2861; x_wconf 93' lang='lat' dir='ltr'>et</span> <span class='ocrx_word' id='word_1_470' title='bbox 1657 2802 1789 2862; x_wconf 91' lang='lat' dir='ltr'>locorum</span> <span class='ocrx_word' id='word_1_471' title='bbox 1805 2814 1953 2883; x_wconf 88' lang='lat' dir='ltr'>tempora·</span> 
     </span>
     <span class='ocr_line' id='line_1_74' title="bbox 1160 2890 2007 2983; baseline 0.02 -34"><span class='ocrx_word' id='word_1_472' title='bbox 1160 2890 1195 2950; x_wconf 90' lang='lat' dir='ltr'>lis</span> <span class='ocrx_word' id='word_1_473' title='bbox 1215 2891 1332 2952; x_wconf 91' lang='lat' dir='ltr'>dominii</span> <span class='ocrx_word' id='word_1_474' title='bbox 1355 2893 1502 2957; x_wconf 87' lang='lat' dir='ltr'>Romanae</span> <span class='ocrx_word' id='word_1_475' title='bbox 1525 2898 1670 2961; x_wconf 90' lang='lat' dir='ltr'>Ecclesiae</span> <span class='ocrx_word' id='word_1_476' title='bbox 1689 2913 1717 2962; x_wconf 93' lang='lat' dir='ltr'>et</span> <span class='ocrx_word' id='word_1_477' title='bbox 1741 2904 1817 2962; x_wconf 91' lang='lat' dir='ltr'>illius</span> <span class='ocrx_word' id='word_1_478' title='bbox 1841 2914 1953 2983; x_wconf 90' lang='lat' dir='ltr'>tempo·</span> <span class='ocrx_word' id='word_1_479' title='bbox 2003 2923 2007 2930; x_wconf 90' lang='lat'>·</span> 
     </span>
     <span class='ocr_line' id='line_1_75' title="bbox 1165 2993 1952 3083; baseline 0.018 -33"><span class='ocrx_word' id='word_1_480' title='bbox 1165 2993 1308 3053; x_wconf 86' lang='lat' dir='ltr'>ralitatem</span> <span class='ocrx_word' id='word_1_481' title='bbox 1326 2997 1565 3059; x_wconf 89' lang='lat' dir='ltr'>concernentibus</span> <span class='ocrx_word' id='word_1_482' title='bbox 1585 3000 1734 3062; x_wconf 90' lang='lat' dir='ltr'>dumtaxat</span> <span class='ocrx_word' id='word_1_483' title='bbox 1747 3005 1869 3083; x_wconf 89' lang='lat' dir='ltr'>exceptis</span> <span class='ocrx_word' id='word_1_484' title='bbox 1875 3025 1885 3077; x_wconf 83' lang='lat'>3</span> <span class='ocrx_word' id='word_1_485' title='bbox 1907 3004 1952 3063; x_wconf 88' lang='grc'>14-</span> 
     </span>
     <span class='ocr_line' id='line_1_76' title="bbox 1159 3091 1952 3184; baseline 0.02 -33"><span class='ocrx_word' id='word_1_486' title='bbox 1159 3091 1302 3171; x_wconf 90' lang='lat' dir='ltr'>ciamque,</span> <span class='ocrx_word' id='word_1_487' title='bbox 1317 3107 1345 3155; x_wconf 93' lang='lat' dir='ltr'>et</span> <span class='ocrx_word' id='word_1_488' title='bbox 1361 3097 1501 3158; x_wconf 91' lang='lat' dir='ltr'>mandabo</span> <span class='ocrx_word' id='word_1_489' title='bbox 1516 3099 1579 3160; x_wconf 90' lang='lat' dir='ltr'>illas</span> <span class='ocrx_word' id='word_1_490' title='bbox 1599 3119 1697 3163; x_wconf 84' lang='lat' dir='ltr'>omnes</span> <span class='ocrx_word' id='word_1_491' title='bbox 1712 3103 1740 3162; x_wconf 96' lang='lat' dir='ltr'>in</span> <span class='ocrx_word' id='word_1_492' title='bbox 1756 3104 1881 3182; x_wconf 84' lang='lat' dir='ltr'>registro</span> <span class='ocrx_word' id='word_1_493' title='bbox 1898 3124 1952 3184; x_wconf 84' lang='lat' dir='ltr'>ge-</span> 
     </span>
     <span class='ocr_line' id='line_1_77' title="bbox 1160 3194 1951 3278; baseline 0.024 -29"><span class='ocrx_word' id='word_1_494' title='bbox 1160 3194 1251 3253; x_wconf 87' lang='lat' dir='ltr'>nerali</span> <span class='ocrx_word' id='word_1_495' title='bbox 1267 3194 1421 3256; x_wconf 89' lang='lat' dir='ltr'>literarum</span> <span class='ocrx_word' id='word_1_496' title='bbox 1437 3201 1664 3277; x_wconf 88' lang='lat' dir='ltr'>apostolicarum</span> <span class='ocrx_word' id='word_1_497' title='bbox 1680 3203 1837 3278; x_wconf 90' lang='lat' dir='ltr'>dumtaxat,</span> <span class='ocrx_word' id='word_1_498' title='bbox 1848 3218 1878 3266; x_wconf 89' lang='lat' dir='ltr'>et</span> <span class='ocrx_word' id='word_1_499' title='bbox 1896 3224 1951 3267; x_wconf 94' lang='lat' dir='ltr'>non</span> 
     </span>
     <span class='ocr_line' id='line_1_78' title="bbox 1157 3292 1953 3377; baseline 0.02 -27"><span class='ocrx_word' id='word_1_500' title='bbox 1157 3292 1226 3352; x_wconf 92' lang='lat' dir='ltr'>alibi</span> <span class='ocrx_word' id='word_1_501' title='bbox 1245 3294 1410 3372; x_wconf 76' lang='lat' dir='ltr'>registrari,</span> <span class='ocrx_word' id='word_1_502' title='bbox 1432 3300 1484 3358; x_wconf 91' lang='lat' dir='ltr'>nisi</span> <span class='ocrx_word' id='word_1_503' title='bbox 1499 3313 1592 3362; x_wconf 90' lang='lat' dir='ltr'>essent</span> <span class='ocrx_word' id='word_1_504' title='bbox 1615 3303 1714 3363; x_wconf 89' lang='lat' dir='ltr'>literae</span> <span class='ocrx_word' id='word_1_505' title='bbox 1728 3306 1903 3377; x_wconf 83' lang='lat' dir='ltr'>officiorum,</span> <span class='ocrx_word' id='word_1_506' title='bbox 1924 3318 1953 3368; x_wconf 92' lang='lat' dir='ltr'>et</span> 
     </span>
     <span class='ocr_line' id='line_1_79' title="bbox 1159 3396 1953 3487; baseline 0.016 -34"><span class='ocrx_word' id='word_1_507' title='bbox 1159 3396 1374 3473; x_wconf 89' lang='lat' dir='ltr'>temporalitatis</span> <span class='ocrx_word' id='word_1_508' title='bbox 1396 3396 1480 3476; x_wconf 90' lang='lat' dir='ltr'>(quas</span> <span class='ocrx_word' id='word_1_509' title='bbox 1501 3399 1529 3459; x_wconf 95' lang='lat' dir='ltr'>in</span> <span class='ocrx_word' id='word_1_510' title='bbox 1551 3400 1673 3463; x_wconf 84' lang='lat' dir='ltr'>Camere</span> <span class='ocrx_word' id='word_1_511' title='bbox 1691 3405 1881 3487; x_wconf 76' lang='grc'><strong>4444441144),</strong></span> <span class='ocrx_word' id='word_1_512' title='bbox 1902 3418 1953 3466; x_wconf 89' lang='grc'>444</span> 
     </span>
     <span class='ocr_line' id='line_1_80' title="bbox 1156 3495 1952 3576; baseline 0.018 -22"><span class='ocrx_word' id='word_1_513' title='bbox 1156 3495 1273 3574; x_wconf 90' lang='lat' dir='ltr'>aliquod</span> <span class='ocrx_word' id='word_1_514' title='bbox 1300 3499 1451 3576; x_wconf 78' lang='lat' dir='ltr'>negocium</span> <span class='ocrx_word' id='word_1_515' title='bbox 1488 3504 1648 3565; x_wconf 87' lang='lat' dir='ltr'>necessario</span> <span class='ocrx_word' id='word_1_516' title='bbox 1665 3516 1776 3566; x_wconf 88' lang='lat' dir='ltr'>secreto</span> <span class='ocrx_word' id='word_1_517' title='bbox 1801 3506 1952 3569; x_wconf 91' lang='lat' dir='ltr'>tenendum</span> 
     </span>
     <span class='ocr_line' id='line_1_81' title="bbox 1158 3594 1954 3686; baseline 0.019 -32"><span class='ocrx_word' id='word_1_518' title='bbox 1158 3594 1363 3678; x_wconf 85' lang='lat' dir='ltr'>continerent(</span> <span class='ocrx_word' id='word_1_519' title='bbox 1384 3616 1454 3675; x_wconf 90' lang='lat' dir='ltr'>quas</span> <span class='ocrx_word' id='word_1_520' title='bbox 1470 3599 1497 3660; x_wconf 92' lang='lat' dir='ltr'>in</span> <span class='ocrx_word' id='word_1_521' title='bbox 1514 3619 1573 3663; x_wconf 91' lang='lat' dir='ltr'>uno</span> <span class='ocrx_word' id='word_1_522' title='bbox 1589 3603 1664 3665; x_wconf 88' lang='lat' dir='ltr'>libro</span> <span class='ocrx_word' id='word_1_523' title='bbox 1686 3617 1797 3667; x_wconf 86' lang='lat' dir='ltr'>secreto</span> <span class='ocrx_word' id='word_1_524' title='bbox 1813 3607 1889 3686; x_wconf 91' lang='lat' dir='ltr'>apud</span> <span class='ocrx_word' id='word_1_525' title='bbox 1905 3626 1954 3668; x_wconf 91' lang='lat' dir='ltr'>se·</span> 
     </span>
     <span class='ocr_line' id='line_1_82' title="bbox 1158 3696 1715 3787; baseline 0.023 -34"><span class='ocrx_word' id='word_1_526' title='bbox 1158 3696 1317 3756; x_wconf 87' lang='lat' dir='ltr'>cretarium</span> <span class='ocrx_word' id='word_1_527' title='bbox 1339 3699 1491 3776; x_wconf 87' lang='lat' dir='ltr'>registrari</span> <span class='ocrx_word' id='word_1_528' title='bbox 1514 3704 1715 3787; x_wconf 87' lang='lat' dir='ltr'>permittam).</span> 
     </span>
    </p>

    <p class='ocr_par' dir='ltr' id='par_1_18' title="bbox 1157 3797 1955 5392">
     <span class='ocr_line' id='line_1_83' title="bbox 1199 3797 1951 3886; baseline 0.016 -31"><span class='ocrx_word' id='word_1_529' title='bbox 1199 3797 1282 3869; x_wconf 90' lang='lat' dir='ltr'>ltem,</span> <span class='ocrx_word' id='word_1_530' title='bbox 1304 3815 1370 3857; x_wconf 90' lang='lat' dir='ltr'>cum</span> <span class='ocrx_word' id='word_1_531' title='bbox 1390 3817 1407 3857; x_wconf 93' lang='lat' dir='ltr'>a</span> <span class='ocrx_word' id='word_1_532' title='bbox 1428 3803 1736 3867; x_wconf 82' lang='grc'><strong>444441144444444444</strong></span> <span class='ocrx_word' id='word_1_533' title='bbox 1758 3807 1898 3886; x_wconf 89' lang='lat' dir='ltr'>quosdam</span> <span class='ocrx_word' id='word_1_534' title='bbox 1920 3808 1951 3868; x_wconf 86' lang='lat' dir='ltr'>S.</span> 
     </span>
     <span class='ocr_line' id='line_1_84' title="bbox 1158 3894 1955 3973; baseline 0.023 -20"><span class='ocrx_word' id='word_1_535' title='bbox 1158 3894 1194 3955; x_wconf 87' lang='lat' dir='ltr'>tt.</span> <span class='ocrx_word' id='word_1_536' title='bbox 1211 3895 1246 3956; x_wconf 89' lang='lat' dir='ltr'>E.</span> <span class='ocrx_word' id='word_1_537' title='bbox 1262 3897 1439 3973; x_wconf 78' lang='lat' dir='ltr'>cardinales,</span> <span class='ocrx_word' id='word_1_538' title='bbox 1457 3902 1588 3964; x_wconf 91' lang='lat' dir='ltr'>timentes</span> <span class='ocrx_word' id='word_1_539' title='bbox 1610 3925 1644 3965; x_wconf 94' lang='lat' dir='ltr'>ne</span> <span class='ocrx_word' id='word_1_540' title='bbox 1665 3906 1812 3969; x_wconf 87' lang='lat' dir='ltr'>llomanus</span> <span class='ocrx_word' id='word_1_541' title='bbox 1826 3908 1955 3970; x_wconf 83' lang='lat' dir='ltr'>l&#39;ontiiex</span> 
     </span>
     <span class='ocr_line' id='line_1_85' title="bbox 1157 3997 1954 4087; baseline 0.018 -32"><span class='ocrx_word' id='word_1_542' title='bbox 1157 4013 1205 4056; x_wconf 91' lang='lat' dir='ltr'>eos</span> <span class='ocrx_word' id='word_1_543' title='bbox 1219 3997 1273 4056; x_wconf 93' lang='lat' dir='ltr'>sub</span> <span class='ocrx_word' id='word_1_544' title='bbox 1285 4000 1383 4059; x_wconf 89' lang='lat' dir='ltr'>colore</span> <span class='ocrx_word' id='word_1_545' title='bbox 1395 4000 1521 4080; x_wconf 89' lang='lat' dir='ltr'>alicujus</span> <span class='ocrx_word' id='word_1_546' title='bbox 1536 4005 1683 4082; x_wconf 86' lang='lat' dir='ltr'>legationis</span> <span class='ocrx_word' id='word_1_547' title='bbox 1699 4009 1879 4087; x_wconf 90' lang='lat' dir='ltr'>compellata</span> <span class='ocrx_word' id='word_1_548' title='bbox 1890 4008 1954 4069; x_wconf 85' lang='lat' dir='ltr'>llo·</span> 
     </span>
     <span class='ocr_line' id='line_1_86' title="bbox 1157 4099 1953 4184; baseline 0.02 -29"><span class='ocrx_word' id='word_1_549' title='bbox 1157 4114 1241 4157; x_wconf 90' lang='lat' dir='ltr'>mana</span> <span class='ocrx_word' id='word_1_550' title='bbox 1262 4099 1343 4159; x_wconf 89' lang='lat' dir='ltr'>curia</span> <span class='ocrx_word' id='word_1_551' title='bbox 1363 4101 1512 4174; x_wconf 85' lang='lat' dir='ltr'>secedere,</span> <span class='ocrx_word' id='word_1_552' title='bbox 1542 4121 1758 4184; x_wconf 91' lang='lat' dir='ltr'>nonnumquam</span> <span class='ocrx_word' id='word_1_553' title='bbox 1787 4108 1953 4171; x_wconf 84' lang='lat' dir='ltr'>abstinuisse</span> 
     </span>
     <span class='ocr_line' id='line_1_87' title="bbox 1157 4197 1955 4271; baseline 0.014 -13"><span class='ocrx_word' id='word_1_554' title='bbox 1157 4209 1185 4258; x_wconf 92' lang='lat' dir='ltr'>et</span> <span class='ocrx_word' id='word_1_555' title='bbox 1203 4197 1345 4261; x_wconf 88' lang='lat' dir='ltr'>abstinere</span> <span class='ocrx_word' id='word_1_556' title='bbox 1368 4219 1385 4259; x_wconf 86' lang='lat' dir='ltr'>a</span> <span class='ocrx_word' id='word_1_557' title='bbox 1413 4201 1502 4263; x_wconf 89' lang='lat' dir='ltr'>libere</span> <span class='ocrx_word' id='word_1_558' title='bbox 1523 4207 1715 4269; x_wconf 86' lang='lat' dir='ltr'>consultando</span> <span class='ocrx_word' id='word_1_559' title='bbox 1734 4209 1762 4268; x_wconf 93' lang='lat' dir='ltr'>in</span> <span class='ocrx_word' id='word_1_560' title='bbox 1786 4210 1955 4271; x_wconf 86' lang='lat' dir='ltr'>consistorio</span> 
     </span>
     <span class='ocr_line' id='line_1_88' title="bbox 1157 4302 1954 4385; baseline 0.019 -28"><span class='ocrx_word' id='word_1_561' title='bbox 1157 4316 1189 4357; x_wconf 92' lang='lat' dir='ltr'>ea</span> <span class='ocrx_word' id='word_1_562' title='bbox 1209 4318 1282 4376; x_wconf 90' lang='lat' dir='ltr'>qunc</span> <span class='ocrx_word' id='word_1_563' title='bbox 1298 4302 1338 4362; x_wconf 90' lang='lat' dir='ltr'>eis</span> <span class='ocrx_word' id='word_1_564' title='bbox 1365 4302 1511 4377; x_wconf 86' lang='lat' dir='ltr'>videntur,</span> <span class='ocrx_word' id='word_1_565' title='bbox 1541 4307 1709 4385; x_wconf 86' lang='lat' dir='ltr'>intersitque</span> <span class='ocrx_word' id='word_1_566' title='bbox 1733 4309 1878 4372; x_wconf 89' lang='lat' dir='ltr'>Romanae</span> <span class='ocrx_word' id='word_1_567' title='bbox 1891 4310 1954 4371; x_wconf 89' lang='lat' dir='ltr'>Ec·</span> 
     </span>
     <span class='ocr_line' id='line_1_89' title="bbox 1158 4399 1954 4491; baseline 0.016 -34"><span class='ocrx_word' id='word_1_568' title='bbox 1158 4399 1258 4460; x_wconf 83' lang='lat' dir='ltr'>clasiae</span> <span class='ocrx_word' id='word_1_569' title='bbox 1272 4412 1302 4461; x_wconf 91' lang='lat' dir='ltr'>et</span> <span class='ocrx_word' id='word_1_570' title='bbox 1316 4402 1499 4480; x_wconf 74' lang='lat' dir='ltr'>spostolicae</span> <span class='ocrx_word' id='word_1_571' title='bbox 1511 4403 1603 4479; x_wconf 90' lang='lat' dir='ltr'>Sedis,</span> <span class='ocrx_word' id='word_1_572' title='bbox 1616 4408 1694 4484; x_wconf 93' lang='lat' dir='ltr'>quod</span> <span class='ocrx_word' id='word_1_573' title='bbox 1705 4411 1837 4491; x_wconf 88' lang='lat' dir='ltr'>ipsorum</span> <span class='ocrx_word' id='word_1_574' title='bbox 1847 4409 1954 4471; x_wconf 85' lang='lat' dir='ltr'>Cardi-</span> 
     </span>
     <span class='ocr_line' id='line_1_90' title="bbox 1158 4501 1955 4584; baseline 0.015 -26"><span class='ocrx_word' id='word_1_575' title='bbox 1158 4501 1267 4560; x_wconf 87' lang='lat' dir='ltr'>nalium</span> <span class='ocrx_word' id='word_1_576' title='bbox 1284 4503 1401 4563; x_wconf 91' lang='lat' dir='ltr'>animus</span> <span class='ocrx_word' id='word_1_577' title='bbox 1415 4504 1451 4563; x_wconf 92' lang='lat' dir='ltr'>sit</span> <span class='ocrx_word' id='word_1_578' title='bbox 1466 4504 1495 4563; x_wconf 92' lang='lat' dir='ltr'>in</span> <span class='ocrx_word' id='word_1_579' title='bbox 1512 4507 1686 4570; x_wconf 90' lang='lat' dir='ltr'>consulenda</span> <span class='ocrx_word' id='word_1_580' title='bbox 1704 4510 1794 4584; x_wconf 91' lang='lat' dir='ltr'>liber,</span> <span class='ocrx_word' id='word_1_581' title='bbox 1815 4522 1845 4572; x_wconf 92' lang='lat' dir='ltr'>et</span> <span class='ocrx_word' id='word_1_582' title='bbox 1865 4522 1955 4571; x_wconf 88' lang='lat' dir='ltr'>cesset</span> 
     </span>
     <span class='ocr_line' id='line_1_91' title="bbox 1158 4600 1954 4673; baseline 0.018 -14"><span class='ocrx_word' id='word_1_583' title='bbox 1158 4600 1187 4659; x_wconf 91' lang='lat' dir='ltr'>in</span> <span class='ocrx_word' id='word_1_584' title='bbox 1206 4603 1393 4664; x_wconf 87' lang='lat' dir='ltr'>consiliorum</span> <span class='ocrx_word' id='word_1_585' title='bbox 1411 4605 1580 4671; x_wconf 90' lang='lat' dir='ltr'>eorumdem</span> <span class='ocrx_word' id='word_1_586' title='bbox 1597 4609 1768 4673; x_wconf 87' lang='lat' dir='ltr'>exhibitione</span> <span class='ocrx_word' id='word_1_587' title='bbox 1783 4613 1954 4673; x_wconf 82' lang='grc'><strong>444414144-</strong></span> 
     </span>
     <span class='ocr_line' id='line_1_92' title="bbox 1158 4701 1954 4790; baseline 0.018 -29"><span class='ocrx_word' id='word_1_588' title='bbox 1158 4701 1235 4762; x_wconf 91' lang='lat' dir='ltr'>mido</span> <span class='ocrx_word' id='word_1_589' title='bbox 1251 4704 1402 4781; x_wconf 92' lang='lat' dir='ltr'>omnisque</span> <span class='ocrx_word' id='word_1_590' title='bbox 1418 4707 1517 4780; x_wconf 90' lang='lat' dir='ltr'>timor,</span> <span class='ocrx_word' id='word_1_591' title='bbox 1544 4711 1610 4787; x_wconf 91' lang='lat' dir='ltr'>pari</span> <span class='ocrx_word' id='word_1_592' title='bbox 1626 4710 1713 4771; x_wconf 87' lang='lat' dir='ltr'>modo</span> <span class='ocrx_word' id='word_1_593' title='bbox 1729 4732 1831 4787; x_wconf 87' lang='lat' dir='ltr'>roreo,</span> <span class='ocrx_word' id='word_1_594' title='bbox 1845 4711 1915 4790; x_wconf 86' lang='lat' dir='ltr'>juro</span> <span class='ocrx_word' id='word_1_595' title='bbox 1926 4726 1954 4775; x_wconf 93' lang='lat' dir='ltr'>et</span> 
     </span>
     <span class='ocr_line' id='line_1_93' title="bbox 1158 4803 1954 4889; baseline 0.016 -26"><span class='ocrx_word' id='word_1_596' title='bbox 1158 4803 1294 4882; x_wconf 89' lang='lat' dir='ltr'>promitto</span> <span class='ocrx_word' id='word_1_597' title='bbox 1318 4821 1374 4866; x_wconf 92' lang='lat' dir='ltr'>non</span> <span class='ocrx_word' id='word_1_598' title='bbox 1394 4805 1508 4869; x_wconf 88' lang='lat' dir='ltr'>mittere</span> <span class='ocrx_word' id='word_1_599' title='bbox 1529 4809 1655 4889; x_wconf 92' lang='lat' dir='ltr'>aliquem</span> <span class='ocrx_word' id='word_1_600' title='bbox 1672 4812 1853 4876; x_wconf 87' lang='lat' dir='ltr'>Cardinalem</span> <span class='ocrx_word' id='word_1_601' title='bbox 1875 4816 1954 4875; x_wconf 87' lang='lat' dir='ltr'>iuri·</span> 
     </span>
     <span class='ocr_line' id='line_1_94' title="bbox 1159 4906 1954 4986; baseline 0.014 -23"><span class='ocrx_word' id='word_1_602' title='bbox 1159 4914 1220 4965; x_wconf 94' lang='lat' dir='ltr'>tum</span> <span class='ocrx_word' id='word_1_603' title='bbox 1235 4906 1264 4966; x_wconf 94' lang='lat' dir='ltr'>in</span> <span class='ocrx_word' id='word_1_604' title='bbox 1284 4907 1412 4984; x_wconf 89' lang='lat' dir='ltr'>aliquam</span> <span class='ocrx_word' id='word_1_605' title='bbox 1436 4908 1619 4986; x_wconf 87' lang='lat' dir='ltr'>legationem,</span> <span class='ocrx_word' id='word_1_606' title='bbox 1641 4914 1692 4972; x_wconf 89' lang='lat' dir='ltr'>nisi</span> <span class='ocrx_word' id='word_1_607' title='bbox 1713 4914 1862 4975; x_wconf 87' lang='lat' dir='ltr'>necessitas</span> <span class='ocrx_word' id='word_1_608' title='bbox 1883 4914 1954 4974; x_wconf 89' lang='lat' dir='ltr'>mit·</span> 
     </span>
     <span class='ocr_line' id='line_1_95' title="bbox 1159 5008 1952 5086; baseline 0.008 -19"><span class='ocrx_word' id='word_1_609' title='bbox 1159 5008 1234 5068; x_wconf 91' lang='lat' dir='ltr'>tendi</span> <span class='ocrx_word' id='word_1_610' title='bbox 1261 5027 1341 5084; x_wconf 88' lang='grc'><strong>4444,</strong></span> <span class='ocrx_word' id='word_1_611' title='bbox 1359 5020 1389 5070; x_wconf 87' lang='grc'>44</span> <span class='ocrx_word' id='word_1_612' title='bbox 1409 5027 1466 5071; x_wconf 91' lang='lat' dir='ltr'>non</span> <span class='ocrx_word' id='word_1_613' title='bbox 1482 5008 1561 5083; x_wconf 87' lang='lat' dir='ltr'>licta,</span> <span class='ocrx_word' id='word_1_614' title='bbox 1576 5012 1624 5074; x_wconf 90' lang='lat' dir='ltr'>sed</span> <span class='ocrx_word' id='word_1_615' title='bbox 1640 5012 1787 5074; x_wconf 89' lang='lat' dir='ltr'>dumtaxat</span> <span class='ocrx_word' id='word_1_616' title='bbox 1807 5014 1952 5086; x_wconf 87' lang='lat' dir='ltr'>volentes,</span> 
     </span>
     <span class='ocr_line' id='line_1_96' title="bbox 1160 5112 1951 5190; baseline 0.009 -21"><span class='ocrx_word' id='word_1_617' title='bbox 1160 5120 1188 5169; x_wconf 90' lang='lat' dir='ltr'>et</span> <span class='ocrx_word' id='word_1_618' title='bbox 1210 5128 1339 5190; x_wconf 88' lang='lat' dir='ltr'>expresse</span> <span class='ocrx_word' id='word_1_619' title='bbox 1359 5112 1585 5188; x_wconf 88' lang='lat' dir='ltr'>consentientes,</span> <span class='ocrx_word' id='word_1_620' title='bbox 1604 5132 1655 5176; x_wconf 93' lang='lat' dir='ltr'>nec</span> <span class='ocrx_word' id='word_1_621' title='bbox 1677 5133 1725 5177; x_wconf 87' lang='lat' dir='ltr'>eos</span> <span class='ocrx_word' id='word_1_622' title='bbox 1749 5114 1886 5176; x_wconf 89' lang='lat' dir='ltr'>indirecte</span> <span class='ocrx_word' id='word_1_623' title='bbox 1915 5117 1951 5176; x_wconf 90' lang='lat' dir='ltr'>ad</span> 
     </span>
     <span class='ocr_line' id='line_1_97' title="bbox 1159 5211 1954 5294; baseline 0.008 -24"><span class='ocrx_word' id='word_1_624' title='bbox 1159 5211 1314 5273; x_wconf 78' lang='lat' dir='ltr'>solendum</span> <span class='ocrx_word' id='word_1_625' title='bbox 1347 5223 1376 5275; x_wconf 92' lang='lat' dir='ltr'>et</span> <span class='ocrx_word' id='word_1_626' title='bbox 1411 5215 1643 5275; x_wconf 90' lang='lat' dir='ltr'>consentiendum</span> <span class='ocrx_word' id='word_1_627' title='bbox 1673 5235 1724 5294; x_wconf 89' lang='lat' dir='ltr'>per</span> <span class='ocrx_word' id='word_1_628' title='bbox 1750 5217 1850 5294; x_wconf 90' lang='lat' dir='ltr'>aliqua</span> <span class='ocrx_word' id='word_1_629' title='bbox 1879 5217 1954 5276; x_wconf 90' lang='lat' dir='ltr'>mala</span> 
     </span>
     <span class='ocr_line' id='line_1_98' title="bbox 1157 5313 1642 5392; baseline 0 -19"><span class='ocrx_word' id='word_1_630' title='bbox 1157 5313 1248 5375; x_wconf 90' lang='lat' dir='ltr'>media</span> <span class='ocrx_word' id='word_1_631' title='bbox 1270 5314 1475 5392; x_wconf 85' lang='lat' dir='ltr'>quoquomodo</span> <span class='ocrx_word' id='word_1_632' title='bbox 1497 5315 1642 5376; x_wconf 88' lang='lat' dir='ltr'>inducere.</span> 
     </span>
    </p>

    <p class='ocr_par' dir='ltr' id='par_1_19' title="bbox 1157 5414 1954 5798">
     <span class='ocr_line' id='line_1_99' title="bbox 1200 5414 1949 5495; baseline 0.005 -21"><span class='ocrx_word' id='word_1_633' title='bbox 1200 5414 1239 5475; x_wconf 91' lang='lat' dir='ltr'>Et</span> <span class='ocrx_word' id='word_1_634' title='bbox 1257 5416 1374 5495; x_wconf 86' lang='lat' dir='ltr'>iustrper</span> <span class='ocrx_word' id='word_1_635' title='bbox 1391 5415 1511 5495; x_wconf 91' lang='lat' dir='ltr'>puritati</span> <span class='ocrx_word' id='word_1_636' title='bbox 1527 5416 1765 5478; x_wconf 90' lang='lat' dir='ltr'>conscientiarum</span> <span class='ocrx_word' id='word_1_637' title='bbox 1780 5416 1949 5479; x_wconf 91' lang='lat' dir='ltr'>eorumdem</span> 
     </span>
     <span class='ocr_line' id='line_1_100' title="bbox 1157 5515 1950 5597; baseline 0.001 -19"><span class='ocrx_word' id='word_1_638' title='bbox 1157 5515 1354 5578; x_wconf 76' lang='lat' dir='ltr'>cardinalium</span> <span class='ocrx_word' id='word_1_639' title='bbox 1373 5518 1523 5579; x_wconf 88' lang='lat' dir='ltr'>consulere</span> <span class='ocrx_word' id='word_1_640' title='bbox 1538 5518 1663 5577; x_wconf 82' lang='lat' dir='ltr'>volentes</span> <span class='ocrx_word' id='word_1_641' title='bbox 1682 5529 1769 5597; x_wconf 89' lang='lat' dir='ltr'>prout</span> <span class='ocrx_word' id='word_1_642' title='bbox 1786 5528 1887 5597; x_wconf 87' lang='lat' dir='ltr'>optare</span> <span class='ocrx_word' id='word_1_643' title='bbox 1902 5522 1950 5579; x_wconf 88' lang='lat' dir='ltr'>vi-</span> 
     </span>
     <span class='ocr_line' id='line_1_101' title="bbox 1158 5617 1950 5697; baseline 0.005 -20"><span class='ocrx_word' id='word_1_644' title='bbox 1158 5618 1290 5694; x_wconf 91' lang='lat' dir='ltr'>deantur,</span> <span class='ocrx_word' id='word_1_645' title='bbox 1302 5636 1351 5679; x_wconf 90' lang='lat' dir='ltr'>eos</span> <span class='ocrx_word' id='word_1_646' title='bbox 1365 5629 1395 5680; x_wconf 93' lang='lat' dir='ltr'>et</span> <span class='ocrx_word' id='word_1_647' title='bbox 1409 5617 1567 5696; x_wconf 84' lang='lat' dir='ltr'>quemlibet</span> <span class='ocrx_word' id='word_1_648' title='bbox 1580 5637 1683 5681; x_wconf 90' lang='lat' dir='ltr'>eorum</span> <span class='ocrx_word' id='word_1_649' title='bbox 1699 5619 1876 5697; x_wconf 83' lang='lat' dir='ltr'>aquibusris</span> <span class='ocrx_word' id='word_1_650' title='bbox 1886 5622 1950 5681; x_wconf 89' lang='lat' dir='ltr'>cri·</span> 
     </span>
     <span class='ocr_line' id='line_1_102' title="bbox 1160 5718 1954 5798; baseline -0.003 -17"><span class='ocrx_word' id='word_1_651' title='bbox 1160 5723 1293 5795; x_wconf 91' lang='lat' dir='ltr'>minibus,</span> <span class='ocrx_word' id='word_1_652' title='bbox 1311 5719 1491 5792; x_wconf 88' lang='lat' dir='ltr'>excessibus,</span> <span class='ocrx_word' id='word_1_653' title='bbox 1505 5731 1533 5781; x_wconf 87' lang='lat' dir='ltr'>at</span> <span class='ocrx_word' id='word_1_654' title='bbox 1548 5718 1659 5781; x_wconf 90' lang='lat' dir='ltr'>delictis</span> <span class='ocrx_word' id='word_1_655' title='bbox 1683 5729 1954 5798; x_wconf 90' lang='lat' dir='ltr'>quantumcumque</span> 
     </span>
    </p>
   </div>
   <div class='ocr_carea' id='block_1_15' title="bbox 0 0 2250 6853">
    <p class='ocr_par' dir='ltr' id='par_1_20' title="bbox 0 0 2250 6853">
     <span class='ocr_line' id='line_1_103' title="bbox 0 0 2250 6853; baseline 0 0"><span class='ocrx_word' id='word_1_656' title='bbox 0 0 2250 6853; x_wconf 95' lang='lat' dir='ltr'> </span> 
     </span>
    </p>
   </div>
  </div>
 </body>
</html>
