4492 6859
300 635 341 698 ,0
751 619 1032 686 ronrtrrctrus
1055 619 1277 685 tnnocsarrt
1299 623 1452 690 ocrtvt
1834 629 1947 716 (itaq

299 776 479 844 rochetum,
507 769 643 830 baculum
676 766 704 824 in
732 781 820 823 manu
858 771 984 841 portans.
1015 759 1087 820 Post
1154 773 1231 824 tores
1251 766 1289 824 ad
1309 778 1451 827 secretam
1472 767 1648 829 credentiam
1662 769 1862 849 praedictam,
1882 774 1947 842 ubi,

297 895 364 939 eum
381 892 454 934 unus
467 869 641 932 Auditorum
654 865 745 926 Rotae
760 865 819 924 sine
839 862 961 930 mantili,
977 871 1006 921 et
1021 873 1085 939 post
1153 864 1283 942 imposita
1297 866 1334 925 ad
1355 867 1464 926 collum
1479 866 1594 929 domiuo
1611 869 1791 948 blasquardo
1804 875 1946 953 mappula

297 979 379 1038 illum
399 974 473 1034 alius
492 968 616 1030 Auditor
637 966 728 1027 Rotae
755 983 822 1024 cum
842 962 973 1030 mantili,
999 959 1086 1021 ambo
1152 964 1256 1034 serica,
1269 963 1361 1024 eidem
1377 976 1460 1043 potus
1477 986 1532 1045 pro
1550 967 1689 1032 Pontidee
1708 968 1766 1030 luit
1779 972 1948 1051 assigrtatus

297 1078 324 1137 in
346 1075 405 1136 suis
424 1071 530 1151 cappis.
550 1069 603 1129 llle
616 1067 653 1127 D.
675 1065 848 1124 Franciscos
863 1077 989 1137 ,aquam
1012 1076 1086 1137 por·
1152 1061 1181 1121 in
1201 1062 1288 1141 cipho
1308 1082 1436 1143 magno.
1456 1078 1485 1126 et
1506 1066 1565 1145 ipse
1584 1066 1725 1130 Dominus
1745 1071 1947 1149 Masquarrln,

296 1188 359 1236 tans
384 1176 413 1235 in
444 1169 607 1240 bacilibus,
634 1164 743 1226 medius
773 1164 846 1223 inter
879 1159 1022 1220 Andrearn
1050 1160 1085 1219 de
1115 1109 1120 1189 Ι
1152 1165 1278 1241 portavit
1299 1163 1430 1224 Pontillci
1450 1185 1486 1226 eo
1505 1167 1607 1228 ordine
1625 1182 1714 1248 prout
1733 1171 1804 1231 Dux
1826 1173 1947 1251 praedi-

295 1275 456 1337 Comitibus
487 1271 657 1350 llagistrurn
690 1264 811 1344 llospitii
848 1280 864 1320 a
900 1261 1027 1325 destris,
1055 1273 1084 1320 et
1151 1275 1215 1322 ctus
1234 1262 1378 1324 ferculum
1400 1270 1539 1345 portavit,
1556 1279 1586 1330 et
1605 1287 1662 1330 non
1683 1273 1804 1333 recessit
1815 1272 1856 1334 de
1879 1291 1947 1335 m.

296 1375 456 1437 Schalcum
476 1381 617 1433 secretum
645 1366 676 1426 S.
707 1364 745 1424 1).
771 1361 806 1422 Ν.
835 1380 853 1421 ι
878 1360 1022 1434 sinistris,
1048 1379 1084 1421 eo
1151 1362 1258 1433 dentis,
1274 1366 1328 1423 nisi
1348 1375 1499 1443 postquam
1514 1367 1581 1427 Dux
1600 1369 1636 1428 od
1653 1370 1743 1451 ipsam
1760 1373 1944 1435 maenum,

295 1476 396 1536 ordine
413 1491 479 1533 curn
494 1471 585 1530 solitis
599 1480 628 1529 ct
639 1465 739 1526 debitis
760 1463 928 1524 reverentiis
942 1473 1084 1522 vetarunt
1149 1464 1185 1525 de
1204 1464 1344 1526 Pontilice
1363 1466 1511 1526 rediisset:
1533 1466 1589 1528 boc
1606 1470 1707 1532 ordine
1726 1483 1866 1549 quatuor
1885 1471 1945 1532 ler-

295 1577 332 1636 ad
351 1572 536 1642 Pontificem,
558 1587 617 1648 quo
638 1583 739 1627 manus
763 1566 898 1635 lavante,
916 1560 1085 1623 cardinales
1150 1564 1217 1624 cula
1229 1565 1349 1625 luerunt
1368 1567 1529 1628 successive
1539 1567 1672 1630 Pontifici
1690 1582 1822 1650 portata,
1837 1582 1871 1632 et
1884 1585 1946 1652 porr

296 1678 409 1737 stabant
426 1673 568 1753 capitibus
582 1668 736 1748 coopertis,
751 1664 870 1746 praelati
885 1679 956 1723 vero
972 1661 1084 1723 stabant
1150 1663 1298 1741 quodlibet
1317 1664 1462 1726 terentum
1486 1667 1562 1728 alius
1588 1680 1674 1749 potus
1700 1671 1769 1730 vini,
1805 1671 1945 1732 Primum

296 1776 413 1838 detectis
431 1771 581 1852 capitibus,
602 1780 631 1829 et
651 1768 700 1827 alii
719 1783 817 1826 omrtea
838 1763 957 1824 detectis
977 1763 1083 1842 capiti·
1149 1764 1316 1836 sarculum,
1348 1765 1427 1844 quod
1457 1779 1522 1827 erat
1554 1769 1725 1847 pinoccbiati
1760 1771 1896 1833 indorati
1919 1786 1946 1835 et

296 1872 614 1955 busgenulleoteban13
633 1869 669 1928 ad
692 1868 766 1928 bono
788 1867 925 1927 lotionem
952 1863 1083 1924 nonfuit
1150 1863 1321 1942 inargentati
1340 1884 1409 1925 cunt
1429 1883 1522 1945 parvo
1543 1869 1648 1930 vexillo
1668 1869 1823 1931 Pontificis
1846 1857 1945 1933 erecto

296 1988 426 2045 vocatus,
443 1992 536 2051 neque
548 1970 647 2033 debuit
659 1969 758 2029 vocari
770 1966 852 2046 prior
867 1963 1082 2042 Episcoporum
1149 1964 1179 2022 in
1198 1963 1303 2036 medio,
1321 1966 1345 2023 si
1366 1976 1446 2025 recte
1465 1968 1593 2029 memini.
1612 1970 1739 2046 portavit
1760 1970 1862 2031 illust.
1884 1971 1946 2032 Do·

295 2078 340 2136 vel
359 2075 603 2154 Presbqtcrorum
628 2061 1084 2138 &comarumcomarum
1149 2064 1243 2123 minus
1252 2063 1319 2122 Dux
1329 2063 1667 2128 tnsttrenstst’rtmum
1677 2082 1781 2149 potum
1792 2071 1858 2132 vini
1872 2091 1945 2153 por·

294 2174 357 2235 lieri
371 2176 454 2245 solet,
468 2173 517 2234 sed
535 2172 595 2233 duo
615 2169 736 2230 Diaconi
754 2168 915 2226 assistentes
932 2165 1084 2244 praedicti,
1149 2164 1222 2222 tavit
1246 2161 1387 2224 Dominus
1419 2166 1612 2244 llasquardus
1634 2166 1746 2231 Orator
1767 2173 1944 2253 imperialis,

293 2275 411 2336 detectis
432 2272 593 2352 capitibus,
615 2271 781 2329 miscentem
802 2265 1001 2344 adjuvabant3
1022 2265 1083 2325 loto
1149 2262 1316 2324 Secundum
1334 2265 1481 2325 ferculum
1502 2278 1566 2327 erat
1584 2267 1740 2330 Coriandri
1776 2275 1884 2352 magni
1917 2287 1944 2335 er

292 2373 454 2444 Pontifice,
478 2371 626 2451 praedicto
646 2369 748 2430 ordine
778 2367 927 2429 redierunt
947 2365 984 2424 ad
1012 2382 1081 2425 cre·
1147 2364 1265 2442 grossi,
1286 2363 1364 2441 quod
1382 2367 1511 2444 portavit
1531 2366 1634 2428 &mcc
1657 2369 1803 2450 llerconij
1829 2371 1943 2437 0510,-

293 2473 416 2534 dentiam
428 2496 438 2546 3
461 2472 610 2533 conductis
630 2484 727 2532 autem
753 2467 906 2549 praedictis
931 2467 1081 2544 usquead
1148 2463 1236 2543 Regis
1256 2461 1444 2543 Neapolitani.
1479 2465 1646 2529 &undum
1675 2482 1778 2550 potum
1810 2477 1944 2554 porterit

292 2576 355 2635 solii
377 2573 472 2652 Papae
491 2571 611 2652 gradus,
631 2571 759 2651 acceptis
777 2586 891 2630 mecum
907 2565 1021 2627 duobus
1041 2563 1080 2625 d-
1147 2564 1287 2626 Dominus
1301 2565 1426 2627 Senator
1445 2565 1542 2628 Urbis
1558 2567 1692 2630 Tertium
1711 2572 1868 2635 ierculurn
1882 2589 1944 2637 erat

293 2677 337 2735 liis
356 2674 547 2737 servientibus
567 2690 731 2744 armorum,
751 2668 874 2731 conduxi
899 2666 935 2725 ad
957 2666 1080 2727 creden·

292 2780 360 2837 tiam
379 2777 473 2857 Papae
488 2786 629 2837 secretam
649 2774 728 2833 liius.
748 2771 784 2831 D.
803 2771 961 2831 Antonium
976 2770 1079 2829 ducem

290 2876 497 2937 amalfitanum
505 2919 515 2949 ,
529 2874 592 2934 tttt.
605 2873 668 2934 DD.
680 2872 840 2934 cardinalis
861 2870 992 2932 Settensis
1008 2889 1080 2949 ger·

291 2996 427 3050 nanum,
446 2978 535 3038 alium
556 2995 591 3038 ea
610 2975 778 3036 oratoribus
793 2972 880 3053 Degis
901 2971 1080 3051 Neapolitani

291 3078 458 3157 arpradicti,
473 3080 520 3138 cui
537 3078 736 3156 coruignatum
756 3075 810 3135 iuit
829 3075 956 3155 primum
977 3072 1080 3135 iercu·

291 3182 352 3241 lum
364 3177 496 3240 Pontiilei
507 3179 683 3259 portandum
696 3179 724 3237 in
738 3194 796 3237 ttna
812 3176 990 3236 convenienti
1005 3192 1079 3234 con-

289 3281 419 3351 secteris,
434 3279 570 3359 mappula
586 3279 696 3339 sericea
710 3278 790 3357 prius
804 3275 855 3336 sibi
873 3277 953 3336 circa
968 3274 1078 3335 collam

290 3379 431 3459 imposita.
450 3380 492 3450 ls,
511 3378 566 3439 boc
587 3378 688 3439 ordine
708 3379 829 3437 acooesit
848 3376 884 3434 ad
901 3374 1077 3436 Pontiticem.

290 3478 504 3539 Praecedebant
529 3478 588 3538 duo
619 3479 776 3538 servientes
797 3493 959 3536 armorum.
992 3475 1079 3555 Ego,

290 3579 427 3658 Magister
448 3578 576 3650 domus,
600 3577 648 3654 qui
678 3588 737 3636 tam
765 3576 801 3634 nd
830 3576 963 3636 lotionem
990 3593 1079 3653 quam

284 3659 338 3738 ¹iric
354 3691 383 3740 et
406 3680 434 3737 iu
454 3678 638 3754 sequentibus
659 3677 771 3737 actibus
792 3693 850 3736 uon
870 3676 990 3736 excessit
1006 3693 1079 3755 gra·

291 3778 345 3838 dus
360 3780 436 3846 solii,
451 3777 499 3838 sed
513 3777 618 3839 ibidem
633 3797 663 3838 se
684 3775 744 3837 fixit
764 3775 907 3853 usquead
923 3776 1078 3837 discessum

290 3880 476 3941 servieruium
503 3878 539 3939 de
568 3878 658 3950 solio,
686 3895 754 3938 cum
782 3876 888 3956 quibua
914 3878 1077 3937 iterumad

289 3979 463 4042 credentiam
474 3978 569 4039 rediit
579 3978 752 4058 blagistrum
767 3976 870 4036 domus
883 3975 1077 4054 sequebantur

290 4081 349 4143 duo
369 4080 543 4151 Auditorcs,
563 4080 676 4159 primus
696 4078 756 4138 sine
778 4078 912 4148 mantili,
935 4077 1077 4138 secundus

289 4201 356 4242 curn
371 4180 501 4252 mantili;
521 4177 664 4237 Scbalcus
682 4177 778 4256 Papae
798 4178 964 4257 praedictus
983 4178 1077 4239 lerens

288 4281 457 4352 ferculum
472 4281 565 4340 solum
585 4277 722 4358 Magister
744 4278 867 4359 Hospitii
883 4280 987 4338 aaran
1000 4277 1076 4358 opud

290 4380 478 4453 credentiam,
499 4379 555 4454 boc
572 4390 616 4439 est
635 4397 752 4440 manere
772 4378 881 4441 debuit.
903 4379 963 4440 Sed
983 4397 1076 4457 neque

290 4480 444 4552 Scbalcus,
453 4496 546 4558 neque
562 4478 701 4558 blagister
715 4479 834 4559 llospitii
849 4480 967 4541 solitum
979 4491 1006 4540 et
1022 4479 1076 4542 de-

290 4580 383 4641 bitum
402 4579 533 4640 ordinem
553 4592 720 4652 servarunt,
740 4581 790 4643 sed
803 4597 903 4641 omnes
919 4581 1075 4641 servientes

290 4691 349 4740 tam
369 4678 406 4740 de
421 4679 551 4750 lerctdis,
561 4697 648 4758 quam
659 4680 694 4742 de
704 4682 829 4762 potibus,
846 4682 922 4742 inter
942 4699 973 4741 se
993 4697 1075 4741 asso-

290 4783 418 4853 ciarunt,
434 4791 463 4840 et
484 4778 654 4841 nstecum
674 4781 821 4860 praefatus
842 4779 910 4841 Dux
927 4792 1002 4840 esset
1021 4799 1075 4841 co-

289 4899 354 4943 ratn
369 4876 508 4941 Pontidce
520 4922 529 4953 ,
542 4879 643 4939 datum
662 4881 718 4942 luit
738 4881 791 4942 sibi
807 4900 842 4942 ex
860 4883 1000 4961 portatis,
1021 4901 1073 4961 per

287 4981 470 5044 throtmtcn
501 4981 655 5042 &maen
683 4999 737 5060 pro
758 4982 829 5043 ruba
847 4984 908 5043 sire
928 4982 1074 5044 credentia

287 5079 427 5156 scalada,
442 5098 531 5160 quarn
550 5079 716 5160 geuulleaus
736 5082 821 5155 lecit,
840 5083 941 5159 sicque
963 5082 1074 5142 tamdiu

289 5179 494 5244 damarhrn
512 5184 605 5244 tenuit
616 5224 626 5256 ,
646 5199 798 5262 quousque
818 5181 949 5244 Pontifex
970 5182 1005 5243 dc
1024 5185 1073 5244 illa

287 5281 357 5344 ath
376 5281 679 5346 munerarent
700 5284 877 5345 voluntatem
897 5301 991 5344 suam.
1009 5283 1073 5364 ligo

288 5384 504 5466 murinam
524 5383 599 5446 iden
618 5384 686 5447 Dux
705 5405 806 5447 coram
828 5384 968 5448 Pontidce
985 5389 1072 5461 venit,

287 5483 412 5548 catast
424 5503 492 5548 cura
504 5485 570 5546 aliis
581 5486 694 5548 duobus
713 5485 903 5549 servientibus
920 5506 1072 5548 armorum

231 5663 235 5672 Ι
287 5585 324 5648 Ι.
345 5583 382 5646 D.
401 5583 609 5666 huardum
625 5587 783 5667 brisaquer
805 5598 949 5650 rectorem
971 5601 1000 5650 et
1015 5592 1073 5649 nri·

285 5687 377 5762 ibn,
397 5685 582 5779 inp-‘ialam'
596 5685 766 5760 Oratorem,
777 5700 806 5750 ct
821 5688 893 5750 duos
907 5690 977 5750 alios
989 5688 1072 5752 Dra.

1148 2667 1334 2728 consectionis
1348 2668 1462 2740 mistae,
1477 2668 1554 2746 quod
1574 2671 1704 2748 portarit
1722 2672 1834 2736 Comes
1855 2676 1944 2738 Hon-

1147 2778 1250 2846 tagnae
1276 2769 1363 2828 etiam
1382 2766 1492 2829 Orator
1508 2768 1597 2850 Degia
1612 2773 1784 2851 supradicti.
1803 2775 1941 2838 Tertium

1147 2878 1248 2945 potum
1273 2869 1416 2947 'portavit
1443 2867 1585 2930 Dominus
1619 2871 1737 2932 Florius
1771 2874 1940 2938 Durarreia

1153 2969 1235 3029 miles
1266 2967 1375 3028 ordinis
1410 2967 1443 3027 S.
1481 2969 1620 3031 lobannis
1653 2972 1940 3055 Hierosolymitani,

1147 3066 1258 3128 Orator
1278 3066 1367 3147 Degia
1381 3070 1534 3149 Ungariae.
1547 3069 1693 3140 Quartum
1709 3073 1862 3138 sarculum
1877 3091 1940 3141 erat

1146 3167 1307 3240 Cialdones,
1329 3170 1406 3246 qnod
1421 3173 1549 3249 portavit
1576 3169 1612 3230 D.
1631 3170 1816 3243 leonardus,
1836 3176 1939 3239 donor

1145 3280 1173 3329 et
1194 3271 1287 3340 miles,
1302 3267 1413 3333 Orator
1428 3273 1474 3333 ΙΙΙ.
1487 3272 1577 3332 Ducis
1590 3273 1818 3335 llediolanensis.
1839 3275 1939 3348 Quar-

1147 3381 1208 3429 tutn
1234 3381 1347 3449 potunn
1358 3371 1437 3449 quod
1455 3385 1520 3434 erat
1532 3391 1569 3432 ex
1586 3387 1737 3453 ypocrate,
1752 3380 1887 3456 portavit
1904 3378 1938 3438 D.

1147 3472 1287 3531 Antonius
1308 3468 1419 3531 Orator
1440 3472 1634 3534 Florentinus.

1187 3570 1346 3648 Postquam
1368 3584 1508 3649 quartum
1535 3585 1639 3654 potunt
1660 3574 1793 3637 Pontifici
1820 3588 1939 3657 portatas

1145 3672 1251 3732 solium
1270 3672 1453 3744 ascendisset,
1472 3674 1577 3733 rocavi
1594 3674 1631 3733 ad
1649 3674 1829 3737 credentiam
1850 3697 1940 3758 prae·

1145 3772 1252 3832 dictam
1273 3771 1470 3832 cubicularios
1488 3772 1606 3852 Papae,
1624 3774 1692 3846 ubi,
1711 3778 1839 3855 singulis
1870 3795 1937 3839 cum

1144 3873 1204 3932 suis
1223 3872 1390 3951 cappucciis
1410 3873 1446 3931 ad
1478 3874 1588 3933 collum
1612 3875 1774 3948 stantibus,
1802 3879 1937 3958 imposita

1144 3972 1200 4032 iuit
1223 3971 1357 4052 mappula
1379 3973 1486 4033 munda
1507 3974 1544 4032 ud
1573 3975 1713 4037 timorem
1734 3978 1839 4050 illius,
1868 3990 1936 4038 tan·

1146 4087 1207 4134 tum
1228 4073 1350 4152 demptis
1368 4076 1418 4151 qui
1434 4075 1658 4155 guardanappas
1675 4088 1742 4138 ante
1765 4079 1937 4141 Cardinalcs

1143 4191 1263 4234 servare
1288 4172 1450 4244 debebant,
1471 4176 1603 4252 quisine
1624 4177 1769 4255 mappulis
1793 4180 1938 4241 servituri

1143 4282 1237 4332 erant.
1263 4271 1457 4335 Descendente
1474 4294 1492 4334 a
1512 4274 1653 4337 Pontiicc
1671 4276 1708 4336 D.
1730 4278 1869 4351 Antonio,
1886 4281 1936 4359 qui

1143 4384 1283 4450 quartum
1306 4386 1410 4452 potum
1434 4376 1586 4453 portavit,
1606 4376 1819 4439 descenderunt
1848 4377 1936 4440 etiarn

1143 4473 1185 4533 illi
1203 4472 1263 4533 duo
1282 4472 1403 4534 Diacoui
1423 4475 1590 4537 cardinales
1613 4479 1795 4551 assistentes,
1826 4480 1880 4559 qui
1898 4483 1937 4543 ad

1142 4591 1246 4634 eorum
1265 4573 1411 4634 bancbunt
1432 4576 1469 4635 ad
1487 4594 1539 4635 sua
1562 4580 1626 4638 loca
1646 4591 1834 4641 veneruutct
1851 4582 1937 4644 aede·

1143 4687 1213 4734 runt
1232 4694 1341 4736 omnes

1182 4776 1315 4849 lnterim,
1329 4796 1399 4837 cum
1413 4779 1491 4859 Papa
1511 4782 1694 4842 collationem
1712 4783 1823 4845 iaceret
1838 4796 1870 4845 et
1887 4785 1936 4845 bi·

1142 4876 1236 4950 beret,
1254 4877 1422 4938 cardinales
1433 4898 1544 4953 omnes,
1558 4893 1586 4942 et
1603 4883 1737 4961 praelati,
1752 4885 1847 4945 etalii
1860 4903 1936 4946 cott-

1141 4977 1265 5048 stabant,
1285 4978 1335 5038 sed
1356 4980 1385 5037 in
1406 4984 1466 5040 suis
1491 4984 1562 5041 locis
1580 4981 1656 5043 lirini
1673 4982 1828 5059 sedebant,
1848 4987 1934 5048 dam·

1141 5078 1196 5156 ptis
1216 5079 1285 5138 solis
1313 5082 1507 5142 assistentibus
1536 5083 1721 5164 supradictis,
1742 5086 1794 5164 qui
1813 5086 1933 5149 detectis

1141 5180 1281 5259 capitibus
1300 5191 1406 5241 stantes
1424 5184 1597 5244 serviebant

1181 5281 1382 5342 coronalibus
1399 5284 1532 5345 omnibus
1549 5286 1779 5359 consedentibus,
1798 5305 1933 5349 aecus&

1141 5394 1209 5442 runt
1230 5384 1368 5461 quinque·
1382 5385 1556 5446 cubicularii
1576 5405 1645 5449 ιιιι
1664 5387 1778 5450 duabus
1798 5389 1933 5469 guarda·

1140 5484 1239 5563 nappis
1268 5484 1384 5563 longis,
1399 5504 1526 5565 quarum
1547 5505 1636 5548 unam
1664 5489 1851 5569 longiorem,
1871 5502 1932 5553 tres

1139 5587 1269 5665 ipsorum
1289 5597 1356 5647 ante
1376 5586 1534 5669 Episcopos
1561 5602 1589 5651 et
1610 5589 1801 5671 Presbyteros
1819 5593 1932 5656 Cardi-

1138 5691 1245 5749 nalesa
1264 5690 1359 5769 primo
1385 5689 1423 5751 ad
1443 5677 1578 5754 ultimum
1598 5704 1742 5754 extensam
1760 5694 1930 5756 servabant.
