4492 6859
253 628 365 715 titos)

241 765 279 828 Ν.
298 786 332 828 ac
354 767 426 829 iter.
449 767 642 830 Dominarum
663 767 861 832 cardinalium
882 787 964 830 more
982 787 1033 829 so·

240 868 293 929 lito
311 868 433 948 recepti,
450 880 480 930 et
499 880 590 947 usque
609 870 645 930 ad
664 871 782 931 domum
793 870 909 950 hospitii
927 887 1032 931 eorum

239 966 457 1050 angulat·em(l)
465 969 596 1030 videlicet
605 970 770 1049 oppositum
782 968 889 1031 curiae
902 969 1033 1032 Sabellac

240 1068 368 1147 regionis
378 1068 519 1147 Regulus,
528 1071 658 1130 associati
672 1071 801 1132 luerunt.
815 1072 933 1132 Primus
948 1071 1032 1148 equi·

240 1171 313 1229 tarit
334 1170 407 1230 inter
428 1170 502 1230 daos
523 1173 665 1251 praelatos
687 1172 791 1233 Palatii
813 1171 939 1245 medius3
966 1172 1031 1250 pari

241 1268 327 1330 modo
367 1279 397 1329 et
431 1271 574 1332 secundus
586 1294 596 1345 3
631 1274 733 1333 tertius
766 1274 841 1335 inter
868 1274 1030 1353 praelatum

241 1367 344 1430 Palatii
352 1352 375 1429 ⁵a
394 1371 520 1444 destris,
538 1374 618 1434 etl).
638 1376 804 1454 episcopum
823 1375 1030 1436 Dertonensem

241 1467 397 1533 Oratorem
419 1472 511 1533 Oucis
532 1473 685 1534 Mediolani
707 1492 723 1533 a
745 1475 888 1550 sinistris3
907 1486 1030 1553 quartus

239 1571 375 1633 similiter
403 1573 478 1634 inter
499 1578 661 1654 praelatam
683 1576 787 1636 Palatii
808 1595 825 1635 a
844 1576 973 1649 dextris,
999 1588 1029 1638 et

239 1670 388 1732 dominum
411 1672 589 1752 Stephanum
611 1675 743 1736 'l'aberna
765 1677 853 1736 etiam
870 1672 1028 1736 Oratorem

238 1770 368 1848 ejusdem
390 1773 480 1834 llaeis
506 1794 523 1834 a
549 1776 679 1837 sinistris.
702 1777 836 1837 Aliorum
864 1774 1028 1838 Oratorum

239 1876 337 1934 nullus
358 1875 385 1935 ei
405 1875 521 1936 obviam
542 1878 628 1937 rettit.
646 1877 819 1938 Habuerunt
838 1881 944 1939 salmas
975 1877 1028 1936 de·
1060 1868 1064 1907 ¹

239 1992 323 2046 cetu,
343 1986 373 2036 et
392 1995 482 2054 equos
506 1996 541 2038 ac
559 1978 653 2039 mulas
680 1978 798 2040 circiter
821 1978 1028 2057 quadraginta,

239 2075 362 2153 demptis
397 2079 606 2139 mercatoribus
641 2079 852 2153 lanuensibus,
889 2080 940 2157 qui
979 2098 1028 2142 eos

239 2177 466 2238 associaverunt.
1016 2205 1019 2210 ·

280 2277 365 2338 Faria
387 2294 502 2356 quarta,
524 2282 623 2358 quinta
644 2281 804 2344 decembris
823 2279 881 2363 (Ι),
903 2280 959 2341 88.
990 2280 1025 2342 Ι).

240 2376 275 2438 Ν.
299 2390 419 2458 paratus
440 2398 507 2441 eum
527 2382 648 2460 pluuiali
667 2382 761 2444 rubeo
782 2400 850 2443 cum
877 2382 965 2462 perlis
994 2400 1029 2445 ac

238 2479 328 2538 mitra
361 2480 499 2558 preciosis
523 2481 600 2542 venit
626 2482 662 2542 ad
683 2483 797 2545 tertiam
826 2484 923 2543 attium
957 2502 1029 2545 con·

238 2589 352 2639 saetam
367 2598 422 2659 pro
442 2580 559 2660 publico
573 2582 743 2644 consistorio
756 2594 905 2663 paratam,
923 2586 951 2644 in
970 2602 1029 2661 quo

238 2680 365 2740 illustris
392 2680 515 2743 Hermes
544 2682 637 2743 blaria
668 2684 777 2744 Slortia
807 2703 873 2746 cum
901 2694 1029 2763 quatuor

238 2786 304 2845 aliis
318 2783 496 2846 Oratoribus
509 2785 648 2846 lobannis
666 2786 787 2848 Galeatii
806 2788 897 2847 Oricis
917 2786 1028 2849 lledio·

244 2886 325 2958 lani,
347 2896 376 2946 et
398 2884 542 2946 badonici
563 2887 652 2948 Dacis
671 2889 762 2961 ilarii,
783 2889 968 2968 praesentatis
995 2907 1029 2948 ex

239 3004 322 3047 more
342 2986 453 3047 duabus
470 2986 591 3049 dirersis
610 2990 780 3052 eorumdem
799 2991 917 3052 Ducum
936 2991 1028 3052 literis

241 3088 474 3159 amoenitatibus,
493 3091 637 3168 praestitit
657 3092 843 3153 obedientiam
865 3093 980 3152 solitam
999 3103 1028 3152 et

242 3199 406 3251 consuetam
433 3188 489 3250 88.
522 3190 558 3249 D.
580 3191 614 3252 Ν.
640 3194 780 3253 Αεεοοὶοιί
810 3192 930 3254 luerunt
960 3192 1028 3253 dieti

242 3285 385 3350 Oratores
408 3307 444 3350 ex
471 3308 563 3369 parva
585 3293 713 3371 cappella
741 3313 792 3372 per
820 3311 868 3354 sex
890 3293 1028 3354 Dominos

241 3392 425 3465 estuans,
448 3392 582 3453 videlicet
606 3393 863 3473 Arcbiepiscopam
890 3394 1028 3456 cusenti-

240 3509 312 3553 num
332 3502 361 3553 et
381 3491 570 3565 castrensem,
583 3492 807 3567 'l'ricariensem
830 3495 1027 3570 Dolenensem,

241 3591 497 3664 vulteranensem,
516 3603 546 3653 et
566 3594 790 3655 Alexandrinum
815 3598 962 3675 episcopos
989 3595 1026 3656 ad

240 3694 427 3773 praesentiam
447 3692 502 3754 88.
517 3694 553 3754 Ι).
571 3694 679 3755 Nostri.
704 3692 873 3756 Orationem
900 3697 967 3756 lecit
988 3696 1027 3755 Ι).-

239 3793 325 3853 Jason
364 3792 505 3867 blainus,
534 3795 651 3872 quintas
698 3794 871 3857 Oratorum.
897 3797 1026 3858 'Interea

241 3905 323 3955 retro
356 3895 501 3955 bancbum
545 3895 791 3975 Presbyterorum
828 3897 1025 3958 cnrdinalium

242 4004 385 4056 steterunt
405 3994 565 4073 Episcopus
583 3994 768 4055 Dertottensis
794 4006 823 4056 et
837 3996 873 4055 Ι).
895 3996 1027 4075 Stepha-

239 4111 294 4153 nus
317 4093 448 4154 Taberna
467 4096 577 4172 antiqui
593 4092 734 4156 Oratores
754 4095 844 4157 Ducis
865 4096 1029 4172 Mediolani,

238 4194 291 4269 qui
317 4203 409 4254 tamen
431 4211 487 4253 noa
511 4193 633 4254 luerunt
653 4212 706 4276 per
724 4198 868 4275 praelatos
884 4197 920 4256 ad
938 4216 1026 4278 prae·

238 4295 357 4356 tentiam
373 4293 427 4355 88.
442 4295 557 4356 Domini
573 4295 607 4356 Ν.
618 4298 763 4370 associati,
777 4308 830 4357 aut
841 4298 877 4359 ad
891 4301 1026 4375 osculum

239 4394 368 4474 recepti,
389 4412 483 4473 neque
503 4395 574 4456 illac
605 4409 768 4473 uenerunt.
788 4400 836 4460 sed
858 4410 1026 4461 manserunt

238 4495 316 4574 apud
337 4496 481 4556 bancbum
497 4496 620 4570 dietum,
630 4498 724 4560 dictos
743 4501 870 4579 quinque
885 4500 1027 4563 Oratores

238 4613 328 4658 noros
349 4597 454 4658 ibidem
480 4608 668 4677 expectantes.
696 4600 829 4661 Fuerunt
862 4601 1026 4680 propositae

239 4696 313 4757 duae
330 4695 568 4772 commissiones,
588 4717 715 4776 quitrnm
738 4702 861 4781 primam
884 4702 1026 4765 Oomintts

239 4798 383 4859 Fabianus
396 4798 431 4860 de
446 4800 553 4872 Monte,
567 4801 723 4861 secundam
744 4803 779 4863 Ι).
798 4804 907 4864 Paulas
919 4803 1025 4864 Planca

207 4921 212 4930 ·
239 4899 370 4960 monasti
382 4900 594 4961 consistoriales
606 4914 830 4981 proposuerunt.
845 4905 941 4964 Finito
952 4921 1026 4965 con·

240 5001 374 5072 cisiario,
397 5009 427 5061 et
458 5000 649 5061 familiaribus
670 5001 817 5065 dictorum
848 5003 1027 5079 Oratorum,

240 5119 362 5163 numero
376 5102 493 5162 circiter
509 5118 596 5177 coc,
615 5104 652 5164 ad
669 5107 806 5166 osculum
825 5106 903 5186 pedis
931 5107 1026 5185 Papae

240 5204 374 5282 receptis,
403 5201 481 5281 Papa
507 5222 643 5266 reversus
671 5217 715 5267 est
741 5209 777 5267 ad
799 5225 961 5280 cameram,
989 5208 1024 5266 Ι).

241 5303 376 5365 llermete
411 5304 506 5385 primo
540 5302 667 5367 Oratore
697 5306 824 5368 fimbrias
851 5308 1026 5388 posteriores

222 5404 376 5495 ⁸plurialis
395 5405 488 5485 Papae
507 5404 650 5468 deiereatc
665 5404 721 5490 (9).

271 5641 338 5702 (Νη
350 5641 548 5701 textuiiocardi,
558 5639 623 5705 serta
632 5642 726 5703 quarto
735 5638 775 5690 ccl
784 5639 872 5700 palato
880 5637 1028 5688 decembris.

270 5724 306 5784 tt)
328 5722 365 5774 De
382 5723 558 5787 legationibus
576 5720 611 5773 ad
634 5718 812 5770 Alexandrum
835 5720 942 5770 sextam
964 5723 1025 5781 post

732 628 1017 694 rottttatctttis
1038 629 1263 694 tbttxtrtnttt
1284 632 1409 694 saxtt.
1826 638 1887 700 bl'i

1144 769 1229 830 Faria
1251 770 1365 848 quinta,
1384 788 1427 833 rt.
1450 770 1621 847 decembris,
1643 773 1717 834 liora
1735 791 1817 835 xxti.
1838 776 1889 837 vel

1102 868 1203 940 circa,
1223 887 1274 947 per
1293 880 1407 949 portam
1443 871 1577 933 viridarii
1609 874 1795 934 intraverunt
1824 874 1889 937 Ur'·

1100 968 1167 1030 bem
1184 980 1314 1047 quatuor
1329 971 1397 1030 nori
1407 968 1558 1046 Oratores,
1573 970 1617 1053 (et
1634 992 1703 1035 cum
1717 976 1757 1035 eis
1769 975 1890 1054 quintus

1101 1071 1152 1147 qui
1173 1072 1312 1132 continuo
1344 1074 1425 1151 prius
1450 1074 1478 1131 ia
1501 1072 1631 1133 Romana
1652 1073 1741 1135 curia
1768 1076 1890 1158 iuerat),¹

1099 1168 1224 1255 Oominii
1244 1171 1439 1246 Venetorum,
1461 1173 1592 1234 videlicet
1613 1173 1728 1234 Domini
1756 1175 1888 1237 Marinus

1099 1268 1227 1341 Leonas,
1241 1270 1469 1350 christophorus
1484 1272 1622 1347 Oriodus,
1637 1274 1746 1334 Paulus
1759 1275 1885 1351 llarbus,

1098 1380 1128 1432 et
1143 1370 1327 1432 Sebastianus
1342 1371 1509 1433 Badaarlas
1528 1374 1605 1448 nori,
1620 1384 1650 1436 et
1671 1394 1738 1436 cum
1757 1377 1797 1438 eis
1817 1376 1883 1437 Do·

1098 1475 1193 1533 minus
1209 1472 1338 1535 Andreas
1359 1471 1496 1553 cappello
1516 1476 1651 1552 antiquas
1662 1472 1785 1548 Orator,
1804 1479 1888 1555 quia

1096 1572 1213 1634 familiis
1231 1571 1287 1633 88.
1307 1572 1343 1632 Ι).
1363 1570 1403 1632 Ν.
1423 1572 1542 1653 Papae,
1571 1584 1602 1634 et
1622 1574 1821 1637 cardinalium
1853 1593 1889 1638 ce

1098 1673 1274 1736 Oratoribus
1304 1673 1419 1753 lieguat
1450 1683 1480 1734 et
1509 1674 1716 1737 Potentutuum
1748 1676 1778 1736 ia
1807 1675 1889 1740 Urbe

1096 1775 1293 1845 existentibus,
1310 1777 1420 1854 recepti
1434 1773 1567 1847 luerunt,
1577 1785 1605 1837 et
1617 1794 1708 1854 usque
1720 1776 1757 1837 ad
1769 1776 1888 1838 domum

1097 1874 1133 1936 Ι).
1150 1875 1230 1936 Petri
1242 1874 1276 1935 de
1289 1874 1382 1935 Roma
1394 1875 1471 1935 circa
1494 1875 1649 1937 Parcarios
1669 1886 1697 1937 et
1714 1877 1887 1950 Minervam,

1097 1978 1207 2054 inqua
1230 1975 1393 2055 hospitandi
1411 1985 1509 2050 erant,
1532 1995 1612 2038 more
1637 1978 1721 2039 solito
1745 1976 1887 2038 auocbti.

1096 2077 1219 2139 Primus
1235 2076 1293 2136 tuit
1313 2075 1387 2138 inter
1414 2076 1620 2155 llagusinutn,
1644 2089 1673 2139 et
1698 2077 1887 2139 cusentinum

1096 2179 1336 2257 Arcbiepiscopos
1361 2179 1504 2256 praelatos
1523 2178 1639 2251 Palatii,
1656 2179 1798 2241 secundus
1813 2181 1888 2242 iuter

1097 2282 1258 2360 praelatum
1273 2276 1378 2338 Palatii
1395 2296 1412 2337 a
1432 2277 1541 2339 dextris
1562 2290 1590 2339 et
1610 2276 1768 2340 Oratorem
1789 2279 1887 2339 Fran·

1097 2381 1157 2440 ciue
1167 2399 1185 2439 a
1196 2379 1330 2450 sinistris,
1344 2379 1432 2438 simili
1450 2378 1537 2439 modo
1548 2378 1650 2439 tertias
1662 2378 1708 2460 (3)
1721 2391 1844 2458 quartus
1857 2390 1889 2441 et

1098 2481 1230 2558 quinitas:
1258 2489 1399 2539 venerant
1417 2496 1487 2539 cum
1503 2479 1651 2557 equitibus
1672 2496 1719 2542 cc.
1742 2481 1788 2541 rel
1807 2480 1887 2541 eirca

1097 2593 1126 2642 et
1146 2581 1245 2640 salmis
1266 2578 1319 2641 80.
1339 2597 1408 2639 cam
1431 2580 1540 2657 pluria.
1560 2621 1572 2635 ,-

1139 2681 1193 2741 llis
1213 2680 1313 2742 diebus
1334 2679 1407 2741 liar.
1429 2681 1465 2740 Ι).
1486 2679 1649 2741 Cardiaalis
1676 2678 1884 2760 Neapolitanas

1096 2798 1226 2843 asserens
1250 2782 1397 2842 illustrem
1421 2781 1457 2840 b.
1480 2780 1665 2843 Fridericum
1687 2782 1788 2843 Seren.
1808 2782 1886 2844 Fer·

1096 2881 1213 2941 dinandi
1233 2871 1350 2941 stottiie
1371 2880 1468 2959 Regis
1483 2880 1740 2961 secundogenitum
1762 2882 1886 2945 Romam

1098 2992 1256 3043 uenturum
1278 3000 1333 3061 pro
1352 2981 1514 3043 obedientia
1538 2981 1594 3043 88.
1617 2984 1744 3046 Domino
1764 2984 1801 3045 Ν.
1831 3004 1888 3065 pro

1097 3082 1176 3162 Rege
1189 3082 1318 3163 genitore
1336 3101 1390 3142 suo
1409 3083 1591 3161 praestanda,
1611 3086 1765 3165 ipsumque
1776 3085 1890 3149 deside·

1097 3201 1175 3255 rare,
1195 3194 1348 3261 antequam
1368 3182 1405 3241 ad
1424 3183 1543 3244 domum
1558 3202 1628 3246 suae
1643 3186 1799 3247 mansionis
1817 3206 1888 3266 pet·-

1097 3286 1205 3359 reniat,
1215 3302 1363 3345 summum
1375 3284 1544 3347 Pontificem
1557 3288 1701 3361 uenerari,
1714 3306 1759 3348 me
1771 3289 1890 3367 rogarit

1095 3391 1118 3448 si
1140 3405 1229 3467 super
1251 3385 1307 3447 boc
1329 3384 1460 3449 Pontifex
1480 3405 1527 3447 me
1546 3389 1723 3460 consuleret,
1743 3400 1888 3467 quatenus

1095 3491 1123 3549 in
1138 3488 1194 3549 hac
1211 3487 1344 3549 savorem
1358 3486 1399 3547 rei
1413 3487 1500 3547 velim
1522 3487 1675 3567 impartiri.
1692 3487 1772 3550 llisit
1787 3488 1888 3551 deinde

1096 3606 1151 3668 pro
1173 3605 1220 3649 nte
1238 3586 1384 3660 Pontifex,
1403 3598 1433 3647 et
1454 3586 1483 3647 iu
1504 3586 1610 3649 illontis
1630 3587 1747 3667 Regalis
1775 3591 1886 3669 nepotis

1094 3690 1187 3750 miae
1202 3688 1318 3750 mannii
1333 3688 1571 3751 vicecancellarii
1585 3689 1786 3752 cardinalium
1797 3710 1886 3772 prae·

1094 3790 1185 3852 sentia
1200 3808 1247 3850 me
1268 3790 1396 3867 rogarit,
1412 3790 1484 3867 quid
1504 3790 1576 3850 mibi
1592 3791 1752 3877 rideretur,
1771 3802 1844 3870 quot
1856 3801 1887 3853 et

1095 3890 1131 3952 de
1162 3910 1223 3968 quo
1249 3890 1350 3950 ordine
1376 3889 1544 3951 cardinales
1564 3901 1657 3952 essent
1677 3892 1713 3950 l).
1733 3892 1887 3953 Pritlerico

1094 3990 1243 4071 praedicto
1261 3989 1377 4051 obt-iam
1396 3990 1542 4061 mittendi,
1557 4002 1587 4051 et
1601 4009 1638 4052 an
1656 4003 1730 4053 esset
1745 3994 1773 4052 in
1789 3993 1886 4071 primo

1095 4092 1219 4152 introitu
1235 4092 1272 4151 ad
1293 4090 1485 4153 Sanctitatem
1500 4091 1591 4152 Suam
1612 4091 1818 4168 admittendus,
1836 4095 1884 4156 vel

1094 4211 1177 4254 mare
1197 4194 1282 4254 solito
1303 4192 1332 4254 ln
1354 4191 1399 4253 die
1416 4194 1603 4273 praestandae
1621 4194 1804 4256 obedieutiae.
1822 4182 1906 4257 tte:

1094 4294 1195 4373 spondi
1216 4293 1316 4355 Saoct.
1333 4292 1365 4354 8.
1386 4295 1422 4352 ad
1444 4294 1583 4373 primum,
1600 4294 1680 4372 quod
1695 4296 1755 4357 duo
1776 4295 1884 4357 cardi·

1095 4396 1184 4468 mles,
1200 4412 1276 4455 unus
1292 4394 1328 4455 de
1347 4393 1603 4475 Presbyterorum,
1629 4396 1704 4457 alius
1722 4395 1757 4457 de
1775 4397 1885 4458 Diaco-

1094 4514 1201 4558 norum
1222 4495 1375 4558 ordinibus
1396 4495 1566 4559 riderentur
1587 4496 1733 4570 ntittendi,
1752 4502 1883 4576 'quoram

1095 4618 1170 4660 unus
1204 4618 1264 4660 esse
1294 4611 1388 4680 posset
1421 4599 1527 4660 biantis
1559 4598 1680 4678 liegalix
1713 4599 1885 4679 Presbyter,

1093 4713 1122 4763 et
1141 4701 1295 4763 Sanctitati
1313 4701 1390 4763 Suae
1411 4702 1552 4780 sanguine
1571 4698 1708 4778 junctus3
1722 4701 1759 4760 ad
1773 4720 1882 4763 secun·

1094 4803 1187 4877 dum,
1206 4803 1295 4883 quod,
1318 4805 1384 4865 licet
1406 4822 1508 4865 omnes
1534 4822 1595 4883 pro·
1608 4801 1780 4882 praestanda
1809 4803 1883 4864 obe·

1093 4906 1198 4966 dientia
1217 4906 1306 4979 missi,
1318 4924 1375 4966 non
1389 4907 1516 4966 solerent
1534 4906 1705 4983 priusquam
1720 4905 1749 4962 in
1764 4902 1883 4981 publico
1981 4902 1987 4909 '

1095 5009 1288 5080 consistorio,
1309 5007 1486 5069 obedientiae
1506 5004 1692 5086 praestandae
1707 5023 1725 5063 a
1743 5002 1883 5065 Pontidce

1094 5112 1205 5190 recipi,
1231 5108 1261 5168 id
1291 5121 1477 5170 tamencum
1507 5108 1561 5167 isto
1588 5105 1673 5184 regio
1704 5103 1765 5166 dlio
1798 5123 1882 5184 posse

1094 5212 1203 5282 omitti,
1214 5211 1366 5291 ipsumque
1380 5228 1397 5268 a
1413 5209 1459 5270 die
1474 5209 1519 5268 sui
1538 5207 1674 5268 introitus
1688 5225 1706 5265 a
1721 5205 1882 5266 Sanctitate

1095 5311 1156 5372 Sua
1174 5312 1211 5372 ad
1225 5312 1303 5392 pedis
1313 5312 1446 5372 osculum
1464 5309 1666 5371 convenienter
1680 5326 1762 5388 passe
1780 5304 1883 5384 recipi,

1096 5559 1154 5616 ejus
1179 5555 1384 5618 assumptionem
1410 5568 1423 5603 a
1447 5552 1610 5615 Principibus
1632 5556 1659 5602 et
1683 5549 1882 5614 liebuspubllcis

1096 5633 1186 5685 ltaliae
1203 5635 1301 5693 missis,
1317 5634 1379 5683 vide
1394 5636 1563 5682 monumenta
1582 5634 1607 5681 ia
1625 5630 1781 5694 appendice.

1135 5716 1170 5778 (³)
1184 5715 1213 5765 lu
1229 5716 1304 5766 textu
1320 5712 1430 5765 Eccardi
1449 5733 1459 5754 ·
1478 5711 1557 5762 simili
1573 5712 1649 5763 modo
1665 5712 1704 5766 at.
1721 5711 1760 5762 tt.
1773 5711 1794 5759 tt

1605 5817 1635 5865 ΙΙ)
