4492 6859
293 630 403 718 (4444)

298 784 329 833 44
350 771 414 834 41114
434 769 547 830 duobus
572 766 646 827 idem
667 776 728 845 post
750 783 817 825 444
839 761 1019 831 facientibus,
1040 757 1090 835 uui

300 890 410 943 omnes,
424 867 562 931 Pantilice
574 866 629 926 boc
645 866 731 926 modo
746 873 873 943 recepto,
888 863 982 941 ipsum
999 875 1090 935 usque

300 973 337 1030 41
363 973 454 1031 414444
485 965 580 1044 majos
605 968 808 1036 associarunt,
835 961 999 1023 immediate
1025 968 1090 1018 aule

299 1069 469 1131 1441144144
490 1068 634 1128 Diaconos
656 1065 826 1127 incedentes.

341 1170 420 1248 Papa
440 1180 506 1253 4444
528 1164 623 1243 majus
640 1160 733 1227 altare
755 1164 920 1235 constituto,
941 1158 1090 1221 redierunt

299 1269 335 1328 41
356 1287 408 1328 444
431 1272 495 1330 1444
516 1267 586 1328 11441
607 1278 667 1329 tres
685 1264 849 1343 Presbyteri
871 1259 1091 1330 car-diastema

299 1368 388 1447 Papa,
405 1368 532 1447 deposita
554 1366 652 1438 mitra,
665 1366 732 1425 fecit
747 1364 938 1424 reverentiam
953 1358 1044 1420 Cruci
1061 1358 1089 1417 14

300 1471 391 1530 414444
410 1469 539 1548 4441444;
557 1466 656 1528 141414
675 1464 880 1525 confessionem
897 1460 998 1522 ordine
1018 1478 1091 1520 con·

300 1582 383 1631 sueto
404 1569 483 1629 dixit.

342 1670 431 1730 Facta
451 1667 638 1738 confessione,
658 1664 736 1742 Papa
757 1680 814 1725 non
835 1660 962 1722 ascendit
984 1660 1020 1719 441
1044 1661 1091 1721 41·

300 1780 375 1838 4444,
396 1768 444 1829 441
465 1768 500 1825 441
521 1765 616 1827 sedem
638 1765 666 1823 in
688 1766 775 1843 plano
795 1763 848 1822 sibi
868 1772 1000 1842 paratam
1016 1762 1090 1821 inter

300 1867 481 1938 eminentem,
495 1876 523 1926 44
539 1866 631 1926 altare
642 1861 726 1940 juxto
747 1862 877 1923 infimum
897 1869 1022 1942 gradum
1040 1881 1091 1922 so·

302 1968 343 2038 lii,
360 1966 460 2027 41141
480 1967 572 2027 altore
594 1982 693 2025 versus
715 1963 797 2035 sedit,
811 1963 926 2023 mitram
951 1962 1091 2042 incapite

301 2078 408 2137 444444,
423 2084 511 2143 quarn
533 2066 641 2143 recepit
655 2063 730 2124 facta
751 2064 925 2148 confessione
935 2073 1090 2141 antequam

301 2164 813 2237 1414444441444144144444144444
831 2182 897 2224 cum
908 2182 942 2226 44
962 2173 1028 2225 4444
1042 2181 1092 2223 44·

302 2262 576 2347 444444114114441
597 2263 759 2344 praedictae
770 2264 893 2324 14414441
906 2266 1014 2343 positae
1025 2261 1092 2323 fecit

302 2365 504 2426 reverentiam.
529 2365 607 2445 Papa
622 2366 664 2426 sic
680 2368 709 2424 14
728 2364 804 2426 411444
818 2365 883 2426 sede
897 2364 1022 2435 sedente,
1039 2382 1092 2424 ac·

301 2476 453 2527 cesserunt
473 2476 538 2527 4444
559 2475 701 2526 4444444
722 2465 809 2544 primi
829 2463 964 2542 Episcopi
985 2460 1092 2523 Cardi-

302 2568 391 2637 nales,
413 2564 546 2626 videlicet
564 2564 833 2637 vicecancellarius,
848 2563 1000 2641 episcopus
1015 2561 1092 2623 Por·

303 2668 421 2738 mensis,
431 2664 550 2742 collegii
565 2664 700 2731 decanus,
714 2663 929 2744 Neapolitanus,
943 2664 1093 2743 episcopus

302 2763 479 2838 Sebinensls,
500 2777 528 2825 44
550 2764 582 2824 S.
595 2764 699 2837 lllarcl,
717 2766 866 2844 episcopus
880 2764 1093 2839 Praenestinus,

301 2865 436 2926 omnibus
457 2864 603 2943 praelatis,
628 2883 662 2924 44
683 2865 747 2924 41114
769 2866 797 2924 14
820 2868 880 2925 4414
902 2866 972 2927 14414
993 2884 1094 2927 rema·

303 2965 445 3027 nantibus.
478 2965 514 3024 lli
547 2976 605 3026 tres
631 2977 697 3027 ante
717 2964 886 3027 Pontificem
916 2968 992 3026 intra
1018 2966 1093 3046 ipsos

302 3066 399 3128 sedem
420 3065 613 3145 praedictam,
634 3077 663 3126 44
684 3068 787 3138 altare,
804 3063 889 3142 juxta
912 3076 1006 3127 tamen
1027 3066 1095 3126 inli-

302 3186 384 3227 mmn
397 3165 522 3244 gradum
539 3164 653 3240 4144414,
671 3165 707 3225 41
728 3167 822 3245 ipsum
835 3164 1003 3226 Pontificem
1020 3169 1094 3227 44441

302 3286 333 3327 44
356 3267 501 3339 locarunt,
522 3266 643 3344 qubque
663 3284 767 3326 corum
788 3283 874 3324 suom
896 3264 1095 3343 cappellanum

304 3366 339 3427 de
360 3364 511 3426 mitrasibi
530 3366 703 3427 sarrientem
726 3376 789 3443 post
806 3384 837 3425 se
857 3364 973 3424 babens.
989 3361 1096 3426 Omnes

301 3470 388 3530 etium
410 3468 460 3526 4111
480 3464 659 3539 cardinales,
675 3466 807 3526 4141411444
823 3464 959 3546 Episcopi
978 3476 1006 3526 44
1019 3464 1095 3526 Pre-

305 3569 416 3649 sbyteri
438 3568 473 3626 ad
495 3567 652 3637 dexteram,
665 3565 784 3627 Diacoai
802 3586 875 3629 vero
893 3566 930 3626 41
951 3564 1096 3626 sinistram

304 3669 400 3749 Papae
417 3678 601 3729 accesserunt
614 3668 688 3728 inter
701 3667 807 3727 solium
818 3679 847 3729 et
866 3670 959 3731 414444
979 3682 1095 3741 stantes,

305 3770 486 3850 cappelleuos
507 3785 575 3828 suos
590 3767 625 3827 de
647 3767 732 3826 mitra
754 3768 780 3829 41
800 3770 957 3830 servientes
978 3782 1042 3850 post
1065 3790 1096 3831 se

307 3871 451 3931 babentes.
465 3866 606 3928 Omnibus
617 3868 658 3927 sic
670 3867 821 3939 stantibus,
833 3868 992 3947 depositisa
1008 3870 1096 3950 Papo,

306 3991 342 4033 44
363 3968 496 4031 omnibus
517 3968 633 4040 mitris,
650 3968 777 4029 surrexit
794 3967 924 4030 Pontifex
942 3979 970 4031 44
991 3968 1096 4031 Cardi-

305 4073 379 4132 nalis
400 4070 431 4130 S.
454 4068 546 4129 lllarci
569 4068 672 4128 tertius
692 4079 722 4128 44
743 4067 862 4129 ultimus
882 4087 916 4130 ex
945 4069 1097 4147 praedictis

305 4172 413 4242 tribus,
431 4180 508 4229 stans
530 4168 559 4228 in
585 4167 678 4230 medio
696 4180 761 4229 4444
782 4169 892 4230 114444
910 4171 1097 4249 444144441-

307 4273 399 4342 toris,
425 4272 497 4345 facie
518 4269 554 4329 41
574 4269 741 4333 Pontificem
764 4273 925 4345 44444,441
949 4274 1096 4336 dexteram

306 4390 391 4431 suam
410 4370 517 4431 babens
538 4370 830 4445 vicecancellarium,
850 4373 933 4435 etad
953 4375 1098 4436 sinistram

308 4470 529 4551 Neapolitanum
559 4469 726 4532 cardinales
752 4470 820 4550 (qui
846 4475 929 4551 quasi
953 4475 1008 4534 sibi
1031 4475 1099 4553 ipsis

308 4574 394 4634 facies
420 4573 591 4646 vertebant,
610 4573 696 4633 414441
723 4572 885 4634 assistentes
916 4575 1041 4655 episcopi
1070 4578 1098 4635 iu

308 4673 574 4735 consecrationibus
591 4673 793 4753 episcoporum
814 4686 892 4735 44444
911 4678 1014 4748 441444,
1035 4696 1099 4736 ma·

308 4776 352 4851 gis
381 4785 475 4835 44444
496 4774 533 4833 41
551 4771 720 4836 Pontificem
742 4774 922 4859 tendentes),
937 4776 1008 4838 dixit
1026 4778 1099 4838 lianc

307 4875 479 4947 orationem,
490 4875 604 4935 nullum
622 4876 798 4936 versiculum
810 4880 995 4957 praemittens
1008 4897 1100 4957 neque

309 4975 464 5038 Dominus
481 4976 651 5049 vobiscum,
666 4975 795 5038 absolute
815 4977 930 5058 1444414,
946 4978 1052 5053 114444,
1070 4978 1098 5038 14

309 5087 377 5137 4444
388 5075 552 5135 orationum
562 5076 732 5137 solemnium
745 5078 930 5138 festivitatum
946 5092 1094 5141 consueto:

312 5173 480 5247 «Oramus,
496 5174 575 5236 Deus
588 5177 638 5253 qui
651 5177 748 5239 adesse
767 5195 823 5237 non
845 5178 1008 5256 dedignaris
1030 5177 1098 5238 ubi·

352 5475 388 5533 (t)
406 5471 434 5521 14
451 5469 566 5521 annalib.
590 5469 727 5532 14444111,
743 5471 787 5532 441
812 5474 1007 5524 coronationem
1025 5475 1101 5525 1444-

312 5552 394 5602 444411
412 5551 504 5600 044441
521 5561 554 5598 ex
570 5548 723 5599 Burcbardo
739 5556 831 5601 nostro
848 5553 1012 5615 rescripsit(
1030 5554 1096 5605 Tem.

310 5633 350 5683 Xl.
369 5630 445 5681 44114.
461 5628 590 5688 facessis,
606 5639 632 5689 4.
650 5629 688 5678 75.
705 5631 728 5677 ct
743 5632 917 5694 4444144144
934 5636 1099 5695 conspectam

310 5714 406 5769 444414
417 5724 468 5778 444
484 5720 621 5766 recessim,
637 5709 714 5757 444441.

781 620 1063 688 confutemus
1088 613 1481 680 4444044444144044444.
1903 624 1944 685 43

1159 772 1284 832 cumque
1307 753 1410 815 144444
1432 766 1525 817 mente
1548 756 1830 829 1444444·14,414444
1852 775 1944 835 quae-

1157 874 1257 916 sumus
1278 855 1505 915 invocationibus
1532 856 1658 927 nostris,
1677 868 1706 918 44
1737 856 1807 918 14414
1835 857 1945 917 famulo

1158 965 1209 1017 tuo
1235 956 1419 1029 innocentio,
1445 975 1531 1035 quem
1551 959 1589 1018 41
1608 960 1724 1020 culmen
1753 959 1943 1040 apostolicum

1154 1052 1297 1131 judiciuin
1314 1074 1436 1117 comune
1452 1068 1518 1120 4444
1533 1059 1622 1137 plebis
1643 1055 1689 1141 (1)
1707 1061 1804 1139 elegit,
1824 1060 1944 1122 uberta-

1159 1168 1215 1216 tem
1236 1175 1376 1236 supernae
1400 1156 1601 1220 benedictionis
1623 1159 1768 1234 14144144,
1789 1171 1822 1220 ut
1841 1161 1946 1221 sentiat

1157 1275 1187 1316 se
1208 1268 1259 1317 tuo
1281 1273 1401 1317 munere
1422 1256 1458 1316 41
1480 1258 1558 1319 bunc
1580 1260 1690 1337 apicem
1711 1261 1872 1339 pervenisse
1892 1279 1945 1340 444

1158 1354 1305 1417 Christum
1335 1354 1490 1417 Dominum
1518 1369 1648 1419 nostrum
1681 1382 1698 1414 s
1723 1389 1759 1403 -
1783 1358 1848 1439 Ego
1869 1361 1947 1420 tenui

1159 1455 1267 1516 librum
1300 1456 1430 1536 praelato
1466 1455 1613 1518 Cardinali
1649 1460 1808 1521 orationem
1844 1460 1947 1520 dicenti

1157 1566 1233 1615 stans
1254 1555 1291 1614 ad
1311 1554 1374 1633 ejus
1394 1557 1550 1619 sinistram.

1201 1659 1289 1721 lecta
1310 1661 1441 1722 oratione
1460 1662 1606 1741 praedicta
1622 1684 1673 1744 per
1689 1665 1734 1725 lll.
1750 1666 1786 1725 D.
1802 1665 1833 1727 S.
1844 1666 1947 1738 114441,

1159 1762 1194 1821 D.
1207 1762 1408 1842 Neapolitanus
1421 1762 1497 1823 44414
1515 1762 1551 1822 41
1568 1764 1677 1831 locum,
1690 1764 1717 1824 14
1739 1782 1798 1842 quo
1816 1766 1893 1827 stetit
1910 1766 1946 1826 D.

1159 1862 1191 1922 S.
1206 1859 1310 1935 114441,
1327 1864 1379 1941 qui
1399 1848 1569 1923 4444441441
1583 1864 1679 1926 locum
1697 1865 1724 1924 in
1750 1884 1810 1943 quo
1830 1876 1950 1928 steterat

1159 1962 1375 2043 Neapolitanus,
1395 1962 1493 2044 Papa,
1512 1973 1541 2025 et
1560 1964 1624 2024 aliis
1645 1965 1790 2038 omnibus,
1811 1976 1844 2026 ut
1865 1967 1947 2044 prius

1159 2064 1308 2138 stantibus,
1322 2064 1381 2125 sine
1394 2064 1486 2126 mitris
1507 2066 1697 2139 manentibus,
1706 2076 1735 2127 ct
1754 2066 1813 2146 1444
1833 2064 1948 2146 Neapo-

1159 2165 1274 2237 1144444,
1285 2184 1330 2227 me
1344 2165 1452 2225 librum
1469 2163 1553 2243 juxta
1573 2163 1637 2243 ejus
1655 2164 1799 2226 sinistram
1821 2178 1945 2237 tenente,

1159 2265 1290 2326 similiter
1301 2264 1432 2325 absolute
1443 2266 1590 2344 iucipiens,
1601 2264 1671 2326 dixit
1684 2266 1712 2326 in
1722 2276 1790 2327 tono
1801 2267 1949 2346 praedicto

1161 2391 1177 2422 «
1201 2365 1338 2437 Oremus,
1357 2363 1435 2424 Deus
1454 2364 1503 2442 qui
1524 2366 1693 2444 Apostolum
1715 2377 1800 2427 tuum
1826 2366 1949 2429 Petrum

1162 2466 1235 2526 14444
1257 2477 1367 2525 ceteros
1388 2463 1574 2543 coapostolos
1595 2466 1752 2547 44144444
1778 2479 1874 2531 444444
1893 2487 1949 2529 ro·

1162 2566 1251 2638 luisti,
1266 2566 1349 2643 eique
1363 2568 1513 2626 universae
1531 2564 1753 2629 Christianitatis
1773 2570 1878 2630 molem
1897 2588 1951 2631 su·

1161 2664 1395 2744 44414444441441,
1428 2665 1537 2744 respice
1568 2666 1733 2746 propitius,
1754 2687 1951 2746 quaesumus,

1161 2764 1239 2827 ltunc
1269 2765 1411 2826 famulum
1445 2776 1528 2826 tuum
1555 2766 1778 2841 innocentium,
1800 2787 1886 2847 quem
1915 2789 1950 2831 ex

1162 2859 1265 2928 bamili
1286 2866 1423 2928 cathedra
1447 2865 1587 2928 uiolenter
1611 2866 1758 2929 sublatum
1784 2870 1813 2929 in
1838 2888 1946 2931 novum

1161 2966 1288 3045 ejusdem
1309 2969 1516 3047 Apostolorum
1538 2968 1675 3049 principis
1696 2971 1795 3032 locum
1809 2970 1952 3032 sublima·
2051 2964 2055 2981 ¹

1162 3069 1216 3138 sti,
1243 3078 1275 3127 ut
1296 3069 1369 3128 sicut
1385 3066 1561 3146 profectibus
1581 3078 1676 3130 444444
1691 3068 1836 3149 dignitatis
1854 3089 1949 3150 auge·

1164 3177 1225 3237 444,
1246 3168 1285 3227 144
1305 3167 1445 3226 virtutum
1468 3168 1577 3226 meritis
1599 3170 1788 3241 cumuletur,
1809 3181 1952 3247 quatenus

1164 3265 1309 3327 Ecclesiae
1336 3265 1528 3325 universitatis
1548 3283 1620 3325 onus
1638 3277 1665 3325 44
1687 3260 1842 3346 adjurante
1864 3269 1952 3342 feret,

1163 3377 1220 3427 eta
1237 3377 1265 3428 te
1281 3367 1331 3443 qui
1350 3384 1380 3426 es
1400 3364 1551 3427 Beatitudo
1565 3377 1695 3439 tuorum,
1713 3369 1845 3429 meritam
1858 3370 1950 3430 vicem

1163 3467 1301 3546 recipiat:
1321 3465 1374 3543 qui
1396 3466 1471 3526 41414
1492 3476 1521 3526 44
1540 3485 1646 3546 regnas
1667 3479 1720 3530 etc.
1734 3493 1758 3535 ,4

1204 3566 1334 3639 1444414,
1350 3583 1417 3628 cnm
1439 3569 1583 3630 orationes
1601 3568 1763 3649 praedictae
1777 3568 1955 3642 dicerentur,

1163 3670 1199 3729 D.
1220 3668 1308 3748 Hugo
1328 3665 1464 3739 lieueius,
1484 3668 1549 3729 loco
1569 3670 1675 3747 prioris
1695 3670 1739 3730 sui
1760 3669 1958 3731 subdiacono·
2048 3748 2051 3754 Ι

1164 3788 1242 3842 444,
1249 3770 1345 3849 posuit
1354 3769 1486 3849 pallium,
1497 3769 1629 3832 Pontifici
1641 3770 1856 3852 imponendum,
1867 3789 1953 3852 super

1163 3872 1267 3944 altare,
1287 3881 1315 3931 et
1338 3869 1411 3930 illud
1433 3870 1536 3933 ibidem
1558 3872 1667 3951 4444414
1688 3890 1769 3934 more
1787 3883 1933 3933 consueto.

1206 3972 1307 4034 Finitis
1318 3971 1498 4031 orationibus
1508 3970 1691 4051 supradictis,
1705 3982 1801 4031 amota
1812 3971 1864 4031 1414
1876 3969 1957 4031 sedes

1165 4074 1270 4153 Papae,
1293 4073 1321 4132 in
1338 4072 1445 4151 plano,
1466 4081 1500 4130 ut
1521 4089 1610 4151 supra
1632 4071 1820 4143 dictumest,
1842 4070 1955 4149 posita,

1164 4182 1191 4232 44
1204 4188 1303 4230 omnes
1314 4167 1494 4240 cardinales,
1509 4168 1630 4248 demptis
1642 4167 1846 4239 assistentibus,
1856 4166 1892 4227 ad
1905 4184 1957 4225 sua

1165 4274 1228 4351 loca
1250 4281 1317 4331 sunt
1338 4270 1459 4331 reversi.
1481 4270 1560 4350 Papa
1580 4288 1650 4330 4444
1669 4287 1737 4330 444
1753 4268 1957 4342 birretto,sine

1166 4373 1270 4445 441444,
1296 4370 1418 4432 accessit
1444 4370 1480 4431 ad
1502 4370 1668 4432 inferiorem
1694 4369 1821 4448 gradum
1846 4369 1958 4430 altaris.

1165 4471 1232 4541 Quo
1243 4470 1348 4532 ibidem
1367 4470 1536 4555 constituto,
1547 4469 1611 4530 [111.
1623 4469 1766 4543 Senensis,
1776 4482 1805 4531 et
1818 4469 1849 4530 S.
1861 4468 1959 4532 Geor·

1165 4574 1205 4650 gii
1224 4571 1351 4634 seniores
1371 4570 1492 4631 Diaconi
1513 4569 1680 4632 cardinales
1701 4569 1894 4631 ascenderunt
1922 4568 1960 4630 ad

1165 4675 1281 4743 altere,
1308 4683 1337 4734 et
1363 4672 1482 4750 pallium
1510 4669 1545 4732 de
1571 4672 1665 4734 altare
1686 4670 1855 4751 recipientes
1885 4668 1958 4731 illud

1167 4774 1301 4836 Senensis
1315 4772 1352 4831 ad
1367 4772 1524 4845 dexteram,
1535 4784 1564 4833 et
1580 4772 1612 4833 S.
1628 4771 1749 4851 Georgii
1761 4770 1797 4831 ad
1814 4771 1959 4831 sinistram

1166 4876 1261 4955 Papae
1280 4893 1381 4936 coram
1402 4894 1436 4936 eo
1457 4874 1602 4935 41444444
1624 4872 1885 4951 tenuerun13quod
1901 4870 1959 4932 Se·

1167 4977 1259 5037 nensis
1274 4975 1356 5054 prior
1378 4974 1574 5034 Diaconorum
1596 4974 1674 5035 solus
1693 4974 1720 5034 in
1742 4971 1839 5047 ambas
1858 4988 1960 5030 manus

1166 5088 1298 5158 apertum
1321 5076 1476 5155 accipiens,
1497 5072 1592 5153 Papae
1611 5074 1683 5135 illud
1705 5073 1842 5152 imposuit
1863 5071 1959 5131 dicens

1168 5205 1184 5236 4
1208 5178 1313 5257 Accipe
1334 5177 1466 5256 pallium,
1488 5174 1693 5255 plenitudinem
1713 5173 1821 5235 scilicet
1842 5168 1961 5252 pontifl-

1166 5279 1237 5339 colis
1251 5276 1347 5348 oflicii,
1367 5275 1403 5336 41
1425 5274 1566 5336 honorem
1588 5274 1788 5354 omnipotentis
1806 5271 1870 5347 Dei,
1890 5273 1959 5352 glo·

1166 5381 1260 5441 riosae
1275 5379 1401 5458 Virginis
1416 5377 1526 5438 lllariae
1546 5374 1607 5454 ejus
1630 5377 1787 5455 genitricis,
1803 5376 1959 5436 Beatorum

1210 5634 1246 5694 441
1263 5631 1326 5682 Cum
1339 5633 1483 5695 antiquitus
1498 5627 1644 5687 Pontifices,
1660 5628 1748 5690 populi
1764 5638 1896 5678 consensu
1914 5622 1964 5673 eli·

1166 5718 1306 5777 gerentur,
1323 5716 1382 5764 binc
1398 5712 1512 5763 formula
1530 5709 1618 5772 precis
1635 5708 1790 5770 permansit·
