4492 6859
357 621 417 682 tao
815 612 1101 677 connutritus
1121 612 1348 677 luttucuttttt
1366 616 1520 679 OCTAVl.
1896 618 2006 704 (aaut)

357 757 475 818 intrabit
491 754 601 819 Urbem
616 754 728 817 Orator
743 751 841 830 ldagni
866 750 975 824 Tusci,
992 760 1147 830 propterea
1214 749 1349 812 Oratoris
1378 751 1530 831 praedicti3
1552 762 1616 813 tum
1637 753 1696 834 ipse
1717 754 1794 816 inter
1812 753 2006 833 capitaneum

287 856 297 876 ⁸
356 858 509 919 scutiferos
542 875 610 917 suos
641 864 776 926 motum,
798 870 854 913 non
876 853 1020 932 praelatos
1051 868 1146 929 neque
1212 862 1241 912 et
1262 850 1468 924 Franciaeuaa,
1483 869 1554 931 qaas
1573 854 1767 931 sequebantur
1785 851 1935 920 Oratores
1956 857 2005 915 alii

360 958 555 1038 cappellanus,
575 957 602 1016 ei
627 955 742 1017 obviam
764 953 881 1013 mittant
901 950 952 1030 qui
973 968 1041 1012 eum
1061 959 1145 1010 extra
1211 951 1394 1033 supradicti,
1412 963 1442 1013 ct
1462 953 1512 1013 alii
1526 954 1636 1015 nobiles
1649 955 1764 1016 mdem
1783 955 2005 1033 mouebantur3

361 1067 476 1135 portam
497 1055 675 1136 praedictam
696 1061 855 1132 expectent,
876 1062 927 1123 et,
948 1051 1052 1111 comite
1073 1048 1148 1108 Piti·
1213 1063 1242 1113 et
1260 1053 1315 1113 boe
1334 1052 1437 1114 ordine
1455 1068 1545 1127 usaue
1559 1053 1596 1113 ad
1611 1054 1748 1116 &actm
1764 1054 1891 1115 idacium
1907 1055 1939 1113 in
1954 1054 2006 1114 Via

362 1157 428 1218 linui
450 1156 575 1218 Sanctae
592 1154 739 1216 Rauraaae
759 1150 906 1212 Ecclesiae
919 1147 1076 1229 Capitanea
1094 1166 1148 1227 ge·
1214 1150 1298 1225 bata,
1311 1152 1347 1213 ed
1361 1153 1424 1213 inde
1436 1150 1519 1229 juxta
1538 1153 1658 1214 domum
1670 1153 1848 1216 deblaaimis
1862 1153 1900 1214 ad
1916 1153 2008 1215 Cam·

357 1258 449 1319 ncrali
467 1274 521 1335 pro
539 1254 675 1315 omnibus
690 1254 825 1330 loquente
840 1261 868 1310 et
883 1250 1035 1320 offerente,
1052 1248 1148 1327 ipsum
1214 1272 1285 1334 pum
1306 1255 1412 1315 Florae
1426 1264 1455 1315 et
1477 1255 1523 1313 cie
1539 1264 1618 1315 reete
1639 1253 1675 1313 ed
1689 1254 1812 1333 plerum
1828 1252 1935 1314 Smett
1951 1251 2008 1312 Pe-

357 1356 517 1436 recipiant,
537 1365 567 1416 et
587 1353 651 1415 inde
672 1355 812 1413 associent
832 1369 914 1411 more
935 1349 1020 1410 solito
1035 1371 1062 1407 a.
1216 1352 1275 1427 tri,
1297 1354 1362 1416 iude
1383 1372 1434 1433 per
1459 1353 1536 1412 viam
1554 1350 1638 1428 juxta
1659 1352 1808 1413 stabulum
1831 1350 1908 1413 lies.
1931 1350 2009 1413 Car·

401 1481 418 1512 e
436 1456 506 1517 ltem
527 1453 678 1514 intimetur
693 1451 850 1532 Capitaneo
868 1447 1031 1520 Ecclesiae,
1051 1448 1150 1508 Fran·
1214 1452 1317 1513 dinalis
1349 1453 1472 1515 Sanctae
1492 1451 1602 1512 blariac
1632 1451 1804 1515 inParticu
1828 1451 1866 1511 ad
1888 1450 2009 1512 domurn

359 1560 436 1618 eim
457 1555 529 1618 Cibo
556 1554 617 1615 filio
645 1552 763 1632 Papae,
784 1550 927 1631 Magistro
947 1550 1050 1611 domus
1072 1547 1149 1609 aaa·
1217 1552 1557 1615 uomtntttanhotomaet
1570 1550 1727 1635 Oxtinill)
1741 1551 1847 1613 SS.O.
1866 1549 1903 1613 ll.
1917 1550 2023 1631 Papae,

359 1656 467 1719 etitatis
487 1655 566 1718 Suae
584 1698 594 1728 ,
611 1665 641 1717 ai
661 1653 796 1715 &nutari
818 1651 928 1724 Urbis,
956 1668 992 1712 ac
1013 1649 1150 1711 omnihus
1216 1655 1286 1716 olim
1316 1654 1491 1716 cubicularii
1512 1656 1635 1726 secreti,
1666 1671 1741 1732 quac
1762 1654 1834 1714 olim
1866 1652 1927 1713 luit
1948 1653 2009 1731 epi·

361 1757 536 1819 Oratoribus
552 1766 664 1816 tantum
685 1752 856 1834 Principum
881 1763 911 1813 et
940 1751 1149 1813 Patentatuum

362 1860 393 1919 in
413 1857 495 1920 Urbe
513 1855 717 1926 existentium,
738 1853 817 1931 quod
837 1852 892 1933 ipsi
913 1854 940 1914 ei
960 1851 1077 1912 obviam
1098 1869 1152 1911 ve-

362 1959 442 2019 niant
456 1969 485 2017 at
498 1956 639 2017 associent
653 1956 760 2033 ipsum,
774 1964 808 2013 ut
821 1952 988 2033 praefertur
1008 1975 1035 2012 s.

406 2056 557 2135 Exequuta
578 2073 629 2135 per
651 2053 805 2125 Cursores,
826 2052 872 2114 die
893 2052 994 2112 martis
1007 2066 1066 2113 xta
1082 2048 1151 2109 maii

365 2158 467 2229 atat,
489 2158 563 2218 bora
582 2153 705 2235 prandii.
842 2228 846 2237 Ι

402 2256 511 2320 Eadem
543 2255 589 2317 dic
622 2254 761 2333 vigesima
783 2268 858 2314 nona
879 2250 965 2323 nuit,
992 2248 1072 2311 circa
1094 2248 1153 2310 bo·

363 2375 426 2419 ram
461 2370 674 2435 vesperarum,
694 2352 797 2415 Comes
828 2349 954 2413 Pitiliani
980 2349 1152 2428 Gapitaneus

363 2456 530 2528 Ecclesiae,
551 2455 725 2514 Franciscus
746 2451 819 2515 Cibo
846 2448 925 2511 fliius
956 2449 1051 2528 Papae
1083 2465 1152 2508 curn

364 2556 513 2619 Nobilibus
535 2554 673 2615 Romanis
691 2553 842 2614 exiverunt
863 2570 915 2631 per
934 2561 1048 2630 portam
1071 2548 1154 2610 l'iri-

365 2656 458 2730 darii,
480 2657 534 2717 iter
549 2654 722 2733 arripientes
736 2672 788 2733 per
808 2662 892 2732 prata
913 2665 1014 2712 versus
1032 2649 1152 2710 Pontem

366 2758 511 2829 Mallium,
532 2753 652 2818 Oratori
674 2754 767 2815 Turcl
793 2753 930 2826 obviam,
952 2751 1004 2829 qui
1036 2749 1153 2809 interius

240 2865 243 2868 ’
366 2858 446 2920 venit
461 2876 515 2938 per
529 2867 644 2937 pontem
665 2854 847 2935 praedictum
862 2869 964 2913 sersus
982 2849 1103 2910 Portam
1118 2847 1153 2909 de

367 2958 480 3038 Populo
497 2958 642 3037 equitans.
659 2954 725 3035 Ego
738 2996 748 3028 ,
759 2940 916 3015 'intellecto
936 2950 1084 3031 Capitanei
1101 2968 1154 3010 er·

366 3076 459 3132 rora,
491 3058 547 3121 ieci
577 3066 729 3136 expectare
761 3051 920 3116 Oratorem
947 3049 1154 3132 praedictum,

366 3158 445 3220 cirea
461 3159 590 3221 medium
606 3157 669 3218 riae
682 3156 757 3217 inter
769 3166 885 3235 pontem
896 3164 925 3216 et
939 3163 1054 3233 portam
1064 3165 1154 3231 praa·

367 3258 494 3320 dictam:
516 3266 750 3340 supervenerunt
770 3274 786 3314 a
808 3266 894 3336 tergo
912 3254 1108 3335 Capitonem,
1125 3262 1155 3314 et

365 3361 539 3421 Franciscus
571 3358 737 3438 praedictus
759 3373 827 3417 eum
859 3373 963 3417 earum
984 3353 1153 3424 Nobilibus,

365 3468 394 3519 et
417 3461 525 3522 dictum
547 3457 704 3520 Oratorem
720 3465 915 3535 receperunt,
934 3454 1090 3534 Capitaaea
1105 3453 1153 3513 di·

366 3572 464 3621 cente:
486 3560 577 3619 Siata
610 3559 667 3617 ben
688 3565 826 3618 canoto:
853 3553 970 3615 Naatra
992 3553 1153 3635 Sipnare,

367 3670 399 3720 et
418 3660 444 3721 li
466 3656 639 3719 Cordinoli
659 3655 693 3717 ot'
714 3654 872 3714 mundano
891 3655 921 3714 le
940 3654 992 3715 tor
1010 3652 1155 3733 famtptie

373 3777 393 3817 o
413 3757 502 3839 sarai
522 3758 651 3817 bonore.
676 3752 823 3816 ··Fanriliae
843 3749 1041 3813 cardinalium
1071 3761 1156 3811 crant

371 3859 494 3937 alonge
515 3856 584 3918 binc
615 3865 646 3918 et
664 3853 728 3915 inde
753 3852 913 3932 dispersae,
933 3852 973 3913 ita
987 3849 1066 3931 quod
1083 3859 1154 3911 tunc

370 3957 481 4021 Orator
502 3977 551 4019 eas
578 3955 676 4017 vidam
694 3972 751 4017 non
782 3963 915 4033 poterat3
936 3951 1155 4032 superveniente

368 4061 405 4121 ad
419 4079 468 4121 eas
483 4071 576 4121 tamen
592 4053 729 4129 Oratore,
740 4065 943 4136 processerunt
954 4053 1071 4132 singuli,
1083 4051 1155 4112 nibil

369 4160 448 4222 aliud
470 4159 604 4218 direntes.
626 4153 738 4215 Orator
760 4151 861 4213 habuit
890 4152 1048 4214 servituras
1067 4151 1155 4229 quiu-

371 4278 429 4338 que
447 4267 580 4328 tantum,
597 4263 628 4315 et
646 4271 715 4315 eum
729 4269 766 4315 ea
781 4263 845 4314 erat
865 4250 1063 4329 1)..Gsorgius
1076 4252 1156 4313 boc·

369 4359 498 4432 ciardus,
518 4354 706 4418 corrsobrinos
724 4352 849 4433 episcopi
871 4351 1054 4425 Arelatensis,
1067 4351 1154 4414 otiam

369 4462 511 4538 interpres
543 4472 615 4517 suus
635 4473 705 4516 cum
738 4451 935 4515 servitoribus
955 4452 1078 4514 duobus.
1099 4452 1155 4514 llic

370 4557 515 4636 Georgius
538 4554 627 4617 verba
646 4552 795 4634 Capitanci
815 4549 937 4617 Oratari
953 4546 1107 4632 exposuit,
1127 4563 1156 4615 et

370 4656 436 4735 ejus
457 4657 572 4720 nomiae
603 4653 711 4716 deindo⁷
725 4671 894 4734 responsum
925 4652 1012 4714 dedit.
1045 4651 1155 4715 Orator

371 4760 449 4823 uenit
470 4757 584 4819 medius
605 4755 680 4816 iuter
701 4752 886 4834 capitaneum
909 4753 1048 4814 adextris
1067 4762 1097 4814 et
1117 4751 1156 4811 d·

369 4863 444 4924 lium
465 4859 561 4940 Papae
582 4876 599 4919 u
620 4854 745 4918 sinistris
764 4874 782 4916 a
802 4855 869 4920 loco
894 4854 1042 4934 praedict'o
1064 4872 1156 4933 usque

369 4963 406 5023 ad
438 4962 557 5024 domum
590 4958 704 5038 bospitii
732 4956 803 5018 dicti
835 4954 991 5017 oratorias
1015 4964 1157 5018 venerunt

235 5058 238 5064 ’
368 5061 456 5124 etiam
475 5070 555 5122 extra
577 5068 693 5139 portam
707 5055 883 5137 praedictam
898 5055 1014 5118 obviam
1033 5051 1156 5119 Oratori

369 5160 516 5241 praedicto
537 5156 678 5219 Oratores
699 5156 765 5217 laici
798 5157 885 5235 Regis
910 5154 1045 5215 Poloniac
1060 5198 1069 5227 ,
1087 5153 1156 5215 'Oo-

369 5261 451 5322 minii
487 5259 687 5329 Venetorum,
708 5254 798 5316 Ducis
828 5253 1004 5326 illediolani,
1030 5255 1157 5316 Floren-

370 5362 443 5432 tini,
464 5370 493 5421 ct
515 5357 658 5420 Senensis.
682 5356 820 5420 Venimus
839 5367 937 5416 autem
960 5354 1017 5416 boc
1037 5353 1154 5417 ordines

372 5458 532 5523 Praecessit
546 5458 666 5537 quidam
685 5454 849 5517 cabalaritra
864 5454 958 5535 Papae
975 5455 1005 5518 iu
1021 5456 1157 5518 coatiauo

371 5560 442 5623 dicti
475 5557 611 5623 Oratoris
642 5554 737 5619 'lusci
768 5556 889 5618 existam
901 5600 911 5631 ,
931 5571 1020 5636 quem
1050 5573 1157 5634 seque·

340 5649 342 5653 ’
369 5657 477 5722 bantur
508 5658 634 5721 familiae
662 5654 883 5733 Cardiualiutu,
904 5668 936 5721 et·
961 5658 1025 5722 illos
1047 5654 1156 5719 tamdia

1217 1757 1295 1836 scopi
1327 1755 1512 1825 corsiensis,
1534 1772 1588 1833 pro
1619 1753 1743 1834 bospitio
1763 1753 1836 1814 dicti
1868 1749 2010 1814 Oratoris

1217 1854 1364 1934 deputata,
1390 1853 1586 1933 pervenimus,
1608 1852 1668 1925 ubl,
1688 1853 1761 1913 actia
1779 1871 1833 1933 per
1849 1850 2010 1913 Oratorem

1217 1955 1399 2035 praedictum
1419 1974 1454 2015 ex
1474 1972 1556 2015 mare
1576 1952 1713 2014 omnibus
1730 1952 1860 2032 gratiis,
1878 1970 2010 2014 a'ceasae⁴

1218 2067 1289 2115 rnnt
1303 2072 1411 2116 amnes.

1261 2155 1382 2217 Cedain
1408 2174 1466 2235 per
1487 2174 1534 2215 nac
1553 2159 1643 2237 [octo
1663 2154 1784 2217 Abbati
1804 2153 1938 2214 Sancti<
1952 2150 2010 2212 Sa-

1219 2256 1362 2318 bastiana‘
1382 2256 1549 2317 Sarriatae
1564 2255 1674 2337 Papae
1692 2273 1788 2336 cuper
1803 2254 2012 2314 isatisanta'oac

1218 2356 1293 2418 lieo.
1314 2355 1384 2419 OD.
1406 2354 1637 2418 Cordiarrlibua
1658 2355 1830 2437 iaciendo,
1853 2354 1896 2413 dc
1926 2372 2011 2413 reoc-

1216 2456 1326 2535 ptione
1340 2455 1423 2536 ferri
1441 2455 1595 2517 Lonceoe.

1262 2579 1279 2612 a
1303 2556 1458 2617 intimetur
1479 2556 1613 2617 omnibus
1630 2554 1704 2618 Bas.
1723 2555 1789 2617 Ol).
1808 2553 2012 2617 Cardinalibus

1219 2658 1298 2736 quod
1317 2659 1346 2717 in
1376 2657 1475 2736 vigilia
1496 2656 1679 2719 messam
1709 2664 1797 2719 eruet
1820 2674 1964 2735 vesperae
1983 2657 2009 2715 in

1219 2758 1348 2838 cappella
1370 2754 1483 2832 majore
1496 2757 1612 2831 Palatii3
1624 2758 1653 2818 ln
1669 2757 1715 2818 die
1729 2767 1829 2818 atnam
1848 2754 1908 2816 SS.
1925 2755 1962 2817 D.
1976 2754 2009 2815 il.

1220 2859 1297 2919 bona
1317 2876 1402 2920 mana
1431 2856 1573 2936 equitabit
1592 2859 1629 2918 ad
1657 2865 1773 2938 portam
1793 2857 1885 2921 Urbis
1900 2900 1910 2930 ,
1927 2853 2011 2933 juxta

1219 2960 1368 3020 ecclesiam
1391 2958 1424 3017 B.
1446 2958 1557 3019 Mariae
1575 2958 1611 3019 de
1631 2957 1746 3038 Populo
1766 2974 1945 3038 ‚param
1963 2957 2011 3016 in·

1221 3059 1308 3120 trabit
1329 3059 1558 3119 sacratissimum
1577 3057 1693 3119 icrruns
1712 3055 1860 3131 Laneus,
1882 3074 1946 3135 aaa
1966 3057 2010 3115 la-

1220 3171 1269 3221 tas
1289 3158 1325 3219 D.
1353 3157 1387 3219 li.
1410 3157 1478 3221 lesu
1509 3157 1641 3231 Christi,
1663 3158 1691 3218 io
1713 3156 1810 3221 Cruca
1839 3175 1898 3236 pro
1918 3157 2011 3217 salute

1221 3270 1321 3322 nostra
1341 3258 1504 3339 pendentis,
1525 3269 1660 3337 apertum
1678 3268 1740 3331 cst,
1751 3267 1781 3319 ct
1794 3256 1903 3319 ibidem
1918 3257 2010 3335 ipsam

1220 3360 1365 3422 banasam
1383 3378 1400 3420 e
1415 3358 1549 3419 manibua
1558 3355 1738 3437 legatorum
1751 3357 1887 3437 accipiat,
1897 3367 1927 3417 at
1940 3372 2013 3434 pro·

1220 3460 1417 3524 cessaretur
1443 3458 1569 3538 portabit
1579 3479 1590 3531 ς
1613 3456 1700 3531 lade,
1723 3458 1770 3518 ria
1789 3465 1898 3526 reeta,
1927 3451 2012 3531 juxta

1222 3560 1328 3623 flumen
1359 3559 1396 3620 ad
1429 3569 1558 3620 castrum
1591 3558 1623 3619 S.
1644 3556 1771 3636 israeli,
1796 3568 1826 3618 et
1846 3575 1901 3635 pec
1936 3557 2011 3615 siam

1221 3672 1344 3722 stantem
1356 3676 1450 3737 usquc
1464 3657 1502 3718 ad
1515 3658 1669 3721 Basilicam
1684 3656 1716 3718 S.
1732 3656 1826 3730 Petri,
1843 3656 1896 3717 tabi
1911 3656 2013 3717 deinde

1221 3762 1336 3822 dicetur
1357 3758 1443 3820 llisaa
1477 3757 1612 3819 solemnis
1632 3756 1668 3819 de
1689 3758 1787 3829 fasta,
1809 3772 1901 3834 qaam
1933 3757 2013 3817 cale·

1222 3862 1321 3923 brabit
1340 3859 1412 3922 llev.
1442 3858 1479 3920 O.
1510 3857 1674 3919 Cardinalis
1694 3857 1726 3918 S.
1749 3856 1907 3920 Clementia
1918 3879 1930 3930 3
1953 3874 2011 3935 qua

1222 3963 1302 4025 baita
1323 3962 1378 4024 SS.
1401 3959 1436 4022 O.
1458 3957 1492 4021 tl.
1515 3958 1593 4022 dabit
1624 3959 1769 4039 publicam
1790 3968 1821 4021 ei
1851 3959 2012 4021 solemnem

1222 4064 1447 4127 mnsdtcriomns
1468 4063 1496 4121 in
1519 4062 1584 4123 loca
1606 4070 1751 4122 consueto.

1272 4158 1434 4226 Proceseia
1456 4160 1505 4223 det
1527 4163 1557 4222 in
1581 4162 1756 4242 paramentis
1776 4160 1871 4233 albis,
1894 4171 1925 4221 at
1946 4173 2016 4220 aunt

1223 4266 1400 4337 into'rticiis,
1430 4262 1590 4325 meduno
1609 4274 1710 4324 autem
1729 4262 1790 4324 sine
1814 4261 2015 4341 permeantis,

1186 4415 1193 4430 .
1222 4379 1250 4428 ct
1272 4367 1402 4427 nouerit
1424 4380 1520 4427 sermo
1543 4388 1571 4423 s.

1284 4466 1400 4550 avisari
1415 4474 1566 4545 propterea
1583 4464 1743 4526 sacristam
1757 4464 1870 4543 Papae,
1887 4464 2015 4525 clericos

1223 4568 1580 4650 campanarios,ier·rerioa
1588 4565 1632 4649 (i)
1645 4566 1749 4645 Papae,
1761 4564 1840 4645 quad
1859 4564 1900 4625 ad
1917 4565 2015 4626 melc-

1222 4671 1294 4731 siam
1315 4670 1348 4732 B.
1371 4669 1480 4730 lllarinc
1502 4668 1536 4729 de
1557 4666 1671 4747 Populo
1690 4667 1914 4747 mitteraat'pra
1933 4665 2016 4725 dieta

1222 4771 1267 4832 die
1288 4769 1423 4850 pluviale
1437 4768 1554 4842 elbum,
1580 4779 1609 4829 et
1640 4769 1760 4829 mittam
1790 4769 1955 4848 preciosam
1985 4777 2013 4828 ct

1223 4874 1360 4952 planam,
1381 4870 1454 4930 dass
1478 4869 1651 4949 mappulas,
1681 4877 1769 4929 raum
1796 4886 1863 4950 pro*
1880 4868 1964 4931 collo
1985 4879 2014 4930 at

1223 4974 1309 5034 aliam
1337 4980 1393 5050 pra
1419 4970 1552 5032 saanibue
1580 4969 1702 5050 Papae,
1732 4969 1905 5032 candelabra
1935 4969 2013 5041 dnos

1224 5072 1408 5134 thuribulum
1432 5091 1499 5133 cum
1531 5072 1668 5134 navicula
1699 5082 1728 5134 at
1749 5075 1875 5134 *insama
1894 5080 1926 5133 ct
1948 5069 2015 5132 bal·

1223 5173 1355 5234 daobino.

1265 5270 1472 5355 Superioribus
1500 5271 1600 5333 diebus
1623 5285 1744 5335 vocatus
1769 5274 1834 5335 veni
1859 5272 1897 5333 ad
1918 5270 2013 5332 licre.

1223 5376 1285 5438 tit).
1309 5374 1541 5459 Beneventanum
1562 5385 1590 5435 et
1609 5374 1641 5436 S.
1662 5374 1828 5437 Anastasiac
1845 5373 2014 5438 cardinales

1224 5474 1487 5568 preordinacione
1509 5471 1680 5557 receptionis
1695 5474 1781 5540 Ferri
1802 5473 1947 5558 praedicti
1968 5472 2013 5534 ia·

1266 5674 1303 5735 til
1318 5673 1346 5723 la
1362 5672 1482 5725 vialardo
1498 5672 1676 5725 bartholomeo
1692 5673 1796 5725 Prtino:
1815 5675 1868 5725 vid.
1886 5688 1942 5738 [sag¹
1958 5675 2008 5725 189,
