4492 6859
294 625 402 711 (stoa)

257 813 261 822 .
339 766 426 828 Paria
451 765 571 844 quinta,
592 761 730 841 vigesima
748 777 822 819 nona
837 754 965 833 ejusdem
987 754 1092 816 mettsis

297 866 418 937 martii,
440 866 520 925 circa
542 864 646 924 boram
664 861 832 941 vigesimam
847 858 984 938 primam,
1002 874 1090 917 vene·

300 977 371 1027 runt
391 964 428 1023 ad
451 963 559 1026 Urbem
577 962 651 1024 Rev.
674 963 702 1020 in
721 960 839 1022 Christo
854 958 955 1017 Patres
976 956 1093 1015 Domini

296 1064 389 1127 nostri
404 1059 549 1125 Oratores
561 1061 751 1123 illustrissimi
775 1059 863 1139 Regis
885 1057 1019 1118 Poioniae
1038 1075 1093 1137 pro

302 1164 390 1225 rebus
412 1180 535 1243 magnae
561 1161 779 1243 importantiae,
804 1171 837 1219 ut
857 1156 1038 1232 asserebant,
1056 1149 1093 1216 ad

301 1264 458 1346 Rempubi.
494 1264 681 1325 christianam
704 1258 972 1324 concernentibus..
990 1303 1023 1319 ..
1045 1259 1092 1318 in·

299 1365 468 1445 terrogavit
487 1384 532 1426 me
551 1383 587 1424 an
602 1362 729 1424 iamiiiae
746 1353 875 1422 omnium
891 1359 1091 1421 cardinalium

297 1479 326 1529 ct
347 1466 403 1528 SS.
427 1465 463 1525 D.
486 1464 521 1525 ii.
543 1464 640 1544 Papae
661 1465 703 1523 eis
728 1461 844 1522 obvium
868 1458 1024 1520 mittendae
1044 1475 1093 1518 es-

299 1580 385 1642 sent,
408 1567 454 1629 vel
467 1583 548 1639 non3
570 1574 681 1627 etcum
702 1562 774 1621 iiev.
794 1561 830 1620 D.
850 1559 882 1620 S.
902 1540 1099 1621 declarassem'

298 1667 377 1747 quod
396 1684 468 1739 uon,
486 1678 515 1727 et
531 1684 622 1744 quare
638 1682 694 1724 non
710 1673 803 1725 essent
819 1661 992 1734 mittendae,
1008 1677 1094 1720 com·

302 1770 382 1831 misit
412 1767 485 1828 mibi
520 1776 553 1827 ut
575 1765 630 1827 SS.
656 1764 691 1825 D.
718 1762 753 1825 tl.
784 1763 980 1842 supplicarem
1015 1757 1092 1837 quod

300 1872 402 1932 saitem
438 1866 551 1928 duobus
584 1865 721 1947 praelatis
753 1863 916 1924 domesticis
948 1861 1093 1921 Sanctitas

302 1971 364 2031 Sua
386 1970 582 2030 committeret
614 1967 729 2046 privato
747 1964 865 2026 nomine
881 1964 953 2044 ‚ipsis
974 1960 1091 2023 obviam

302 2072 418 2144 renirc3
440 2068 518 2148 quod
534 2076 631 2127 menen
649 2065 705 2127 SS.
719 2065 756 2125 D.
779 2063 813 2125 ii.
835 2063 931 2125 iacere
950 2081 1007 2123 non
1027 2062 1093 2141 pia·

298 2173 371 2233 cuit
387 2171 537 2233 Venerunt
550 2167 640 2247 igitur
657 2163 799 2229 Oratores
812 2165 954 2246 praedicti
974 2164 1011 2223 ad
1029 2164 1092 2226 Ur·

299 2275 378 2346 bem,
390 2291 406 2332 a
418 2272 526 2332 iamiiia
539 2270 612 2332 liar.
627 2269 743 2330 Domini
754 2265 992 2331 vicecancellarii
1004 2265 1093 2324 dum·

300 2384 400 2447 taxat,
421 2384 450 2433 ct
470 2370 641 2433 Curialibus
663 2353 765 2448 'Regni
789 2367 926 2429 Poloniae
947 2364 1094 2437 sanciati,

298 2474 338 2534 ad
368 2473 486 2534 domum
509 2490 564 2551 pro
593 2471 723 2550 ipsorum
744 2467 921 2529 habitatione
949 2475 1093 2546 paratam,

299 2575 404 2635 ordine
425 2582 573 2633 consueto.

344 2674 429 2738 Paria
446 2680 546 2745 sexta,
566 2669 716 2749 trigesima
737 2666 867 2752 ejusdem
886 2664 990 2727 mensis
1011 2681 1094 2724 mar·

301 2774 358 2850 tii,
390 2773 463 2835 licr.
488 2771 629 2832 Dominus
660 2768 823 2831 Cardinaiis
857 2766 891 2828 de
920 2764 1039 2827 Medicis
1065 2763 1094 2823 in

301 2893 388 2937 maus
413 2884 479 2935 ante
510 2870 666 2951 prandium
690 2867 819 2929 visitavit
850 2867 922 2927 Rev.
954 2865 1094 2926 Dominos

298 2973 470 3036 Cardinaies
501 2970 743 3041 Ulixbouensem,
775 2986 862 3047 quem
896 2966 1025 3045 repperit
1060 2964 1089 3022 in

271 3136 274 3142 ,
302 3073 426 3135 ccclesia
447 3071 547 3133 Sancti
569 3068 722 3130 Laurentii
744 3069 773 3128 in
792 3066 904 3129 Lucina
926 3063 1013 3126 titulo
1040 3063 1094 3124 sibi

302 3174 523 3246 commendato,
542 3172 734 3243 ianuensem,
753 3168 788 3229 dc
806 3167 967 3239 Columna,
982 3165 1017 3226 de
1033 3164 1094 3225 Co·

305 3275 443 3346 mitibus,
458 3285 488 3335 et
506 3273 542 3334 da
556 3270 692 3342 Sabellis,
706 3280 737 3332 et
751 3266 979 3349 pertranseundo
990 3264 1093 3346 palatia
1107 3314 1110 3320 .

303 3373 505 3438 cardinalium
528 3372 627 3434 Sancti
648 3370 750 3449 angeli
771 3380 799 3430 et
821 3368 920 3429 Sancti
945 3366 1026 3427 Petri
1058 3363 1095 3423 ad

308 3476 445 3546 Vincula,
468 3485 501 3534 ut
522 3492 570 3535 eos
592 3489 708 3552 quoquc
732 3468 877 3542 risitaret,
896 3466 1024 3548 repperit
1046 3484 1094 3527 eos

308 3579 339 3637 in
361 3576 494 3638 domibus
525 3592 628 3636 eorum
649 3591 706 3634 nou
726 3591 786 3633 esse
793 3594 803 3644 3
825 3568 977 3631 recordari
998 3559 1095 3627 autem

307 3676 473 3757 hujusmodi
489 3675 665 3736 visitationes
676 3691 767 3753 usque
785 3672 882 3745 modo,
897 3688 952 3750 pro
966 3687 1001 3731 eo
1017 3668 1096 3747 quod

309 3800 327 3840 a
350 3779 395 3839 die
416 3778 553 3857 vigesima
576 3787 653 3837 sextu
681 3775 751 3835 dicti
772 3776 892 3845 mensis,
914 3772 1004 3846 citra,
1024 3792 1096 3852 pro·

308 3893 375 3963 pter
394 3880 526 3952 iabores,
545 3896 619 3955 quos
640 3878 668 3934 in
691 3874 832 3936 visitando
850 3877 922 3936 aiios
938 3874 1011 3936 Rev.
1033 3874 1097 3937 Do·

306 3983 402 4043 minos
422 3980 589 4041 Cardinaies
607 3977 724 4046 habuit,
745 3978 801 4035 luit
816 3977 1029 4053 aliquantulum
1050 3978 1098 4037 al·

308 4086 433 4138 teratus.
449 4073 520 4132 Post
534 4071 688 4150 prandium
710 4070 787 4130 venit
801 4082 882 4129 extra
901 4081 1015 4150 portam
1047 4088 1098 4130 cc·

308 4177 415 4237 etesiae
436 4172 560 4232 Sanctae
580 4170 690 4231 diarias
712 4170 739 4228 in
771 4168 920 4230 Dominica
939 4169 992 4230 sibi
1015 4187 1098 4231 com·

309 4280 431 4348 animae,
454 4285 485 4334 ut
506 4292 569 4336 eam
603 4273 752 4345 visitaret,
772 4269 821 4332 sed
843 4270 969 4351 repperit
993 4269 1099 4347 januas

309 4382 435 4439 clausas.

353 4478 462 4538 Eadem
495 4474 541 4535 dle
571 4474 721 4536 Dominica
742 4483 808 4554 post
839 4473 993 4552 prandium
1026 4473 1098 4534 Rev.

312 4579 453 4642 Dominus
481 4574 640 4638 Cardinaiis
662 4574 697 4636 de
718 4572 837 4634 biedicis
867 4573 938 4635 Rev.
962 4574 1100 4635 Dominus

314 4680 414 4740 Sancti
436 4677 516 4738 Petri
534 4675 571 4736 ad
592 4675 715 4735 Vincula
736 4684 766 4736 et
784 4672 885 4735 Sancti
901 4674 1008 4754 'Angeli
1024 4674 1100 4736 Car·

313 4780 422 4839 dinaies
438 4776 580 4848 visitavit,
598 4785 627 4835 et
641 4774 685 4835 die
701 4774 800 4847 lunae,
817 4774 941 4834 secunda
955 4772 1100 4852 ejusdem,

315 4884 343 4941 in
366 4898 465 4952 mane,
487 4876 560 4937 idem
583 4875 710 4936 visitavit
731 4873 803 4936 Rev.
825 4874 963 4936 Dominos
978 4875 1101 4938 Ulixbo·

314 5000 430 5043 oensem
442 4982 470 5040 in
485 4977 620 5040 Claustro
634 4975 669 5038 dc
681 4977 805 5057 Populo,
818 4989 847 5039 et
859 4977 981 5039 Sanctae
994 4978 1101 5041 biariac

314 5085 345 5144 in
366 5081 489 5143 Porticu
517 5082 544 5139 in
566 5080 673 5157 palatio
692 5097 760 5152 suo,
782 5078 859 5158 apud
880 5079 1021 5140 Sanctam
1043 5082 1102 5141 Pe·

315 5198 414 5259 trum3
437 5199 564 5261 quorum
580 5189 655 5252 tres,
677 5181 742 5242 iicet
759 5182 840 5259 prius
855 5182 886 5240 in
902 5163 1034 5241 domibus
1049 5200 1103 5243 eo·

317 5394 402 5445 verbs
419 5394 552 5448 babuisse.
572 5393 650 5442 Forte
666 5394 744 5456 igilur
760 5393 906 5445 cardinalis
923 5393 1048 5453 Ursinus,
1063 5396 1104 5445 al·

316 5475 376 5524 linis
386 5474 562 5525 liariiceorum
575 5472 701 5530 iamiiiae,
719 5484 770 5521 non
786 5485 819 5523 cx
832 5475 963 5535 inopinato
975 5479 1032 5524 erat
1043 5486 1101 5523 cum

316 5554 449 5603 cardinali
466 5551 633 5609 Camerario,
649 5552 710 5600 dum
731 5549 875 5602 Cardinalis
892 5552 924 5602 de
947 5552 1052 5603 bledicis
1070 5553 1102 5603 ad

317 5634 464 5681 itiariorum
487 5633 632 5694 palatium,
650 5632 687 5680 uti
713 5643 808 5680 novum
829 5630 992 5681 Cardinaicm
1011 5632 1102 5690 dcccl,

317 5713 438 5761 tuccessit.

767 617 1053 682 constrictius
1076 611 1299 676 tttNOc'u'd‘ttt
1322 610 1475 673 OC'iAl'i.
1886 614 1943 676 ill

1159 769 1227 813 rum
1251 751 1380 812 visitandi
1399 769 1485 812 causa
1520 753 1702 829 quaesiverat
1734 767 1762 816 et
1781 775 1837 815 stou
1860 774 1945 834 repe·

1159 864 1266 925 rerat,
1298 869 1333 913 ac
1364 850 1586 914 Uiixbonensem
1618 852 1647 913 in
1690 856 1809 915 ecclesia
1843 855 1943 919 Sancti

1159 953 1308 1015 Laurentii
1327 949 1410 1029 juxta
1434 953 1573 1032 palatium
1589 955 1756 1017 residentiae
1779 970 1945 1038 repererat,
1962 971 1967 981 ·

1159 1065 1187 1115 et
1208 1075 1237 1116 se
1257 1073 1310 1134 pro
1328 1053 1448 1114 visitatis
1462 1051 1563 1115 baberi
1579 1056 1732 1132 debebant,
1747 1068 1841 1122 tamen
1850 1106 1859 1135 ,
1874 1065 1942 1140 quia

1158 1155 1308 1233 aliquibus
1330 1154 1517 1217 visitationem
1540 1154 1706 1234 hujusmodi
1729 1171 1832 1237 quater
1854 1169 1945 1246 repeti

1159 1255 1263 1318 debere
1283 1256 1414 1336 placuit,
1433 1257 1475 1317 sic
1496 1257 1604 1318 iactum
1627 1269 1678 1321 est.

1201 1355 1310 1419 Eadem
1343 1356 1405 1430 die,
1436 1359 1560 1418 secunda
1582 1360 1699 1437 aprilis,
1734 1361 1805 1422 Rev.
1835 1364 1949 1426 Domini

1159 1455 1329 1518 Cardinaics
1349 1456 1447 1517 Sancti
1467 1457 1548 1529 Petri
1563 1457 1599 1517 ad
1614 1460 1754 1537 Vincula,
1771 1462 1871 1526 Sancti
1886 1468 1949 1526 An-

1159 1558 1231 1637 geii,
1255 1556 1422 1630 leunensis,
1442 1558 1525 1619 etde
1546 1559 1707 1635 Columna,
1728 1564 1813 1627 simui
1848 1568 1949 1628 visita-

1160 1669 1231 1719 runt
1258 1658 1439 1737 praedictum
1470 1659 1654 1724 Cardinaicm
1678 1662 1712 1725 dc
1733 1664 1865 1727 Medicis.
1898 1666 1951 1730 Die

1162 1761 1280 1831 martis,
1301 1761 1388 1821 tertia
1403 1760 1520 1841 aprilis,
1543 1772 1608 1842 post
1622 1766 1776 1844 prandium
1795 1766 1867 1830 Rev.
1887 1768 1951 1831 Do-

1161 1860 1232 1920 mini
1253 1859 1423 1921 Cardinaies
1444 1859 1545 1922 Sancti
1567 1861 1668 1941 angeli
1690 1876 1718 1926 et
1739 1866 1880 1946 praedicti
1899 1871 1950 1931 aiii

1163 1961 1355 2022 visitaverunt
1371 1962 1493 2023 eundem
1514 1963 1542 2023 in
1564 1965 1682 2043 pluria3
1705 1966 1850 2044 Senensis,
1872 1968 1949 2032 Nea·

1166 2064 1310 2144 politanus
1336 2073 1366 2124 et
1396 2063 1674 2141 vicecancellarius,
1695 2067 1763 2129 iicet
1788 2070 1948 2134 successive

1161 2163 1257 2224 medio
1289 2164 1444 2225 intervallo
1476 2166 1634 2239 venissent,
1657 2182 1823 2231 manserunt
1854 2183 1949 2234 tamen

1160 2264 1247 2324 simui
1270 2282 1338 2324 cum
1359 2283 1394 2327 eo
1414 2264 1531 2327 circiter
1554 2266 1636 2328 boris
1658 2268 1785 2346 duabus,
1807 2284 1835 2335 et
1849 2292 1882 2335 ea
1903 2274 1948 2337 die

1161 2381 1217 2425 noa
1241 2377 1383 2426 venerunt
1398 2364 1456 2425 aiii.
1478 2366 1530 2429 Die
1548 2373 1677 2446 sequenti
1691 2384 1756 2451 post
1777 2373 1949 2453 prandium,

1162 2464 1293 2525 videlicet
1308 2476 1412 2545 qunrta
1434 2470 1552 2546 aprilis,
1575 2471 1702 2533 visitavit
1716 2474 1850 2537 eumdem
1872 2475 1945 2539 iiev.

1161 2566 1302 2627 Dominus
1332 2566 1495 2629 Cardinalis
1518 2568 1665 2644 Senensis,
1688 2585 1717 2633 et
1743 2576 1900 2652 Ascanius,
1921 2579 1948 2639 in

1161 2676 1292 2748 tempore
1318 2667 1460 2748 pluvioso.
1483 2669 1580 2746 lovis,
1614 2673 1715 2750 quinta
1735 2678 1854 2756 aprilis,
1876 2680 1949 2742 visi·

1163 2778 1263 2829 terunt
1283 2768 1417 2830 eumdem
1449 2769 1550 2833 Sancti
1577 2770 1748 2850 Clementis,
1770 2778 1949 2858 Parmensis,

1160 2869 1395 2942 Beneventanus,
1417 2871 1590 2950 lileriensis,
1612 2875 1736 2938 Sanctae
1767 2878 1949 2957 Anastasius,

1160 2983 1189 3032 et
1212 2971 1246 3032 de
1266 2971 1446 3047 comitibus,
1465 2982 1494 3034 et
1513 2973 1559 3035 die
1582 2976 1708 3050 veneris,
1729 2989 1806 3039 sexta
1836 2982 1948 3061 aprilis,

1161 3070 1321 3132 Cardinaiis
1336 3071 1476 3146 Ursinus3
1499 3072 1534 3133 de
1548 3074 1610 3135 aliis
1631 3074 1730 3139 deinde
1746 3097 1802 3141 non
1825 3081 1948 3145 adverti.

1203 3172 1289 3232 Paria
1322 3172 1422 3246 tertia,
1453 3172 1563 3235 decima
1596 3176 1666 3237 dieti
1697 3180 1802 3240 mensis
1834 3183 1949 3261 aprilis,

1161 3273 1341 3346 antediem,
1370 3272 1543 3336 caballarius
1572 3296 1606 3338 ex
1637 3278 1787 3361 Florentia
1806 3280 1842 3339 ad
1875 3282 1947 3344 lies.
2008 3279 2009 3283 ’

1162 3373 1318 3434 Dominum
1351 3373 1533 3436 Cardinaicm
1567 3377 1602 3439 de
1634 3377 1752 3441 biedicis
1786 3381 1861 3442 venit
1881 3400 1949 3444 cum

1163 3474 1265 3537 litteris
1286 3475 1366 3538 Petri
1388 3474 1443 3555 (De
1463 3475 1593 3560 bicdicis)
1619 3480 1730 3542 funesta
1751 3483 1952 3544 annuntianti·

1163 3574 1238 3644 bus,
1271 3576 1349 3654 quod
1384 3577 1428 3637 die
1460 3577 1604 3640 dominica
1635 3584 1764 3660 proxime
1795 3585 1951 3663 praeterita

1163 3681 1242 3737 circa
1264 3676 1367 3737 boram
1387 3688 1523 3756 quartam
1541 3681 1648 3754 noctis,
1669 3680 1698 3741 in
1718 3680 1862 3762 Caregio,
1880 3703 1950 3765 pos·

1163 3779 1284 3839 sessione
1298 3776 1447 3839 baurentii
1461 3778 1578 3841 iiiedicis
1592 3780 1671 3842 Civis
1689 3783 1861 3858 Florentini,
1879 3786 1949 3848 dicti

1163 3874 1324 3937 Cardinalis
1336 3879 1460 3955 patris,a
1472 3878 1588 3939 civitate
1601 3879 1764 3941 Florentiae
1776 3882 1951 3960 perduode-

1164 3979 1221 4037 cim
1234 3976 1317 4059 (duo)
1329 3979 1464 4039 milliaria
1478 3980 1522 4040 vei
1536 3980 1614 4039 circa
1627 3979 1760 4056 distante,
1778 3984 1852 4045 idem
1864 3985 1951 4046 bau-

1164 4077 1274 4139 rentius
1289 4077 1364 4137 diem
1378 4077 1482 4138 clausit
1493 4090 1654 4140 extremum
1664 4077 1721 4164 (υς
1734 4094 1854 4163 propter
1866 4104 1951 4164 quae,

1165 4222 1315 4229 ,συ-*-

1660 4225 1952 4247 ’φ’-Μ».

1204 4303 1240 4364 (ti
1256 4301 1292 4352 Da
1309 4304 1393 4351 morta
1405 4300 1591 4351 etiadrmitate
1609 4301 1759 4362 Laurentii,
1777 4305 1842 4356 baec
1864 4307 1952 4358 Anat·

1167 4392 1214 4432 cns
1231 4380 1399 4431 Pomrrtttos
1417 4380 1513 4443 hospes
1529 4381 1600 4430 domi
1615 4381 1757 4433 tiedtceae.

1240 4542 1354 4623 Angelus
1370 4540 1527 4600 Pontianus,
1543 4540 1640 4591 lacobo
1659 4532 1815 4604 antiquario
1831 4558 1880 4595 suo

1522 4683 1546 4732 S.
1565 4682 1595 4733 D.

1215 4848 1225 4870 .
1246 4826 1354 4890 vulgare
1371 4831 1427 4885 est,
1450 4830 1479 4876 ut
1496 4826 1542 4888 qui
1556 4828 1643 4878 serius
1660 4829 1739 4890 paulo
1755 4812 1790 4877 ad
1807 4829 1950 4877 amicorum

1169 4908 1260 4958 literas
1274 4905 1468 4969 respondeant,
1485 4905 1578 4954 nimias
1596 4907 1783 4968 occupationes
1795 4919 1857 4956 suas
1870 4919 1951 4955 excu-

1169 4989 1238 5037 sent.
1254 4984 1307 5049 Ego
1325 4997 1390 5035 vero
1407 4996 1458 5048 quo
1476 4986 1562 5034 minus
1579 4988 1682 5034 mature
1708 4983 1742 5034 ad
1764 4989 1789 5034 ts
1806 4987 1955 5049 rescripse-

1170 5066 1237 5125 rim,
1248 5078 1300 5115 uon
1312 5071 1363 5115 tam
1377 5066 1481 5126 culpam
1493 5065 1599 5114 contero
1613 5065 1639 5113 in
1651 5064 1854 5125 occupationes,
1872 5076 1953 5126 quaa·

1169 5157 1248 5206 quam
1265 5156 1298 5193 oe
1315 5145 1388 5205 ipsae
1404 5143 1513 5205 quidem
1530 5141 1685 5202 defuerunt,
1701 5154 1778 5203 quam
1795 5143 1821 5191 in
1834 5142 1955 5193 acerbis·

1171 5230 1264 5276 simum
1277 5223 1366 5285 potius
1379 5225 1447 5272 bunc
1459 5222 1576 5271 dolorem
1588 5234 1665 5282 quem
1677 5220 1739 5271 mibi
1758 5221 1816 5284 ejus
1833 5222 1882 5269 viri
1900 5222 1955 5270 obi·

1171 5310 1213 5355 tus
1231 5304 1333 5361 attulit,
1351 5303 1427 5359 cujus
1445 5300 1591 5363 patrocinio
1603 5312 1687 5362 nuper
1698 5311 1766 5348 unus
1782 5311 1816 5349 ex
1833 5299 1954 5351 omuibus

1172 5384 1309 5435 literarum
1326 5380 1542 5445 professoribus,
1568 5383 1594 5429 et
1618 5390 1690 5427 eram
1715 5377 1955 5439 tonantissimas,

1171 5467 1198 5514 st
1215 5461 1343 5513 habebar.
1355 5462 1401 5511 illo
1413 5461 1491 5525 igitur
1502 5471 1570 5509 nunc
1582 5458 1716 5515 extincto,
1733 5457 1778 5519 qui
1795 5457 1881 5507 iuerat
1897 5463 1953 5508 unt·

1172 5557 1219 5594 cus
1246 5541 1341 5592 author
1365 5542 1461 5591 eruditi
1485 5540 1583 5590 laboris
1605 5537 1748 5595 videlicet,
1774 5536 1852 5586 ardor
1874 5538 1953 5589 etiam

1172 5622 1309 5674 scribendi
1326 5625 1418 5671 noster
1435 5620 1568 5671 extinctus
1586 5622 1645 5677 est,
1660 5618 1781 5678 omnique
1802 5629 1885 5679 prope
1908 5632 1956 5669 vs·

1172 5709 1257 5755 terum
1270 5701 1416 5753 studiorum
1429 5700 1552 5751 alacritas
1565 5700 1687 5762 clanguit.
1698 5696 1745 5749 Sed
1757 5697 1778 5746 si
1787 5699 1874 5747 tantos
1884 5710 1958 5749 arnor
