<?xml version="1.0" encoding="UTF-8"?>
<!DOCTYPE html PUBLIC "-//W3C//DTD XHTML 1.0 Transitional//EN"
    "http://www.w3.org/TR/xhtml1/DTD/xhtml1-transitional.dtd">
<html xmlns="http://www.w3.org/1999/xhtml" xml:lang="en" lang="en">
 <head>
  <title>
</title>
<meta http-equiv="Content-Type" content="text/html;charset=utf-8" />
  <meta name='ocr-system' content='tesseract 3.04.00' />
  <meta name='ocr-capabilities' content='ocr_page ocr_carea ocr_par ocr_line ocrx_word'/>
</head>
<body>
  <div class='ocr_page' id='page_1' title='image "./johannisburchar01burcgoog/johannisburchar01burcgoog_0090.png"; bbox 0 0 4492 6859; ppageno 0'>
   <div class='ocr_carea' id='block_1_1' title="bbox 301 667 343 730">
    <p class='ocr_par' dir='ltr' id='par_1_1' title="bbox 301 667 343 730">
     <span class='ocr_line' id='line_1_1' title="bbox 301 667 343 730; baseline 0.024 -1"><span class='ocrx_word' id='word_1_1' title='bbox 301 667 343 730; x_wconf 85' lang='lat' dir='ltr'>tiu</span> 
     </span>
    </p>
   </div>
   <div class='ocr_carea' id='block_1_2' title="bbox 292 798 1109 4594">
    <p class='ocr_par' dir='ltr' id='par_1_2' title="bbox 302 798 1085 884">
     <span class='ocr_line' id='line_1_2' title="bbox 302 798 1085 884; baseline -0.009 -20"><span class='ocrx_word' id='word_1_2' title='bbox 302 805 384 865; x_wconf 88' lang='lat' dir='ltr'>albae</span> <span class='ocrx_word' id='word_1_3' title='bbox 404 803 497 884; x_wconf 89' lang='lat' dir='ltr'>pondo</span> <span class='ocrx_word' id='word_1_4' title='bbox 518 802 548 863; x_wconf 86' lang='grc'>6.</span> <span class='ocrx_word' id='word_1_5' title='bbox 571 803 715 864; x_wconf 90' lang='lat' dir='ltr'>librarum</span> <span class='ocrx_word' id='word_1_6' title='bbox 737 801 822 862; x_wconf 90' lang='lat' dir='ltr'>etiam</span> <span class='ocrx_word' id='word_1_7' title='bbox 844 818 900 860; x_wconf 94' lang='lat' dir='ltr'>non</span> <span class='ocrx_word' id='word_1_8' title='bbox 922 798 1085 871; x_wconf 74' lang='lat' dir='ltr'>ardentem,</span> 
     </span>
    </p>

    <p class='ocr_par' dir='ltr' id='par_1_3' title="bbox 301 901 1084 965">
     <span class='ocr_line' id='line_1_3' title="bbox 301 901 1084 965; baseline -0.008 0"><span class='ocrx_word' id='word_1_9' title='bbox 301 915 330 965; x_wconf 92' lang='lat' dir='ltr'>et</span> <span class='ocrx_word' id='word_1_10' title='bbox 346 904 373 962; x_wconf 92' lang='lat' dir='ltr'>in</span> <span class='ocrx_word' id='word_1_11' title='bbox 387 903 499 963; x_wconf 90' lang='lat' dir='ltr'>sinistra</span> <span class='ocrx_word' id='word_1_12' title='bbox 515 920 606 962; x_wconf 93' lang='lat' dir='ltr'>unum</span> <span class='ocrx_word' id='word_1_13' title='bbox 621 901 817 963; x_wconf 74' lang='lat' dir='ltr'><strong>canistrellum</strong></span> <span class='ocrx_word' id='word_1_14' title='bbox 838 911 1001 961; x_wconf 87' lang='lat' dir='ltr'>mancatum</span> <span class='ocrx_word' id='word_1_15' title='bbox 1018 916 1084 960; x_wconf 86' lang='lat' dir='ltr'>eum</span> 
     </span>
    </p>

    <p class='ocr_par' dir='ltr' id='par_1_4' title="bbox 301 999 1086 1079">
     <span class='ocr_line' id='line_1_4' title="bbox 301 999 1086 1079; baseline -0.005 -16"><span class='ocrx_word' id='word_1_16' title='bbox 301 1002 396 1064; x_wconf 89' lang='lat' dir='ltr'>tribus</span> <span class='ocrx_word' id='word_1_17' title='bbox 414 1002 591 1075; x_wconf 88' lang='lat' dir='ltr'>turturibus,</span> <span class='ocrx_word' id='word_1_18' title='bbox 608 1002 632 1061; x_wconf 91' lang='lat' dir='ltr'>sl</span> <span class='ocrx_word' id='word_1_19' title='bbox 655 1011 732 1063; x_wconf 91' lang='lat' dir='ltr'>recte</span> <span class='ocrx_word' id='word_1_20' title='bbox 753 999 886 1075; x_wconf 88' lang='lat' dir='ltr'>memini,</span> <span class='ocrx_word' id='word_1_21' title='bbox 907 1000 992 1072; x_wconf 85' lang='lat' dir='ltr'>rivis,</span> <span class='ocrx_word' id='word_1_22' title='bbox 1013 1018 1086 1079; x_wconf 88' lang='lat' dir='ltr'>por·</span> 
     </span>
    </p>

    <p class='ocr_par' dir='ltr' id='par_1_5' title="bbox 297 1099 1086 1180">
     <span class='ocr_line' id='line_1_5' title="bbox 297 1099 1086 1180; baseline -0.003 -18"><span class='ocrx_word' id='word_1_23' title='bbox 297 1100 387 1174; x_wconf 87' lang='lat' dir='ltr'>tabat,</span> <span class='ocrx_word' id='word_1_24' title='bbox 409 1119 495 1178; x_wconf 85' lang='lat' dir='ltr'>quent</span> <span class='ocrx_word' id='word_1_25' title='bbox 517 1102 691 1180; x_wconf 70' lang='lat' dir='ltr'>sequebatur</span> <span class='ocrx_word' id='word_1_26' title='bbox 709 1100 744 1160; x_wconf 91' lang='lat' dir='ltr'>tt.</span> <span class='ocrx_word' id='word_1_27' title='bbox 766 1099 927 1161; x_wconf 76' lang='lat' dir='ltr'>cardinalis</span> <span class='ocrx_word' id='word_1_28' title='bbox 944 1099 1086 1162; x_wconf 78' lang='lat' dir='ltr'>Mediola-</span> 
     </span>
    </p>

    <p class='ocr_par' dir='ltr' id='par_1_6' title="bbox 295 1201 1109 1382">
     <span class='ocr_line' id='line_1_6' title="bbox 296 1201 1109 1282; baseline -0.005 -19"><span class='ocrx_word' id='word_1_29' title='bbox 296 1203 389 1263; x_wconf 78' lang='lat' dir='ltr'>masis</span> <span class='ocrx_word' id='word_1_30' title='bbox 400 1225 411 1278; x_wconf 83' lang='lat'>3</span> <span class='ocrx_word' id='word_1_31' title='bbox 441 1213 504 1282; x_wconf 86' lang='lat' dir='ltr'>post</span> <span class='ocrx_word' id='word_1_32' title='bbox 528 1202 656 1263; x_wconf 73' lang='lat' dir='ltr'>scutiferi</span> <span class='ocrx_word' id='word_1_33' title='bbox 679 1201 737 1262; x_wconf 89' lang='lat' dir='ltr'>duo</span> <span class='ocrx_word' id='word_1_34' title='bbox 757 1212 905 1281; x_wconf 87' lang='lat' dir='ltr'>portantes</span> <span class='ocrx_word' id='word_1_35' title='bbox 926 1202 999 1261; x_wconf 90' lang='lat' dir='ltr'>duos</span> <span class='ocrx_word' id='word_1_36' title='bbox 1020 1218 1086 1260; x_wconf 86' lang='lat' dir='ltr'>rna·</span> <span class='ocrx_word' id='word_1_37' title='bbox 1108 1238 1109 1241; x_wconf 56' lang='lat'><em>=</em></span> 
     </span>
     <span class='ocr_line' id='line_1_7' title="bbox 295 1301 1084 1382; baseline -0.001 -20"><span class='ocrx_word' id='word_1_38' title='bbox 295 1321 368 1382; x_wconf 87' lang='lat' dir='ltr'>gnos</span> <span class='ocrx_word' id='word_1_39' title='bbox 388 1319 495 1382; x_wconf 89' lang='lat' dir='ltr'>panes,</span> <span class='ocrx_word' id='word_1_40' title='bbox 518 1301 629 1361; x_wconf 90' lang='lat' dir='ltr'>duabus</span> <span class='ocrx_word' id='word_1_41' title='bbox 651 1303 775 1381; x_wconf 88' lang='lat' dir='ltr'>mapalis</span> <span class='ocrx_word' id='word_1_42' title='bbox 802 1312 970 1381; x_wconf 87' lang='lat' dir='ltr'>coopertos,</span> <span class='ocrx_word' id='word_1_43' title='bbox 995 1319 1084 1362; x_wconf 92' lang='lat' dir='ltr'>unum</span> 
     </span>
    </p>

    <p class='ocr_par' dir='ltr' id='par_1_7' title="bbox 296 1403 1084 1483">
     <span class='ocr_line' id='line_1_8' title="bbox 296 1403 1084 1483; baseline 0.005 -22"><span class='ocrx_word' id='word_1_44' title='bbox 296 1403 497 1476; x_wconf 87' lang='lat' dir='ltr'>incursatum,</span> <span class='ocrx_word' id='word_1_45' title='bbox 518 1404 608 1464; x_wconf 90' lang='lat' dir='ltr'>alium</span> <span class='ocrx_word' id='word_1_46' title='bbox 630 1406 864 1483; x_wconf 76' lang='lat' dir='ltr'>inargentatum,</span> <span class='ocrx_word' id='word_1_47' title='bbox 885 1421 958 1482; x_wconf 89' lang='lat' dir='ltr'>quos</span> <span class='ocrx_word' id='word_1_48' title='bbox 978 1421 1084 1482; x_wconf 85' lang='lat' dir='ltr'>seque·</span> 
     </span>
    </p>

    <p class='ocr_par' dir='ltr' id='par_1_8' title="bbox 297 1502 1084 1565">
     <span class='ocr_line' id='line_1_9' title="bbox 297 1502 1084 1565; baseline 0.003 -2"><span class='ocrx_word' id='word_1_49' title='bbox 297 1503 383 1563; x_wconf 89' lang='lat' dir='ltr'>batur</span> <span class='ocrx_word' id='word_1_50' title='bbox 407 1503 577 1565; x_wconf 77' lang='lat' dir='ltr'>venerabilis</span> <span class='ocrx_word' id='word_1_51' title='bbox 600 1505 646 1564; x_wconf 84' lang='lat' dir='ltr'>sir</span> <span class='ocrx_word' id='word_1_52' title='bbox 667 1504 702 1564; x_wconf 88' lang='lat' dir='ltr'>D.</span> <span class='ocrx_word' id='word_1_53' title='bbox 725 1504 853 1565; x_wconf 82' lang='lat' dir='ltr'>Thomas</span> <span class='ocrx_word' id='word_1_54' title='bbox 875 1502 945 1565; x_wconf 80' lang='lat' dir='ltr'>bue</span> <span class='ocrx_word' id='word_1_55' title='bbox 960 1505 1084 1565; x_wconf 85' lang='lat' dir='ltr'>decanus</span> 
     </span>
    </p>

    <p class='ocr_par' dir='ltr' id='par_1_9' title="bbox 299 1605 1084 1686">
     <span class='ocr_line' id='line_1_10' title="bbox 299 1605 1084 1686; baseline 0.003 -22"><span class='ocrx_word' id='word_1_56' title='bbox 299 1607 463 1667; x_wconf 88' lang='lat' dir='ltr'>monasterii</span> <span class='ocrx_word' id='word_1_57' title='bbox 482 1606 692 1668; x_wconf 87' lang='lat' dir='ltr'>clausterorum</span> <span class='ocrx_word' id='word_1_58' title='bbox 712 1606 973 1686; x_wconf 84' lang='lat' dir='ltr'>Roamburgensis,</span> <span class='ocrx_word' id='word_1_59' title='bbox 992 1605 1084 1666; x_wconf 88' lang='lat' dir='ltr'>frater</span> 
     </span>
    </p>

    <p class='ocr_par' dir='ltr' id='par_1_10' title="bbox 297 1704 514 1785">
     <span class='ocr_line' id='line_1_11' title="bbox 297 1704 514 1785; baseline 0.005 -20"><span class='ocrx_word' id='word_1_60' title='bbox 297 1704 330 1765; x_wconf 85' lang='lat' dir='ltr'>S.</span> <span class='ocrx_word' id='word_1_61' title='bbox 352 1707 514 1785; x_wconf 78' lang='lat' dir='ltr'>Augustini.</span> 
     </span>
    </p>

    <p class='ocr_par' dir='ltr' id='par_1_11' title="bbox 292 1803 1085 4594">
     <span class='ocr_line' id='line_1_12' title="bbox 338 1803 1085 1886; baseline 0.003 -21"><span class='ocrx_word' id='word_1_62' title='bbox 338 1803 491 1867; x_wconf 78' lang='lat' dir='ltr'>Secundus</span> <span class='ocrx_word' id='word_1_63' title='bbox 508 1804 618 1868; x_wconf 87' lang='lat' dir='ltr'>Orator</span> <span class='ocrx_word' id='word_1_64' title='bbox 634 1805 738 1867; x_wconf 88' lang='lat' dir='ltr'>dietam</span> <span class='ocrx_word' id='word_1_65' title='bbox 756 1807 999 1869; x_wconf 86' lang='lat' dir='ltr'>canonizationem</span> <span class='ocrx_word' id='word_1_66' title='bbox 1012 1824 1085 1886; x_wconf 85' lang='lat' dir='ltr'>pto-</span> 
     </span>
     <span class='ocr_line' id='line_1_13' title="bbox 298 1906 1082 1985; baseline 0.001 -18"><span class='ocrx_word' id='word_1_67' title='bbox 298 1923 414 1980; x_wconf 89' lang='lat' dir='ltr'>curans,</span> <span class='ocrx_word' id='word_1_68' title='bbox 438 1908 487 1985; x_wconf 92' lang='lat' dir='ltr'>qui</span> <span class='ocrx_word' id='word_1_69' title='bbox 509 1907 537 1965; x_wconf 93' lang='lat' dir='ltr'>in</span> <span class='ocrx_word' id='word_1_70' title='bbox 559 1906 673 1968; x_wconf 90' lang='lat' dir='ltr'>dextera</span> <span class='ocrx_word' id='word_1_71' title='bbox 693 1908 814 1969; x_wconf 80' lang='lat' dir='ltr'>simssem</span> <span class='ocrx_word' id='word_1_72' title='bbox 834 1925 951 1969; x_wconf 77' lang='lat' dir='ltr'>cereum</span> <span class='ocrx_word' id='word_1_73' title='bbox 971 1923 1013 1967; x_wconf 88' lang='lat' dir='ltr'>vt.</span> <span class='ocrx_word' id='word_1_74' title='bbox 1033 1907 1082 1969; x_wconf 91' lang='lat' dir='ltr'>iib.</span> 
     </span>
     <span class='ocr_line' id='line_1_14' title="bbox 295 2008 1083 2088; baseline 0.003 -21"><span class='ocrx_word' id='word_1_75' title='bbox 295 2017 325 2067; x_wconf 90' lang='lat' dir='ltr'>et</span> <span class='ocrx_word' id='word_1_76' title='bbox 346 2008 375 2067; x_wconf 92' lang='lat' dir='ltr'>ia</span> <span class='ocrx_word' id='word_1_77' title='bbox 396 2008 512 2067; x_wconf 89' lang='lat' dir='ltr'>sinistra</span> <span class='ocrx_word' id='word_1_78' title='bbox 533 2025 624 2068; x_wconf 90' lang='lat' dir='ltr'>unum</span> <span class='ocrx_word' id='word_1_79' title='bbox 649 2008 846 2070; x_wconf 77' lang='lat' dir='ltr'>canistrellum</span> <span class='ocrx_word' id='word_1_80' title='bbox 870 2008 1083 2088; x_wconf 77' lang='lat' dir='ltr'>inargentatum</span> 
     </span>
     <span class='ocr_line' id='line_1_15' title="bbox 298 2106 1082 2187; baseline 0 -18"><span class='ocrx_word' id='word_1_81' title='bbox 298 2125 366 2169; x_wconf 89' lang='lat' dir='ltr'>cum</span> <span class='ocrx_word' id='word_1_82' title='bbox 382 2106 493 2167; x_wconf 90' lang='lat' dir='ltr'>duabus</span> <span class='ocrx_word' id='word_1_83' title='bbox 502 2108 644 2168; x_wconf 73' lang='lat' dir='ltr'>columbis</span> <span class='ocrx_word' id='word_1_84' title='bbox 657 2106 730 2166; x_wconf 90' lang='lat' dir='ltr'>albis</span> <span class='ocrx_word' id='word_1_85' title='bbox 745 2108 829 2179; x_wconf 85' lang='lat' dir='ltr'>vivis,</span> <span class='ocrx_word' id='word_1_86' title='bbox 843 2108 987 2187; x_wconf 90' lang='lat' dir='ltr'>portabat.</span> <span class='ocrx_word' id='word_1_87' title='bbox 997 2107 1082 2169; x_wconf 85' lang='lat' dir='ltr'>Hunc</span> 
     </span>
     <span class='ocr_line' id='line_1_16' title="bbox 295 2206 1082 2286; baseline 0 -19"><span class='ocrx_word' id='word_1_88' title='bbox 295 2208 331 2268; x_wconf 85' lang='lat' dir='ltr'>il.</span> <span class='ocrx_word' id='word_1_89' title='bbox 353 2207 513 2269; x_wconf 82' lang='lat' dir='ltr'>cardinalis</span> <span class='ocrx_word' id='word_1_90' title='bbox 534 2206 667 2267; x_wconf 84' lang='lat' dir='ltr'>Senensis</span> <span class='ocrx_word' id='word_1_91' title='bbox 688 2206 874 2284; x_wconf 81' lang='lat' dir='ltr'>sequebatur,</span> <span class='ocrx_word' id='word_1_92' title='bbox 891 2217 999 2286; x_wconf 90' lang='lat' dir='ltr'>etpost</span> <span class='ocrx_word' id='word_1_93' title='bbox 1016 2225 1082 2268; x_wconf 92' lang='lat' dir='ltr'>eum</span> 
     </span>
     <span class='ocr_line' id='line_1_17' title="bbox 296 2307 1084 2382; baseline 0.003 -15"><span class='ocrx_word' id='word_1_94' title='bbox 296 2307 355 2369; x_wconf 94' lang='lat' dir='ltr'>duo</span> <span class='ocrx_word' id='word_1_95' title='bbox 373 2308 503 2369; x_wconf 75' lang='lat' dir='ltr'>scutiferi</span> <span class='ocrx_word' id='word_1_96' title='bbox 525 2307 583 2366; x_wconf 92' lang='lat' dir='ltr'>duo</span> <span class='ocrx_word' id='word_1_97' title='bbox 604 2307 722 2380; x_wconf 85' lang='lat' dir='ltr'>barilia,</span> <span class='ocrx_word' id='word_1_98' title='bbox 744 2326 834 2368; x_wconf 91' lang='lat' dir='ltr'>unum</span> <span class='ocrx_word' id='word_1_99' title='bbox 854 2308 1034 2382; x_wconf 87' lang='lat' dir='ltr'>inauratum,</span> <span class='ocrx_word' id='word_1_100' title='bbox 1054 2317 1084 2369; x_wconf 88' lang='lat' dir='ltr'>et</span> 
     </span>
     <span class='ocr_line' id='line_1_18' title="bbox 296 2408 1083 2489; baseline 0.001 -21"><span class='ocrx_word' id='word_1_101' title='bbox 296 2408 374 2470; x_wconf 91' lang='lat' dir='ltr'>aliud</span> <span class='ocrx_word' id='word_1_102' title='bbox 394 2408 604 2486; x_wconf 85' lang='lat' dir='ltr'>inargentatum</span> <span class='ocrx_word' id='word_1_103' title='bbox 623 2408 722 2486; x_wconf 91' lang='lat' dir='ltr'>optimi</span> <span class='ocrx_word' id='word_1_104' title='bbox 745 2408 805 2467; x_wconf 84' lang='lat' dir='ltr'>vini</span> <span class='ocrx_word' id='word_1_105' title='bbox 825 2410 907 2487; x_wconf 90' lang='lat' dir='ltr'>piena</span> <span class='ocrx_word' id='word_1_106' title='bbox 927 2418 1083 2489; x_wconf 86' lang='lat' dir='ltr'>portantes,</span> 
     </span>
     <span class='ocr_line' id='line_1_19' title="bbox 298 2506 1083 2588; baseline 0.003 -19"><span class='ocrx_word' id='word_1_107' title='bbox 298 2520 326 2569; x_wconf 90' lang='lat' dir='ltr'>et</span> <span class='ocrx_word' id='word_1_108' title='bbox 348 2519 412 2588; x_wconf 89' lang='lat' dir='ltr'>post</span> <span class='ocrx_word' id='word_1_109' title='bbox 433 2508 508 2587; x_wconf 87' lang='lat' dir='ltr'>ipsos</span> <span class='ocrx_word' id='word_1_110' title='bbox 530 2507 646 2585; x_wconf 89' lang='lat' dir='ltr'>quidam</span> <span class='ocrx_word' id='word_1_111' title='bbox 667 2508 814 2569; x_wconf 88' lang='lat' dir='ltr'>alemanus</span> <span class='ocrx_word' id='word_1_112' title='bbox 829 2506 951 2583; x_wconf 87' lang='lat' dir='ltr'>Orator,</span> <span class='ocrx_word' id='word_1_113' title='bbox 965 2512 989 2570; x_wconf 90' lang='lat' dir='ltr'>si</span> <span class='ocrx_word' id='word_1_114' title='bbox 1004 2521 1083 2572; x_wconf 87' lang='lat' dir='ltr'>reete</span> 
     </span>
     <span class='ocr_line' id='line_1_20' title="bbox 296 2605 1082 2690; baseline 0.004 -24"><span class='ocrx_word' id='word_1_115' title='bbox 296 2608 377 2678; x_wconf 88' lang='lat' dir='ltr'>dico,</span> <span class='ocrx_word' id='word_1_116' title='bbox 399 2608 495 2667; x_wconf 83' lang='lat' dir='ltr'>locum</span> <span class='ocrx_word' id='word_1_117' title='bbox 522 2607 601 2667; x_wconf 88' lang='lat' dir='ltr'>tertii</span> <span class='ocrx_word' id='word_1_118' title='bbox 623 2605 758 2670; x_wconf 88' lang='lat' dir='ltr'>Oratoris</span> <span class='ocrx_word' id='word_1_119' title='bbox 784 2611 917 2690; x_wconf 85' lang='lat' dir='ltr'>supplens</span> <span class='ocrx_word' id='word_1_120' title='bbox 945 2620 1082 2687; x_wconf 90' lang='lat' dir='ltr'>tanquam</span> 
     </span>
     <span class='ocr_line' id='line_1_21' title="bbox 293 2704 1084 2788; baseline 0.005 -21"><span class='ocrx_word' id='word_1_121' title='bbox 293 2726 351 2787; x_wconf 92' lang='lat' dir='ltr'>pro</span> <span class='ocrx_word' id='word_1_122' title='bbox 365 2704 530 2785; x_wconf 86' lang='lat' dir='ltr'>hujusmodi</span> <span class='ocrx_word' id='word_1_123' title='bbox 547 2710 771 2769; x_wconf 85' lang='lat' dir='ltr'>canonizationis</span> <span class='ocrx_word' id='word_1_124' title='bbox 783 2710 898 2788; x_wconf 84' lang='lat' dir='ltr'>negotio</span> <span class='ocrx_word' id='word_1_125' title='bbox 916 2711 1084 2773; x_wconf 88' lang='lat' dir='ltr'>solicitando</span> 
     </span>
     <span class='ocr_line' id='line_1_22' title="bbox 298 2806 1082 2889; baseline 0.011 -24"><span class='ocrx_word' id='word_1_126' title='bbox 298 2808 422 2877; x_wconf 90' lang='lat' dir='ltr'>missus,</span> <span class='ocrx_word' id='word_1_127' title='bbox 444 2806 495 2886; x_wconf 94' lang='lat' dir='ltr'>qui</span> <span class='ocrx_word' id='word_1_128' title='bbox 515 2807 615 2868; x_wconf 90' lang='lat' dir='ltr'>dextra</span> <span class='ocrx_word' id='word_1_129' title='bbox 645 2826 733 2867; x_wconf 88' lang='lat' dir='ltr'>manu</span> <span class='ocrx_word' id='word_1_130' title='bbox 758 2827 875 2869; x_wconf 89' lang='lat' dir='ltr'>cereum</span> <span class='ocrx_word' id='word_1_131' title='bbox 902 2808 1082 2889; x_wconf 85' lang='lat' dir='ltr'>praedictum</span> 
     </span>
     <span class='ocr_line' id='line_1_23' title="bbox 294 2906 1082 2971; baseline 0.006 -5"><span class='ocrx_word' id='word_1_132' title='bbox 294 2907 408 2969; x_wconf 90' lang='lat' dir='ltr'>duobus</span> <span class='ocrx_word' id='word_1_133' title='bbox 420 2906 569 2969; x_wconf 85' lang='lat' dir='ltr'>antedictis</span> <span class='ocrx_word' id='word_1_134' title='bbox 583 2909 704 2969; x_wconf 86' lang='lat' dir='ltr'>situiiem</span> <span class='ocrx_word' id='word_1_135' title='bbox 719 2920 748 2969; x_wconf 89' lang='lat' dir='ltr'>ct</span> <span class='ocrx_word' id='word_1_136' title='bbox 762 2909 874 2969; x_wconf 88' lang='lat' dir='ltr'>sinistra</span> <span class='ocrx_word' id='word_1_137' title='bbox 890 2928 975 2971; x_wconf 90' lang='lat' dir='ltr'>mano</span> <span class='ocrx_word' id='word_1_138' title='bbox 993 2929 1082 2971; x_wconf 90' lang='lat' dir='ltr'>unum</span> 
     </span>
     <span class='ocr_line' id='line_1_24' title="bbox 295 3006 1082 3072; baseline 0.008 -7"><span class='ocrx_word' id='word_1_139' title='bbox 295 3008 492 3068; x_wconf 79' lang='lat' dir='ltr'>canistrellum</span> <span class='ocrx_word' id='word_1_140' title='bbox 522 3006 706 3069; x_wconf 80' lang='lat' dir='ltr'>diuersorum</span> <span class='ocrx_word' id='word_1_141' title='bbox 728 3010 860 3070; x_wconf 87' lang='lat' dir='ltr'>colorum</span> <span class='ocrx_word' id='word_1_142' title='bbox 881 3028 949 3071; x_wconf 89' lang='lat' dir='ltr'>cum</span> <span class='ocrx_word' id='word_1_143' title='bbox 968 3028 1012 3072; x_wconf 79' lang='lat' dir='ltr'>vt.</span> <span class='ocrx_word' id='word_1_144' title='bbox 1037 3014 1082 3071; x_wconf 91' lang='lat' dir='ltr'>rel</span> 
     </span>
     <span class='ocr_line' id='line_1_25' title="bbox 294 3108 1082 3191; baseline 0.005 -23"><span class='ocrx_word' id='word_1_145' title='bbox 294 3110 375 3168; x_wconf 87' lang='lat' dir='ltr'>circa</span> <span class='ocrx_word' id='word_1_146' title='bbox 402 3108 523 3168; x_wconf 86' lang='lat' dir='ltr'>avicttiis</span> <span class='ocrx_word' id='word_1_147' title='bbox 554 3112 653 3188; x_wconf 89' lang='lat' dir='ltr'>parvis</span> <span class='ocrx_word' id='word_1_148' title='bbox 680 3110 754 3171; x_wconf 82' lang='lat' dir='ltr'>siris</span> <span class='ocrx_word' id='word_1_149' title='bbox 779 3110 920 3191; x_wconf 91' lang='lat' dir='ltr'>portabat.</span> <span class='ocrx_word' id='word_1_150' title='bbox 950 3111 987 3171; x_wconf 85' lang='lat' dir='ltr'>tlt</span> <span class='ocrx_word' id='word_1_151' title='bbox 1014 3129 1082 3172; x_wconf 90' lang='lat' dir='ltr'>cum</span> 
     </span>
     <span class='ocr_line' id='line_1_26' title="bbox 292 3207 1082 3285; baseline 0.004 -15"><span class='ocrx_word' id='word_1_152' title='bbox 292 3221 385 3270; x_wconf 83' lang='lat' dir='ltr'>essem</span> <span class='ocrx_word' id='word_1_153' title='bbox 403 3226 502 3269; x_wconf 88' lang='lat' dir='ltr'>coram</span> <span class='ocrx_word' id='word_1_154' title='bbox 523 3207 673 3285; x_wconf 88' lang='lat' dir='ltr'>Pontifice,</span> <span class='ocrx_word' id='word_1_155' title='bbox 688 3210 819 3273; x_wconf 88' lang='lat' dir='ltr'>videlicet</span> <span class='ocrx_word' id='word_1_156' title='bbox 836 3212 1082 3273; x_wconf 86' lang='lat' dir='ltr'>Vicecamerarius</span> 
     </span>
     <span class='ocr_line' id='line_1_27' title="bbox 292 3310 1082 3391; baseline 0.005 -23"><span class='ocrx_word' id='word_1_157' title='bbox 292 3322 370 3370; x_wconf 90' lang='lat' dir='ltr'>stans</span> <span class='ocrx_word' id='word_1_158' title='bbox 386 3311 478 3391; x_wconf 85' lang='lat' dir='ltr'>cupite</span> <span class='ocrx_word' id='word_1_159' title='bbox 492 3311 643 3383; x_wconf 87' lang='lat' dir='ltr'>inclinato,</span> <span class='ocrx_word' id='word_1_160' title='bbox 666 3328 782 3371; x_wconf 87' lang='lat' dir='ltr'>cereum</span> <span class='ocrx_word' id='word_1_161' title='bbox 797 3310 832 3371; x_wconf 91' lang='lat' dir='ltr'>de</span> <span class='ocrx_word' id='word_1_162' title='bbox 847 3328 933 3370; x_wconf 90' lang='lat' dir='ltr'>manu</span> <span class='ocrx_word' id='word_1_163' title='bbox 953 3311 1082 3372; x_wconf 76' lang='lat' dir='ltr'>scutiferi</span> 
     </span>
     <span class='ocr_line' id='line_1_28' title="bbox 293 3410 1081 3491; baseline 0.003 -22"><span class='ocrx_word' id='word_1_164' title='bbox 293 3412 435 3491; x_wconf 89' lang='lat' dir='ltr'>accipiens</span> <span class='ocrx_word' id='word_1_165' title='bbox 461 3412 543 3472; x_wconf 92' lang='lat' dir='ltr'>iilum</span> <span class='ocrx_word' id='word_1_166' title='bbox 571 3410 703 3471; x_wconf 87' lang='lat' dir='ltr'>Pontifici</span> <span class='ocrx_word' id='word_1_167' title='bbox 735 3411 840 3472; x_wconf 93' lang='lat' dir='ltr'>obtulit</span> <span class='ocrx_word' id='word_1_168' title='bbox 872 3423 901 3472; x_wconf 89' lang='lat' dir='ltr'>et</span> <span class='ocrx_word' id='word_1_169' title='bbox 933 3411 1081 3471; x_wconf 88' lang='lat' dir='ltr'>dexteram</span> 
     </span>
     <span class='ocr_line' id='line_1_29' title="bbox 294 3510 1081 3590; baseline -0.003 -19"><span class='ocrx_word' id='word_1_170' title='bbox 294 3513 402 3590; x_wconf 91' lang='lat' dir='ltr'>primo,</span> <span class='ocrx_word' id='word_1_171' title='bbox 423 3511 523 3572; x_wconf 92' lang='lat' dir='ltr'>deinde</span> <span class='ocrx_word' id='word_1_172' title='bbox 544 3529 620 3589; x_wconf 89' lang='lat' dir='ltr'>genu</span> <span class='ocrx_word' id='word_1_173' title='bbox 642 3510 775 3570; x_wconf 89' lang='lat' dir='ltr'>dextrum</span> <span class='ocrx_word' id='word_1_174' title='bbox 797 3510 943 3571; x_wconf 88' lang='lat' dir='ltr'>Pontificis</span> <span class='ocrx_word' id='word_1_175' title='bbox 963 3510 1081 3571; x_wconf 89' lang='lat' dir='ltr'>oscuia-</span> 
     </span>
     <span class='ocr_line' id='line_1_30' title="bbox 295 3608 1080 3689; baseline -0.001 -19"><span class='ocrx_word' id='word_1_176' title='bbox 295 3622 404 3670; x_wconf 84' lang='lat' dir='ltr'>tuaest</span> <span class='ocrx_word' id='word_1_177' title='bbox 425 3620 603 3671; x_wconf 83' lang='lat' dir='ltr'>reverenter.</span> <span class='ocrx_word' id='word_1_178' title='bbox 625 3608 784 3671; x_wconf 80' lang='lat' dir='ltr'>Cardiualis</span> <span class='ocrx_word' id='word_1_179' title='bbox 802 3610 901 3671; x_wconf 81' lang='lat' dir='ltr'>Satrcti</span> <span class='ocrx_word' id='word_1_180' title='bbox 923 3610 1042 3689; x_wconf 81' lang='lat' dir='ltr'>Georgii</span> <span class='ocrx_word' id='word_1_181' title='bbox 1063 3629 1080 3670; x_wconf 90' lang='lat' dir='ltr'>a</span> 
     </span>
     <span class='ocr_line' id='line_1_31' title="bbox 292 3710 1081 3791; baseline 0.003 -21"><span class='ocrx_word' id='word_1_182' title='bbox 292 3711 413 3771; x_wconf 81' lang='lat' dir='ltr'>sinistris</span> <span class='ocrx_word' id='word_1_183' title='bbox 434 3711 529 3790; x_wconf 81' lang='lat' dir='ltr'>Papae</span> <span class='ocrx_word' id='word_1_184' title='bbox 549 3711 680 3772; x_wconf 87' lang='lat' dir='ltr'>assistens</span> <span class='ocrx_word' id='word_1_185' title='bbox 702 3712 846 3791; x_wconf 84' lang='lat' dir='ltr'>accepite</span> <span class='ocrx_word' id='word_1_186' title='bbox 869 3710 1007 3772; x_wconf 86' lang='lat' dir='ltr'>Pontifice</span> <span class='ocrx_word' id='word_1_187' title='bbox 1030 3729 1081 3772; x_wconf 90' lang='lat' dir='ltr'>ce-</span> 
     </span>
     <span class='ocr_line' id='line_1_32' title="bbox 294 3811 1079 3892; baseline 0 -21"><span class='ocrx_word' id='word_1_188' title='bbox 294 3829 378 3871; x_wconf 87' lang='lat' dir='ltr'>reum</span> <span class='ocrx_word' id='word_1_189' title='bbox 391 3811 532 3884; x_wconf 93' lang='lat' dir='ltr'>oblatum,</span> <span class='ocrx_word' id='word_1_190' title='bbox 546 3824 575 3873; x_wconf 91' lang='lat' dir='ltr'>et</span> <span class='ocrx_word' id='word_1_191' title='bbox 590 3812 660 3871; x_wconf 90' lang='lat' dir='ltr'>mibi</span> <span class='ocrx_word' id='word_1_192' title='bbox 678 3814 855 3892; x_wconf 81' lang='lat' dir='ltr'>consignavit</span> <span class='ocrx_word' id='word_1_193' title='bbox 865 3811 979 3892; x_wconf 88' lang='lat' dir='ltr'>petenti,</span> <span class='ocrx_word' id='word_1_194' title='bbox 994 3829 1079 3890; x_wconf 86' lang='lat' dir='ltr'>quent</span> 
     </span>
     <span class='ocr_line' id='line_1_33' title="bbox 294 3908 1079 3991; baseline 0.004 -21"><span class='ocrx_word' id='word_1_195' title='bbox 294 3911 408 3991; x_wconf 89' lang='lat' dir='ltr'>reposui</span> <span class='ocrx_word' id='word_1_196' title='bbox 429 3911 458 3970; x_wconf 91' lang='lat' dir='ltr'>in</span> <span class='ocrx_word' id='word_1_197' title='bbox 480 3908 534 3972; x_wconf 85' lang='lat' dir='ltr'>bne</span> <span class='ocrx_word' id='word_1_198' title='bbox 555 3911 666 3974; x_wconf 80' lang='lat' dir='ltr'>blissae.</span> <span class='ocrx_word' id='word_1_199' title='bbox 686 3912 763 3974; x_wconf 87' lang='lat' dir='ltr'>Tum</span> <span class='ocrx_word' id='word_1_200' title='bbox 782 3913 856 3975; x_wconf 91' lang='lat' dir='ltr'>idem</span> <span class='ocrx_word' id='word_1_201' title='bbox 878 3911 1079 3973; x_wconf 85' lang='lat' dir='ltr'>Vicecamera·</span> 
     </span>
     <span class='ocr_line' id='line_1_34' title="bbox 294 4011 1080 4096; baseline 0.004 -24"><span class='ocrx_word' id='word_1_202' title='bbox 294 4014 372 4083; x_wconf 86' lang='lat' dir='ltr'>rius,</span> <span class='ocrx_word' id='word_1_203' title='bbox 398 4011 556 4073; x_wconf 86' lang='lat' dir='ltr'>secundom</span> <span class='ocrx_word' id='word_1_204' title='bbox 584 4031 700 4073; x_wconf 89' lang='lat' dir='ltr'>cereum</span> <span class='ocrx_word' id='word_1_205' title='bbox 727 4015 870 4096; x_wconf 90' lang='lat' dir='ltr'>accipiens</span> <span class='ocrx_word' id='word_1_206' title='bbox 892 4016 973 4076; x_wconf 90' lang='lat' dir='ltr'>ilium</span> <span class='ocrx_word' id='word_1_207' title='bbox 995 4015 1080 4075; x_wconf 90' lang='lat' dir='ltr'>simili</span> 
     </span>
     <span class='ocr_line' id='line_1_35' title="bbox 293 4112 1079 4193; baseline 0.003 -22"><span class='ocrx_word' id='word_1_208' title='bbox 293 4112 467 4174; x_wconf 81' lang='lat' dir='ltr'>modorum</span> <span class='ocrx_word' id='word_1_209' title='bbox 502 4131 603 4173; x_wconf 89' lang='lat' dir='ltr'>manus</span> <span class='ocrx_word' id='word_1_210' title='bbox 635 4125 665 4174; x_wconf 91' lang='lat' dir='ltr'>et</span> <span class='ocrx_word' id='word_1_211' title='bbox 686 4131 762 4193; x_wconf 85' lang='lat' dir='ltr'>genu</span> <span class='ocrx_word' id='word_1_212' title='bbox 789 4114 1004 4176; x_wconf 87' lang='lat' dir='ltr'>deosculatione</span> <span class='ocrx_word' id='word_1_213' title='bbox 1022 4114 1079 4175; x_wconf 91' lang='lat' dir='ltr'>ob·</span> 
     </span>
     <span class='ocr_line' id='line_1_36' title="bbox 293 4211 1078 4292; baseline 0.006 -22"><span class='ocrx_word' id='word_1_214' title='bbox 293 4213 360 4272; x_wconf 94' lang='lat' dir='ltr'>tuiit</span> <span class='ocrx_word' id='word_1_215' title='bbox 379 4225 412 4271; x_wconf 90' lang='lat' dir='ltr'>ut</span> <span class='ocrx_word' id='word_1_216' title='bbox 432 4213 570 4292; x_wconf 90' lang='lat' dir='ltr'>primum.</span> <span class='ocrx_word' id='word_1_217' title='bbox 584 4211 661 4273; x_wconf 84' lang='lat' dir='ltr'>Tum</span> <span class='ocrx_word' id='word_1_218' title='bbox 675 4213 711 4272; x_wconf 90' lang='lat' dir='ltr'>ad</span> <span class='ocrx_word' id='word_1_219' title='bbox 732 4232 818 4275; x_wconf 89' lang='lat' dir='ltr'>suum</span> <span class='ocrx_word' id='word_1_220' title='bbox 838 4217 936 4275; x_wconf 90' lang='lat' dir='ltr'>locum</span> <span class='ocrx_word' id='word_1_221' title='bbox 954 4215 991 4274; x_wconf 88' lang='lat' dir='ltr'>ad</span> <span class='ocrx_word' id='word_1_222' title='bbox 1006 4216 1078 4275; x_wconf 90' lang='lat' dir='ltr'>aiios</span> 
     </span>
     <span class='ocr_line' id='line_1_37' title="bbox 293 4311 1080 4393; baseline 0.003 -19"><span class='ocrx_word' id='word_1_223' title='bbox 293 4311 460 4374; x_wconf 79' lang='lat' dir='ltr'>cardinales</span> <span class='ocrx_word' id='word_1_224' title='bbox 475 4312 571 4386; x_wconf 90' lang='lat' dir='ltr'>rediit,</span> <span class='ocrx_word' id='word_1_225' title='bbox 583 4331 658 4393; x_wconf 82' lang='lat' dir='ltr'>genu</span> <span class='ocrx_word' id='word_1_226' title='bbox 672 4313 763 4375; x_wconf 75' lang='lat' dir='ltr'>llexist</span> <span class='ocrx_word' id='word_1_227' title='bbox 780 4315 878 4377; x_wconf 91' lang='lat' dir='ltr'>deinde</span> <span class='ocrx_word' id='word_1_228' title='bbox 892 4334 991 4376; x_wconf 87' lang='lat' dir='ltr'>eoram</span> <span class='ocrx_word' id='word_1_229' title='bbox 999 4315 1080 4376; x_wconf 91' lang='lat' dir='ltr'>Pon·</span> 
     </span>
     <span class='ocr_line' id='line_1_38' title="bbox 293 4409 1080 4494; baseline 0.005 -23"><span class='ocrx_word' id='word_1_230' title='bbox 293 4409 371 4473; x_wconf 88' lang='lat' dir='ltr'>tidce</span> <span class='ocrx_word' id='word_1_231' title='bbox 385 4411 523 4472; x_wconf 83' lang='lat' dir='ltr'>Dominus</span> <span class='ocrx_word' id='word_1_232' title='bbox 534 4412 745 4491; x_wconf 78' lang='lat' dir='ltr'>dlarquardus,</span> <span class='ocrx_word' id='word_1_233' title='bbox 760 4427 787 4475; x_wconf 92' lang='lat' dir='ltr'>et</span> <span class='ocrx_word' id='word_1_234' title='bbox 799 4416 825 4477; x_wconf 89' lang='lat' dir='ltr'>el</span> <span class='ocrx_word' id='word_1_235' title='bbox 842 4434 958 4476; x_wconf 87' lang='lat' dir='ltr'>cereum</span> <span class='ocrx_word' id='word_1_236' title='bbox 974 4418 1080 4494; x_wconf 87' lang='lat' dir='ltr'>primo,</span> 
     </span>
     <span class='ocr_line' id='line_1_39' title="bbox 294 4511 1078 4594; baseline 0.008 -21"><span class='ocrx_word' id='word_1_237' title='bbox 294 4511 394 4573; x_wconf 72' lang='lat' dir='ltr'>danne</span> <span class='ocrx_word' id='word_1_238' title='bbox 408 4514 565 4573; x_wconf 85' lang='lat' dir='ltr'>canistrum</span> <span class='ocrx_word' id='word_1_239' title='bbox 579 4515 757 4594; x_wconf 86' lang='lat' dir='ltr'>praedictum</span> <span class='ocrx_word' id='word_1_240' title='bbox 773 4517 877 4577; x_wconf 92' lang='lat' dir='ltr'>obtulit</span> <span class='ocrx_word' id='word_1_241' title='bbox 887 4515 923 4576; x_wconf 91' lang='lat' dir='ltr'>ad</span> <span class='ocrx_word' id='word_1_242' title='bbox 935 4516 1078 4594; x_wconf 88' lang='lat' dir='ltr'>quaelibet</span> 
     </span>
    </p>
   </div>
   <div class='ocr_carea' id='block_1_3' title="bbox 193 4608 1077 4697">
    <p class='ocr_par' dir='ltr' id='par_1_12' title="bbox 193 4608 1077 4697">
     <span class='ocr_line' id='line_1_40' title="bbox 193 4608 1077 4697; baseline 0.005 -28"><span class='ocrx_word' id='word_1_243' title='bbox 193 4671 199 4680; x_wconf 72' lang='grc'>,</span> <span class='ocrx_word' id='word_1_244' title='bbox 295 4608 471 4688; x_wconf 86' lang='lat' dir='ltr'>hujusmodi,</span> <span class='ocrx_word' id='word_1_245' title='bbox 492 4631 608 4674; x_wconf 91' lang='lat' dir='ltr'>manum</span> <span class='ocrx_word' id='word_1_246' title='bbox 630 4616 735 4695; x_wconf 92' lang='lat' dir='ltr'>primo,</span> <span class='ocrx_word' id='word_1_247' title='bbox 755 4616 856 4677; x_wconf 89' lang='lat' dir='ltr'>deinde</span> <span class='ocrx_word' id='word_1_248' title='bbox 877 4614 976 4697; x_wconf 85' lang='lat' dir='ltr'>pedem</span> <span class='ocrx_word' id='word_1_249' title='bbox 1006 4614 1077 4675; x_wconf 92' lang='lat' dir='ltr'>dex·</span> 
     </span>
    </p>
   </div>
   <div class='ocr_carea' id='block_1_4' title="bbox 291 4709 1079 5825">
    <p class='ocr_par' dir='ltr' id='par_1_13' title="bbox 291 4709 1079 5825">
     <span class='ocr_line' id='line_1_41' title="bbox 291 4709 1079 4796; baseline 0.006 -25"><span class='ocrx_word' id='word_1_250' title='bbox 291 4723 373 4773; x_wconf 90' lang='lat' dir='ltr'>trum</span> <span class='ocrx_word' id='word_1_251' title='bbox 394 4711 540 4775; x_wconf 87' lang='lat' dir='ltr'>Pontificis</span> <span class='ocrx_word' id='word_1_252' title='bbox 560 4709 735 4778; x_wconf 83' lang='lat' dir='ltr'>deosculans.</span> <span class='ocrx_word' id='word_1_253' title='bbox 757 4717 837 4778; x_wconf 91' lang='lat' dir='ltr'>ldem</span> <span class='ocrx_word' id='word_1_254' title='bbox 866 4727 931 4796; x_wconf 91' lang='lat' dir='ltr'>post</span> <span class='ocrx_word' id='word_1_255' title='bbox 952 4732 1003 4777; x_wconf 88' lang='lat' dir='ltr'>eos</span> <span class='ocrx_word' id='word_1_256' title='bbox 1028 4733 1079 4776; x_wconf 88' lang='lat' dir='ltr'>re·</span> 
     </span>
     <span class='ocr_line' id='line_1_42' title="bbox 291 4813 1079 4894; baseline 0.006 -23"><span class='ocrx_word' id='word_1_257' title='bbox 291 4815 418 4894; x_wconf 85' lang='lat' dir='ltr'>spective</span> <span class='ocrx_word' id='word_1_258' title='bbox 437 4813 568 4875; x_wconf 86' lang='lat' dir='ltr'>fecerunt</span> <span class='ocrx_word' id='word_1_259' title='bbox 582 4815 800 4880; x_wconf 76' lang='lat' dir='ltr'>mediolanensis</span> <span class='ocrx_word' id='word_1_260' title='bbox 815 4830 844 4879; x_wconf 90' lang='lat' dir='ltr'>et</span> <span class='ocrx_word' id='word_1_261' title='bbox 858 4817 988 4876; x_wconf 79' lang='lat' dir='ltr'>Senensis</span> <span class='ocrx_word' id='word_1_262' title='bbox 1002 4814 1079 4876; x_wconf 76' lang='lat' dir='ltr'>uss·</span> 
     </span>
     <span class='ocr_line' id='line_1_43' title="bbox 294 4914 1078 4998; baseline 0.001 -25"><span class='ocrx_word' id='word_1_263' title='bbox 294 4914 402 4978; x_wconf 86' lang='lat' dir='ltr'>dinaies</span> <span class='ocrx_word' id='word_1_264' title='bbox 422 4934 458 4977; x_wconf 90' lang='lat' dir='ltr'>ac</span> <span class='ocrx_word' id='word_1_265' title='bbox 479 4916 527 4978; x_wconf 90' lang='lat' dir='ltr'>aiii</span> <span class='ocrx_word' id='word_1_266' title='bbox 554 4917 611 4979; x_wconf 92' lang='lat' dir='ltr'>duo</span> <span class='ocrx_word' id='word_1_267' title='bbox 633 4915 773 4980; x_wconf 79' lang='lat' dir='ltr'>Oratores</span> <span class='ocrx_word' id='word_1_268' title='bbox 799 4916 955 4998; x_wconf 81' lang='lat' dir='ltr'>praedicti3</span> <span class='ocrx_word' id='word_1_269' title='bbox 989 4926 1078 4994; x_wconf 81' lang='lat' dir='ltr'>totam</span> 
     </span>
     <span class='ocr_line' id='line_1_44' title="bbox 292 5014 1077 5098; baseline 0.006 -24"><span class='ocrx_word' id='word_1_270' title='bbox 292 5016 464 5078; x_wconf 87' lang='lat' dir='ltr'>oblationem</span> <span class='ocrx_word' id='word_1_271' title='bbox 486 5021 601 5098; x_wconf 89' lang='lat' dir='ltr'>reposui</span> <span class='ocrx_word' id='word_1_272' title='bbox 626 5031 706 5079; x_wconf 85' lang='lat' dir='ltr'>retro</span> <span class='ocrx_word' id='word_1_273' title='bbox 725 5019 817 5079; x_wconf 87' lang='lat' dir='ltr'>altare</span> <span class='ocrx_word' id='word_1_274' title='bbox 843 5014 948 5093; x_wconf 78' lang='lat' dir='ltr'>majus,</span> <span class='ocrx_word' id='word_1_275' title='bbox 970 5018 997 5077; x_wconf 91' lang='lat' dir='ltr'>ia</span> <span class='ocrx_word' id='word_1_276' title='bbox 1020 5035 1077 5095; x_wconf 92' lang='lat' dir='ltr'>quo</span> 
     </span>
     <span class='ocr_line' id='line_1_45' title="bbox 292 5099 1078 5179; baseline 0.001 -4"><span class='ocrx_word' id='word_1_277' title='bbox 292 5115 376 5176; x_wconf 77' lang='lat' dir='ltr'>Missa</span> <span class='ocrx_word' id='word_1_278' title='bbox 402 5118 562 5179; x_wconf 87' lang='lat' dir='ltr'>dicebatur.</span> <span class='ocrx_word' id='word_1_279' title='bbox 590 5119 634 5179; x_wconf 73' lang='lat' dir='ltr'>Ad</span> <span class='ocrx_word' id='word_1_280' title='bbox 659 5099 772 5179; x_wconf 77' lang='lat' dir='ltr'>Missam</span> <span class='ocrx_word' id='word_1_281' title='bbox 794 5117 890 5178; x_wconf 89' lang='lat' dir='ltr'>debito</span> <span class='ocrx_word' id='word_1_282' title='bbox 910 5117 1011 5178; x_wconf 89' lang='lat' dir='ltr'>ordine</span> <span class='ocrx_word' id='word_1_283' title='bbox 1032 5118 1078 5177; x_wconf 92' lang='lat' dir='ltr'>di-</span> 
     </span>
     <span class='ocr_line' id='line_1_46' title="bbox 291 5216 1078 5300; baseline 0.008 -26"><span class='ocrx_word' id='word_1_284' title='bbox 291 5216 509 5290; x_wconf 87' lang='lat' dir='ltr'>stribuendam,</span> <span class='ocrx_word' id='word_1_285' title='bbox 535 5232 652 5300; x_wconf 89' lang='lat' dir='ltr'>accepta</span> <span class='ocrx_word' id='word_1_286' title='bbox 673 5218 986 5291; x_wconf 84' lang='lat' dir='ltr'>oblatione,·l’ontilex</span> <span class='ocrx_word' id='word_1_287' title='bbox 1008 5220 1078 5280; x_wconf 81' lang='lat' dir='ltr'>lauit</span> 
     </span>
     <span class='ocr_line' id='line_1_47' title="bbox 293 5320 1077 5398; baseline 0.009 -25"><span class='ocrx_word' id='word_1_288' title='bbox 293 5333 404 5390; x_wconf 88' lang='lat' dir='ltr'>manus,</span> <span class='ocrx_word' id='word_1_289' title='bbox 426 5320 545 5381; x_wconf 88' lang='lat' dir='ltr'>accessit</span> <span class='ocrx_word' id='word_1_290' title='bbox 565 5320 663 5381; x_wconf 91' lang='lat' dir='ltr'>deinde</span> <span class='ocrx_word' id='word_1_291' title='bbox 682 5321 718 5380; x_wconf 89' lang='lat' dir='ltr'>ad</span> <span class='ocrx_word' id='word_1_292' title='bbox 739 5322 831 5380; x_wconf 90' lang='lat' dir='ltr'>altare</span> <span class='ocrx_word' id='word_1_293' title='bbox 850 5330 881 5380; x_wconf 86' lang='lat' dir='ltr'>ct</span> <span class='ocrx_word' id='word_1_294' title='bbox 906 5332 1077 5398; x_wconf 89' lang='lat' dir='ltr'>prosecutus</span> 
     </span>
     <span class='ocr_line' id='line_1_48' title="bbox 292 5418 1077 5499; baseline 0.005 -23"><span class='ocrx_word' id='word_1_295' title='bbox 292 5428 335 5477; x_wconf 88' lang='lat' dir='ltr'>est</span> <span class='ocrx_word' id='word_1_296' title='bbox 356 5418 469 5479; x_wconf 84' lang='lat' dir='ltr'>blissam</span> <span class='ocrx_word' id='word_1_297' title='bbox 491 5439 544 5482; x_wconf 90' lang='lat' dir='ltr'>suo</span> <span class='ocrx_word' id='word_1_298' title='bbox 565 5422 665 5483; x_wconf 73' lang='lat' dir='ltr'>ortiine</span> <span class='ocrx_word' id='word_1_299' title='bbox 687 5439 778 5499; x_wconf 88' lang='lat' dir='ltr'>usque</span> <span class='ocrx_word' id='word_1_300' title='bbox 800 5419 836 5479; x_wconf 91' lang='lat' dir='ltr'>ad</span> <span class='ocrx_word' id='word_1_301' title='bbox 855 5419 952 5494; x_wconf 90' lang='lat' dir='ltr'>linem,</span> <span class='ocrx_word' id='word_1_302' title='bbox 968 5440 1024 5499; x_wconf 92' lang='lat' dir='ltr'>qua</span> <span class='ocrx_word' id='word_1_303' title='bbox 1039 5418 1077 5480; x_wconf 88' lang='lat' dir='ltr'>d-</span> 
     </span>
     <span class='ocr_line' id='line_1_49' title="bbox 293 5519 1076 5602; baseline 0.006 -26"><span class='ocrx_word' id='word_1_304' title='bbox 293 5520 363 5590; x_wconf 93' lang='lat' dir='ltr'>nitu,</span> <span class='ocrx_word' id='word_1_305' title='bbox 379 5519 457 5600; x_wconf 88' lang='lat' dir='ltr'>Papa</span> <span class='ocrx_word' id='word_1_306' title='bbox 475 5533 552 5581; x_wconf 89' lang='lat' dir='ltr'>stans</span> <span class='ocrx_word' id='word_1_307' title='bbox 571 5541 672 5583; x_wconf 81' lang='lat' dir='ltr'>versus</span> <span class='ocrx_word' id='word_1_308' title='bbox 690 5522 727 5582; x_wconf 94' lang='lat' dir='ltr'>ad</span> <span class='ocrx_word' id='word_1_309' title='bbox 741 5521 866 5582; x_wconf 87' lang='lat' dir='ltr'>Crucem</span> <span class='ocrx_word' id='word_1_310' title='bbox 884 5540 964 5583; x_wconf 90' lang='lat' dir='ltr'>suam</span> <span class='ocrx_word' id='word_1_311' title='bbox 976 5520 1076 5602; x_wconf 80' lang='lat' dir='ltr'>(quum</span> 
     </span>
     <span class='ocr_line' id='line_1_50' title="bbox 293 5617 1078 5703; baseline 0.011 -28"><span class='ocrx_word' id='word_1_312' title='bbox 293 5617 491 5682; x_wconf 82' lang='lat' dir='ltr'>subdiaconus</span> <span class='ocrx_word' id='word_1_313' title='bbox 509 5622 653 5703; x_wconf 77' lang='lat' dir='ltr'>Epistulae</span> <span class='ocrx_word' id='word_1_314' title='bbox 664 5641 764 5684; x_wconf 91' lang='lat' dir='ltr'>coram</span> <span class='ocrx_word' id='word_1_315' title='bbox 779 5643 814 5684; x_wconf 91' lang='lat' dir='ltr'>eo</span> <span class='ocrx_word' id='word_1_316' title='bbox 832 5642 912 5686; x_wconf 91' lang='lat' dir='ltr'>more</span> <span class='ocrx_word' id='word_1_317' title='bbox 930 5626 1014 5685; x_wconf 89' lang='lat' dir='ltr'>solito</span> <span class='ocrx_word' id='word_1_318' title='bbox 1033 5636 1078 5684; x_wconf 90' lang='lat' dir='ltr'>te·</span> 
     </span>
     <span class='ocr_line' id='line_1_51' title="bbox 291 5719 1077 5825; baseline 0.009 -46"><span class='ocrx_word' id='word_1_319' title='bbox 291 5719 387 5825; x_wconf 56' lang='lat' dir='ltr'>nebat,</span> <span class='ocrx_word' id='word_1_320' title='bbox 407 5722 545 5788; x_wconf 87' lang='lat' dir='ltr'>Pontillce</span> <span class='ocrx_word' id='word_1_321' title='bbox 566 5726 601 5787; x_wconf 91' lang='lat' dir='ltr'>ad</span> <span class='ocrx_word' id='word_1_322' title='bbox 628 5726 721 5787; x_wconf 85' lang='lat' dir='ltr'>uitare</span> <span class='ocrx_word' id='word_1_323' title='bbox 743 5724 860 5788; x_wconf 89' lang='lat' dir='ltr'>renibus</span> <span class='ocrx_word' id='word_1_324' title='bbox 879 5726 964 5789; x_wconf 85' lang='lat' dir='ltr'>altari</span> <span class='ocrx_word' id='word_1_325' title='bbox 987 5728 1077 5787; x_wconf 81' lang='lat' dir='ltr'>versis</span> 
     </span>
    </p>
   </div>
   <div class='ocr_carea' id='block_1_5' title="bbox 772 657 1471 730">
    <p class='ocr_par' dir='ltr' id='par_1_14' title="bbox 772 657 1471 730">
     <span class='ocr_line' id='line_1_52' title="bbox 772 657 1471 730; baseline -0.009 -5"><span class='ocrx_word' id='word_1_326' title='bbox 772 661 1055 730; x_wconf 68' lang='lat' dir='ltr'>aununtiantis</span> <span class='ocrx_word' id='word_1_327' title='bbox 1076 658 1298 724; x_wconf 70' lang='lat' dir='ltr'>tribuebuat}</span> <span class='ocrx_word' id='word_1_328' title='bbox 1320 657 1471 724; x_wconf 79' lang='lat' dir='ltr'>octavi.</span> 
     </span>
    </p>
   </div>
   <div class='ocr_carea' id='block_1_6' title="bbox 1841 653 1952 740">
    <p class='ocr_par' dir='ltr' id='par_1_15' title="bbox 1841 653 1952 740">
     <span class='ocr_line' id='line_1_53' title="bbox 1841 653 1952 740; baseline 0.018 -19"><span class='ocrx_word' id='word_1_329' title='bbox 1841 653 1952 740; x_wconf 75' lang='lat' dir='ltr'>(atur</span> 
     </span>
    </p>
   </div>
   <div class='ocr_carea' id='block_1_7' title="bbox 1144 792 1952 5809">
    <p class='ocr_par' dir='ltr' id='par_1_16' title="bbox 1149 792 1952 2864">
     <span class='ocr_line' id='line_1_54' title="bbox 1155 792 1950 878; baseline 0 -22"><span class='ocrx_word' id='word_1_330' title='bbox 1155 794 1269 878; x_wconf 86' lang='lat' dir='ltr'>stante)</span> <span class='ocrx_word' id='word_1_331' title='bbox 1288 797 1397 875; x_wconf 90' lang='lat' dir='ltr'>populo</span> <span class='ocrx_word' id='word_1_332' title='bbox 1412 813 1494 856; x_wconf 89' lang='lat' dir='ltr'>more</span> <span class='ocrx_word' id='word_1_333' title='bbox 1508 804 1646 856; x_wconf 89' lang='lat' dir='ltr'>consueto</span> <span class='ocrx_word' id='word_1_334' title='bbox 1666 792 1825 866; x_wconf 81' lang='lat' dir='ltr'>benedixit,</span> <span class='ocrx_word' id='word_1_335' title='bbox 1843 804 1875 855; x_wconf 90' lang='lat' dir='ltr'>et</span> <span class='ocrx_word' id='word_1_336' title='bbox 1890 796 1950 875; x_wconf 85' lang='lat' dir='ltr'>ple·</span> 
     </span>
     <span class='ocr_line' id='line_1_55' title="bbox 1154 895 1950 976; baseline -0.003 -19"><span class='ocrx_word' id='word_1_337' title='bbox 1154 898 1249 958; x_wconf 90' lang='lat' dir='ltr'>narlas</span> <span class='ocrx_word' id='word_1_338' title='bbox 1264 896 1455 976; x_wconf 85' lang='lat' dir='ltr'>indulgentias</span> <span class='ocrx_word' id='word_1_339' title='bbox 1468 896 1607 958; x_wconf 85' lang='lat' dir='ltr'>concessit</span> <span class='ocrx_word' id='word_1_340' title='bbox 1616 895 1869 967; x_wconf 77' lang='lat' dir='ltr'>intersecantibus,</span> <span class='ocrx_word' id='word_1_341' title='bbox 1884 914 1950 974; x_wconf 89' lang='lat' dir='ltr'>quas</span> 
     </span>
     <span class='ocr_line' id='line_1_56' title="bbox 1153 996 1950 1076; baseline -0.001 -18"><span class='ocrx_word' id='word_1_342' title='bbox 1153 999 1318 1076; x_wconf 87' lang='lat' dir='ltr'>praedictus</span> <span class='ocrx_word' id='word_1_343' title='bbox 1338 997 1498 1059; x_wconf 87' lang='lat' dir='ltr'>Cardinalis</span> <span class='ocrx_word' id='word_1_344' title='bbox 1520 997 1651 1059; x_wconf 80' lang='lat' dir='ltr'>Senensis</span> <span class='ocrx_word' id='word_1_345' title='bbox 1671 998 1722 1075; x_wconf 91' lang='lat' dir='ltr'>qui</span> <span class='ocrx_word' id='word_1_346' title='bbox 1752 996 1950 1075; x_wconf 75' lang='lat' dir='ltr'>Evangelium</span> 
     </span>
     <span class='ocr_line' id='line_1_57' title="bbox 1153 1097 1951 1178; baseline -0.006 -19"><span class='ocrx_word' id='word_1_347' title='bbox 1153 1099 1275 1171; x_wconf 80' lang='lat' dir='ltr'>dixerat,</span> <span class='ocrx_word' id='word_1_348' title='bbox 1295 1111 1325 1161; x_wconf 88' lang='lat' dir='ltr'>ei</span> <span class='ocrx_word' id='word_1_349' title='bbox 1350 1103 1378 1158; x_wconf 91' lang='lat' dir='ltr'>in</span> <span class='ocrx_word' id='word_1_350' title='bbox 1400 1099 1483 1160; x_wconf 85' lang='lat' dir='ltr'>blissa</span> <span class='ocrx_word' id='word_1_351' title='bbox 1504 1097 1600 1178; x_wconf 85' lang='lat' dir='ltr'>Papae</span> <span class='ocrx_word' id='word_1_352' title='bbox 1620 1098 1857 1169; x_wconf 78' lang='lat' dir='ltr'>ministraverat,</span> <span class='ocrx_word' id='word_1_353' title='bbox 1883 1116 1951 1178; x_wconf 86' lang='lat' dir='ltr'>pro-</span> 
     </span>
     <span class='ocr_line' id='line_1_58' title="bbox 1153 1197 1951 1278; baseline 0.003 -21"><span class='ocrx_word' id='word_1_354' title='bbox 1153 1199 1308 1259; x_wconf 84' lang='lat' dir='ltr'>nunciarit.</span> <span class='ocrx_word' id='word_1_355' title='bbox 1330 1197 1460 1260; x_wconf 84' lang='lat' dir='ltr'>Pontifex</span> <span class='ocrx_word' id='word_1_356' title='bbox 1481 1197 1581 1261; x_wconf 90' lang='lat' dir='ltr'>deinde</span> <span class='ocrx_word' id='word_1_357' title='bbox 1603 1198 1687 1260; x_wconf 89' lang='lat' dir='ltr'>rediit</span> <span class='ocrx_word' id='word_1_358' title='bbox 1715 1200 1743 1258; x_wconf 90' lang='lat' dir='ltr'>in</span> <span class='ocrx_word' id='word_1_359' title='bbox 1772 1202 1951 1278; x_wconf 87' lang='lat' dir='ltr'>paramentis</span> 
     </span>
     <span class='ocr_line' id='line_1_59' title="bbox 1153 1292 1952 1371; baseline 0.004 -14"><span class='ocrx_word' id='word_1_360' title='bbox 1153 1298 1189 1357; x_wconf 94' lang='lat' dir='ltr'>ad</span> <span class='ocrx_word' id='word_1_361' title='bbox 1211 1298 1353 1358; x_wconf 87' lang='lat' dir='ltr'>Palatium</span> <span class='ocrx_word' id='word_1_362' title='bbox 1375 1310 1404 1360; x_wconf 91' lang='lat' dir='ltr'>et</span> <span class='ocrx_word' id='word_1_363' title='bbox 1431 1317 1575 1360; x_wconf 87' lang='lat' dir='ltr'>cameram</span> <span class='ocrx_word' id='word_1_364' title='bbox 1596 1315 1689 1371; x_wconf 89' lang='lat' dir='ltr'>snam,</span> <span class='ocrx_word' id='word_1_365' title='bbox 1708 1298 1831 1359; x_wconf 85' lang='lat' dir='ltr'>dimisso</span> <span class='ocrx_word' id='word_1_366' title='bbox 1846 1298 1879 1358; x_wconf 94' lang='lat' dir='ltr'>ln</span> <span class='ocrx_word' id='word_1_367' title='bbox 1897 1292 1952 1361; x_wconf 52' lang='lat' dir='ltr'>&#39;ec-</span> 
     </span>
     <span class='ocr_line' id='line_1_60' title="bbox 1153 1400 1950 1481; baseline -0.001 -19"><span class='ocrx_word' id='word_1_368' title='bbox 1153 1402 1236 1461; x_wconf 92' lang='lat' dir='ltr'>clesia</span> <span class='ocrx_word' id='word_1_369' title='bbox 1255 1400 1454 1472; x_wconf 86' lang='lat' dir='ltr'>baldaccbino,</span> <span class='ocrx_word' id='word_1_370' title='bbox 1465 1402 1593 1481; x_wconf 85' lang='lat' dir='ltr'>expensis</span> <span class='ocrx_word' id='word_1_371' title='bbox 1607 1401 1862 1462; x_wconf 74' lang='lat' dir='ltr'>canonizationem</span> <span class='ocrx_word' id='word_1_372' title='bbox 1878 1419 1950 1480; x_wconf 91' lang='lat' dir='ltr'>pro-</span> 
     </span>
     <span class='ocr_line' id='line_1_61' title="bbox 1153 1501 1950 1582; baseline 0.004 -22"><span class='ocrx_word' id='word_1_373' title='bbox 1153 1501 1318 1561; x_wconf 81' lang='lat' dir='ltr'>curantium</span> <span class='ocrx_word' id='word_1_374' title='bbox 1340 1502 1427 1574; x_wconf 84' lang='lat' dir='ltr'>facto,</span> <span class='ocrx_word' id='word_1_375' title='bbox 1450 1512 1585 1582; x_wconf 80' lang='lat' dir='ltr'>etsuper</span> <span class='ocrx_word' id='word_1_376' title='bbox 1606 1502 1710 1573; x_wconf 89' lang='lat' dir='ltr'>altare,</span> <span class='ocrx_word' id='word_1_377' title='bbox 1731 1503 1762 1561; x_wconf 90' lang='lat' dir='ltr'>ln</span> <span class='ocrx_word' id='word_1_378' title='bbox 1784 1519 1849 1580; x_wconf 89' lang='lat' dir='ltr'>quo</span> <span class='ocrx_word' id='word_1_379' title='bbox 1873 1501 1950 1563; x_wconf 77' lang='lat' dir='ltr'>Pon-</span> 
     </span>
     <span class='ocr_line' id='line_1_62' title="bbox 1152 1600 1950 1681; baseline 0.008 -21"><span class='ocrx_word' id='word_1_380' title='bbox 1152 1600 1219 1662; x_wconf 89' lang='lat' dir='ltr'>tifex</span> <span class='ocrx_word' id='word_1_381' title='bbox 1239 1600 1397 1662; x_wconf 89' lang='lat' dir='ltr'>ceiebravit</span> <span class='ocrx_word' id='word_1_382' title='bbox 1417 1611 1549 1673; x_wconf 84' lang='lat' dir='ltr'>extenso,</span> <span class='ocrx_word' id='word_1_383' title='bbox 1564 1601 1642 1679; x_wconf 90' lang='lat' dir='ltr'>quod</span> <span class='ocrx_word' id='word_1_384' title='bbox 1662 1602 1836 1681; x_wconf 87' lang='lat' dir='ltr'>Capitulum</span> <span class='ocrx_word' id='word_1_385' title='bbox 1860 1601 1950 1666; x_wconf 88' lang='lat' dir='ltr'>dictae</span> 
     </span>
     <span class='ocr_line' id='line_1_63' title="bbox 1150 1700 1950 1782; baseline 0.005 -22"><span class='ocrx_word' id='word_1_386' title='bbox 1150 1700 1284 1763; x_wconf 87' lang='lat' dir='ltr'>basilicae</span> <span class='ocrx_word' id='word_1_387' title='bbox 1303 1720 1339 1762; x_wconf 89' lang='lat' dir='ltr'>ex</span> <span class='ocrx_word' id='word_1_388' title='bbox 1359 1720 1441 1763; x_wconf 90' lang='lat' dir='ltr'>more</span> <span class='ocrx_word' id='word_1_389' title='bbox 1467 1701 1588 1763; x_wconf 87' lang='lat' dir='ltr'>retinuit</span> <span class='ocrx_word' id='word_1_390' title='bbox 1614 1722 1668 1782; x_wconf 90' lang='lat' dir='ltr'>pro</span> <span class='ocrx_word' id='word_1_391' title='bbox 1693 1703 1834 1765; x_wconf 83' lang='lat' dir='ltr'>basilicae</span> <span class='ocrx_word' id='word_1_392' title='bbox 1864 1704 1950 1782; x_wconf 86' lang='lat' dir='ltr'>ipsius</span> 
     </span>
     <span class='ocr_line' id='line_1_64' title="bbox 1151 1800 1950 1885; baseline 0.006 -26"><span class='ocrx_word' id='word_1_393' title='bbox 1151 1800 1278 1874; x_wconf 85' lang='lat' dir='ltr'>decore,</span> <span class='ocrx_word' id='word_1_394' title='bbox 1299 1813 1328 1863; x_wconf 90' lang='lat' dir='ltr'>et</span> <span class='ocrx_word' id='word_1_395' title='bbox 1360 1804 1583 1864; x_wconf 84' lang='lat' dir='ltr'>canonizationis</span> <span class='ocrx_word' id='word_1_396' title='bbox 1610 1800 1778 1882; x_wconf 85' lang='lat' dir='ltr'>hujusmodi</span> <span class='ocrx_word' id='word_1_397' title='bbox 1805 1816 1950 1885; x_wconf 85' lang='lat' dir='ltr'>perpetua</span> 
     </span>
     <span class='ocr_line' id='line_1_65' title="bbox 1152 1899 1950 1965; baseline 0.006 -5"><span class='ocrx_word' id='word_1_398' title='bbox 1152 1903 1290 1963; x_wconf 89' lang='lat' dir='ltr'>memoria</span> <span class='ocrx_word' id='word_1_399' title='bbox 1311 1901 1552 1963; x_wconf 79' lang='lat' dir='ltr'>conservandum.</span> <span class='ocrx_word' id='word_1_400' title='bbox 1575 1904 1643 1965; x_wconf 84' lang='lat' dir='ltr'>Post</span> <span class='ocrx_word' id='word_1_401' title='bbox 1666 1899 1816 1965; x_wconf 86' lang='lat' dir='ltr'>Pontldcis</span> <span class='ocrx_word' id='word_1_402' title='bbox 1841 1904 1950 1965; x_wconf 83' lang='lat' dir='ltr'>discas·</span> 
     </span>
     <span class='ocr_line' id='line_1_66' title="bbox 1150 2002 1948 2084; baseline 0.006 -23"><span class='ocrx_word' id='word_1_403' title='bbox 1150 2020 1215 2062; x_wconf 92' lang='lat' dir='ltr'>sum</span> <span class='ocrx_word' id='word_1_404' title='bbox 1238 2002 1400 2063; x_wconf 84' lang='lat' dir='ltr'>distribuite</span> <span class='ocrx_word' id='word_1_405' title='bbox 1420 2014 1464 2064; x_wconf 88' lang='lat' dir='ltr'>est</span> <span class='ocrx_word' id='word_1_406' title='bbox 1487 2023 1541 2084; x_wconf 92' lang='lat' dir='ltr'>per</span> <span class='ocrx_word' id='word_1_407' title='bbox 1564 2021 1615 2064; x_wconf 89' lang='lat' dir='ltr'>nos</span> <span class='ocrx_word' id='word_1_408' title='bbox 1636 2004 1744 2065; x_wconf 90' lang='lat' dir='ltr'>oblatio</span> <span class='ocrx_word' id='word_1_409' title='bbox 1771 2003 1864 2084; x_wconf 86' lang='lat' dir='ltr'>cujus</span> <span class='ocrx_word' id='word_1_410' title='bbox 1887 2023 1948 2066; x_wconf 87' lang='lat' dir='ltr'>tue·</span> 
     </span>
     <span class='ocr_line' id='line_1_67' title="bbox 1152 2102 1949 2185; baseline 0.005 -24"><span class='ocrx_word' id='word_1_411' title='bbox 1152 2102 1228 2162; x_wconf 88' lang='lat' dir='ltr'>diam</span> <span class='ocrx_word' id='word_1_412' title='bbox 1250 2114 1360 2181; x_wconf 85' lang='lat' dir='ltr'>partem</span> <span class='ocrx_word' id='word_1_413' title='bbox 1381 2106 1492 2183; x_wconf 88' lang='lat' dir='ltr'>accepit</span> <span class='ocrx_word' id='word_1_414' title='bbox 1520 2103 1672 2177; x_wconf 73' lang='lat' dir='ltr'>sacrista,</span> <span class='ocrx_word' id='word_1_415' title='bbox 1704 2106 1792 2164; x_wconf 89' lang='lat' dir='ltr'>aliam</span> <span class='ocrx_word' id='word_1_416' title='bbox 1824 2103 1949 2185; x_wconf 78' lang='lat' dir='ltr'>Episco-</span> 
     </span>
     <span class='ocr_line' id='line_1_68' title="bbox 1152 2202 1947 2283; baseline 0.005 -22"><span class='ocrx_word' id='word_1_417' title='bbox 1152 2219 1206 2282; x_wconf 92' lang='lat' dir='ltr'>pus</span> <span class='ocrx_word' id='word_1_418' title='bbox 1237 2202 1384 2262; x_wconf 91' lang='lat' dir='ltr'>Pientinus</span> <span class='ocrx_word' id='word_1_419' title='bbox 1407 2213 1436 2263; x_wconf 89' lang='lat' dir='ltr'>et</span> <span class='ocrx_word' id='word_1_420' title='bbox 1450 2221 1505 2283; x_wconf 88' lang='lat' dir='ltr'>ego</span> <span class='ocrx_word' id='word_1_421' title='bbox 1527 2221 1561 2265; x_wconf 87' lang='lat' dir='ltr'>sc</span> <span class='ocrx_word' id='word_1_422' title='bbox 1580 2203 1678 2265; x_wconf 90' lang='lat' dir='ltr'>elerici</span> <span class='ocrx_word' id='word_1_423' title='bbox 1699 2204 1947 2265; x_wconf 86' lang='lat' dir='ltr'>caerimoniarum</span> 
     </span>
     <span class='ocr_line' id='line_1_69' title="bbox 1149 2301 1947 2386; baseline 0.008 -26"><span class='ocrx_word' id='word_1_424' title='bbox 1149 2318 1225 2379; x_wconf 88' lang='lat' dir='ltr'>equa</span> <span class='ocrx_word' id='word_1_425' title='bbox 1257 2301 1389 2381; x_wconf 88' lang='lat' dir='ltr'>portione</span> <span class='ocrx_word' id='word_1_426' title='bbox 1417 2304 1491 2363; x_wconf 92' lang='lat' dir='ltr'>inter</span> <span class='ocrx_word' id='word_1_427' title='bbox 1529 2321 1582 2364; x_wconf 90' lang='lat' dir='ltr'>nos</span> <span class='ocrx_word' id='word_1_428' title='bbox 1607 2303 1756 2363; x_wconf 81' lang='lat' dir='ltr'>divisimus</span> <span class='ocrx_word' id='word_1_429' title='bbox 1782 2347 1791 2377; x_wconf 89' lang='lat'>,</span> <span class='ocrx_word' id='word_1_430' title='bbox 1825 2304 1947 2386; x_wconf 80' lang='lat' dir='ltr'>demptis</span> 
     </span>
     <span class='ocr_line' id='line_1_70' title="bbox 1152 2402 1949 2483; baseline 0.008 -22"><span class='ocrx_word' id='word_1_431' title='bbox 1152 2402 1244 2463; x_wconf 91' lang='lat' dir='ltr'>tribus</span> <span class='ocrx_word' id='word_1_432' title='bbox 1280 2402 1476 2477; x_wconf 87' lang='lat' dir='ltr'>canistrellis,</span> <span class='ocrx_word' id='word_1_433' title='bbox 1508 2422 1582 2483; x_wconf 92' lang='lat' dir='ltr'>quos</span> <span class='ocrx_word' id='word_1_434' title='bbox 1612 2405 1752 2466; x_wconf 89' lang='lat' dir='ltr'>Dominus</span> <span class='ocrx_word' id='word_1_435' title='bbox 1772 2404 1949 2467; x_wconf 72' lang='lat' dir='ltr'>laurentius</span> 
     </span>
     <span class='ocr_line' id='line_1_71' title="bbox 1151 2502 1948 2584; baseline 0.011 -24"><span class='ocrx_word' id='word_1_436' title='bbox 1151 2502 1185 2563; x_wconf 89' lang='lat' dir='ltr'>de</span> <span class='ocrx_word' id='word_1_437' title='bbox 1206 2504 1306 2573; x_wconf 85' lang='lat' dir='ltr'>illari,</span> <span class='ocrx_word' id='word_1_438' title='bbox 1337 2514 1366 2565; x_wconf 90' lang='lat' dir='ltr'>et</span> <span class='ocrx_word' id='word_1_439' title='bbox 1388 2503 1584 2583; x_wconf 79' lang='lat' dir='ltr'>Hieronymus</span> <span class='ocrx_word' id='word_1_440' title='bbox 1609 2505 1791 2584; x_wconf 88' lang='lat' dir='ltr'>Caiagranus</span> <span class='ocrx_word' id='word_1_441' title='bbox 1811 2523 1852 2566; x_wconf 93' lang='lat' dir='ltr'>ac</span> <span class='ocrx_word' id='word_1_442' title='bbox 1876 2505 1948 2569; x_wconf 77' lang='lat' dir='ltr'>tter·</span> 
     </span>
     <span class='ocr_line' id='line_1_72' title="bbox 1153 2601 1945 2667; baseline 0.008 -7"><span class='ocrx_word' id='word_1_443' title='bbox 1153 2604 1291 2663; x_wconf 85' lang='lat' dir='ltr'>nardinus</span> <span class='ocrx_word' id='word_1_444' title='bbox 1329 2601 1502 2664; x_wconf 82' lang='lat' dir='ltr'>(lamberius</span> <span class='ocrx_word' id='word_1_445' title='bbox 1540 2615 1570 2666; x_wconf 87' lang='lat' dir='ltr'>et</span> <span class='ocrx_word' id='word_1_446' title='bbox 1602 2605 1828 2667; x_wconf 79' lang='lat' dir='ltr'>bartholomeus</span> <span class='ocrx_word' id='word_1_447' title='bbox 1862 2606 1945 2666; x_wconf 80' lang='lat' dir='ltr'>ltm-</span> 
     </span>
     <span class='ocr_line' id='line_1_73' title="bbox 1151 2705 1945 2779; baseline 0.008 -16"><span class='ocrx_word' id='word_1_448' title='bbox 1151 2714 1258 2778; x_wconf 90' lang='lat' dir='ltr'>tanus,</span> <span class='ocrx_word' id='word_1_449' title='bbox 1285 2706 1371 2765; x_wconf 88' lang='lat' dir='ltr'>sacri</span> <span class='ocrx_word' id='word_1_450' title='bbox 1395 2705 1589 2779; x_wconf 90' lang='lat' dir='ltr'>cubicularii,</span> <span class='ocrx_word' id='word_1_451' title='bbox 1621 2707 1695 2767; x_wconf 89' lang='lat' dir='ltr'>inter</span> <span class='ocrx_word' id='word_1_452' title='bbox 1723 2725 1755 2768; x_wconf 89' lang='lat' dir='ltr'>se</span> <span class='ocrx_word' id='word_1_453' title='bbox 1786 2706 1945 2768; x_wconf 88' lang='lat' dir='ltr'>distribue·</span> 
     </span>
     <span class='ocr_line' id='line_1_74' title="bbox 1152 2815 1231 2864; baseline 0.013 -1"><span class='ocrx_word' id='word_1_454' title='bbox 1152 2815 1231 2864; x_wconf 91' lang='lat' dir='ltr'>runt.</span> 
     </span>
    </p>

    <p class='ocr_par' dir='ltr' id='par_1_17' title="bbox 1144 2902 1945 5809">
     <span class='ocr_line' id='line_1_75' title="bbox 1194 2902 1943 2986; baseline 0.008 -25"><span class='ocrx_word' id='word_1_455' title='bbox 1194 2902 1353 2981; x_wconf 88' lang='lat' dir='ltr'>Postquam</span> <span class='ocrx_word' id='word_1_456' title='bbox 1373 2914 1470 2964; x_wconf 85' lang='lat' dir='ltr'>autem</span> <span class='ocrx_word' id='word_1_457' title='bbox 1486 2906 1652 2984; x_wconf 87' lang='lat' dir='ltr'>protestatio</span> <span class='ocrx_word' id='word_1_458' title='bbox 1667 2906 1743 2966; x_wconf 88' lang='lat' dir='ltr'>facta</span> <span class='ocrx_word' id='word_1_459' title='bbox 1764 2904 1821 2966; x_wconf 88' lang='lat' dir='ltr'>fuit</span> <span class='ocrx_word' id='word_1_460' title='bbox 1843 2925 1898 2986; x_wconf 89' lang='lat' dir='ltr'>per</span> <span class='ocrx_word' id='word_1_461' title='bbox 1912 2905 1943 2967; x_wconf 74' lang='lat'>8.</span> 
     </span>
     <span class='ocr_line' id='line_1_76' title="bbox 1150 3001 1942 3085; baseline 0.01 -24"><span class='ocrx_word' id='word_1_462' title='bbox 1150 3002 1185 3063; x_wconf 91' lang='lat' dir='ltr'>D.</span> <span class='ocrx_word' id='word_1_463' title='bbox 1207 3001 1242 3063; x_wconf 87' lang='lat' dir='ltr'>tt.</span> <span class='ocrx_word' id='word_1_464' title='bbox 1263 3014 1328 3062; x_wconf 87' lang='lat' dir='ltr'>ante</span> <span class='ocrx_word' id='word_1_465' title='bbox 1349 3014 1446 3063; x_wconf 92' lang='lat' dir='ltr'>actum</span> <span class='ocrx_word' id='word_1_466' title='bbox 1468 3006 1702 3079; x_wconf 71' lang='lat' dir='ltr'>canonizationis,</span> <span class='ocrx_word' id='word_1_467' title='bbox 1717 3005 1796 3085; x_wconf 90' lang='lat' dir='ltr'>quod</span> <span class='ocrx_word' id='word_1_468' title='bbox 1820 3023 1881 3067; x_wconf 90' lang='lat' dir='ltr'>noo</span> <span class='ocrx_word' id='word_1_469' title='bbox 1899 3006 1942 3068; x_wconf 92' lang='lat' dir='ltr'>iu·</span> 
     </span>
     <span class='ocr_line' id='line_1_77' title="bbox 1149 3103 1939 3186; baseline 0.005 -23"><span class='ocrx_word' id='word_1_470' title='bbox 1149 3103 1280 3165; x_wconf 87' lang='lat' dir='ltr'>tendebat</span> <span class='ocrx_word' id='word_1_471' title='bbox 1302 3122 1353 3183; x_wconf 91' lang='lat' dir='ltr'>per</span> <span class='ocrx_word' id='word_1_472' title='bbox 1379 3103 1461 3164; x_wconf 92' lang='lat' dir='ltr'>ilium</span> <span class='ocrx_word' id='word_1_473' title='bbox 1490 3116 1587 3166; x_wconf 88' lang='lat' dir='ltr'>actum</span> <span class='ocrx_word' id='word_1_474' title='bbox 1609 3106 1717 3185; x_wconf 89' lang='lat' dir='ltr'>aliquid</span> <span class='ocrx_word' id='word_1_475' title='bbox 1737 3107 1839 3169; x_wconf 72' lang='lat' dir='ltr'>faeere</span> <span class='ocrx_word' id='word_1_476' title='bbox 1862 3107 1939 3186; x_wconf 85' lang='lat' dir='ltr'>quot</span> 
     </span>
     <span class='ocr_line' id='line_1_78' title="bbox 1149 3204 1941 3290; baseline 0.006 -26"><span class='ocrx_word' id='word_1_477' title='bbox 1149 3215 1222 3265; x_wconf 89' lang='lat' dir='ltr'>esset</span> <span class='ocrx_word' id='word_1_478' title='bbox 1244 3215 1346 3264; x_wconf 91' lang='lat' dir='ltr'>contra</span> <span class='ocrx_word' id='word_1_479' title='bbox 1374 3204 1547 3266; x_wconf 87' lang='lat' dir='ltr'>catholicam</span> <span class='ocrx_word' id='word_1_480' title='bbox 1571 3205 1656 3267; x_wconf 90' lang='lat' dir='ltr'>fidem</span> <span class='ocrx_word' id='word_1_481' title='bbox 1676 3219 1753 3280; x_wconf 81' lang='lat' dir='ltr'>etc,</span> <span class='ocrx_word' id='word_1_482' title='bbox 1774 3218 1808 3267; x_wconf 96' lang='lat' dir='ltr'>ut</span> <span class='ocrx_word' id='word_1_483' title='bbox 1833 3225 1941 3290; x_wconf 83' lang='lat' dir='ltr'>supra,</span> 
     </span>
     <span class='ocr_line' id='line_1_79' title="bbox 1149 3303 1942 3369; baseline 0.009 -7"><span class='ocrx_word' id='word_1_484' title='bbox 1149 3303 1186 3363; x_wconf 85' lang='lat' dir='ltr'>tt.</span> <span class='ocrx_word' id='word_1_485' title='bbox 1208 3304 1349 3366; x_wconf 77' lang='lat' dir='ltr'>Dominus</span> <span class='ocrx_word' id='word_1_486' title='bbox 1370 3304 1530 3366; x_wconf 80' lang='lat' dir='ltr'>cardinalis</span> <span class='ocrx_word' id='word_1_487' title='bbox 1553 3305 1583 3366; x_wconf 82' lang='grc'>8.</span> <span class='ocrx_word' id='word_1_488' title='bbox 1605 3305 1697 3367; x_wconf 82' lang='lat' dir='ltr'>blarei</span> <span class='ocrx_word' id='word_1_489' title='bbox 1720 3325 1765 3368; x_wconf 93' lang='lat' dir='ltr'>me</span> <span class='ocrx_word' id='word_1_490' title='bbox 1780 3307 1817 3366; x_wconf 91' lang='lat' dir='ltr'>ad</span> <span class='ocrx_word' id='word_1_491' title='bbox 1836 3327 1869 3369; x_wconf 88' lang='lat' dir='ltr'>se</span> <span class='ocrx_word' id='word_1_492' title='bbox 1891 3327 1942 3369; x_wconf 82' lang='lat' dir='ltr'>ro·</span> 
     </span>
     <span class='ocr_line' id='line_1_80' title="bbox 1150 3402 1943 3487; baseline 0.008 -23"><span class='ocrx_word' id='word_1_493' title='bbox 1150 3406 1227 3465; x_wconf 82' lang='lat' dir='ltr'>cavit</span> <span class='ocrx_word' id='word_1_494' title='bbox 1247 3418 1276 3465; x_wconf 91' lang='lat' dir='ltr'>ct</span> <span class='ocrx_word' id='word_1_495' title='bbox 1297 3424 1350 3485; x_wconf 92' lang='lat' dir='ltr'>pro</span> <span class='ocrx_word' id='word_1_496' title='bbox 1374 3402 1539 3483; x_wconf 85' lang='lat' dir='ltr'>hujusmodi</span> <span class='ocrx_word' id='word_1_497' title='bbox 1561 3411 1765 3487; x_wconf 89' lang='lat' dir='ltr'>protestatione</span> <span class='ocrx_word' id='word_1_498' title='bbox 1785 3409 1866 3470; x_wconf 87' lang='lat' dir='ltr'>facta</span> <span class='ocrx_word' id='word_1_499' title='bbox 1897 3427 1943 3470; x_wconf 88' lang='lat' dir='ltr'>ra·</span> 
     </span>
     <span class='ocr_line' id='line_1_81' title="bbox 1149 3504 1945 3585; baseline 0.006 -20"><span class='ocrx_word' id='word_1_500' title='bbox 1149 3506 1310 3583; x_wconf 87' lang='lat' dir='ltr'>prehendit,</span> <span class='ocrx_word' id='word_1_501' title='bbox 1321 3506 1489 3567; x_wconf 87' lang='lat' dir='ltr'>dicenseam</span> <span class='ocrx_word' id='word_1_502' title='bbox 1502 3504 1668 3585; x_wconf 86' lang='lat' dir='ltr'>hujusmodi</span> <span class='ocrx_word' id='word_1_503' title='bbox 1683 3509 1761 3569; x_wconf 89' lang='lat' dir='ltr'>actui</span> <span class='ocrx_word' id='word_1_504' title='bbox 1783 3512 1945 3572; x_wconf 86' lang='lat' dir='ltr'>nullatenus</span> 
     </span>
     <span class='ocr_line' id='line_1_82' title="bbox 1149 3607 1940 3688; baseline 0.009 -22"><span class='ocrx_word' id='word_1_505' title='bbox 1149 3607 1313 3680; x_wconf 79' lang='lat' dir='ltr'>conuenire,</span> <span class='ocrx_word' id='word_1_506' title='bbox 1326 3608 1447 3668; x_wconf 90' lang='lat' dir='ltr'>maxime</span> <span class='ocrx_word' id='word_1_507' title='bbox 1463 3625 1529 3667; x_wconf 92' lang='lat' dir='ltr'>cum</span> <span class='ocrx_word' id='word_1_508' title='bbox 1545 3626 1695 3688; x_wconf 84' lang='lat' dir='ltr'>processus</span> <span class='ocrx_word' id='word_1_509' title='bbox 1711 3611 1828 3672; x_wconf 90' lang='lat' dir='ltr'>babitus</span> <span class='ocrx_word' id='word_1_510' title='bbox 1843 3612 1875 3670; x_wconf 90' lang='lat' dir='ltr'>fn</span> <span class='ocrx_word' id='word_1_511' title='bbox 1889 3611 1940 3673; x_wconf 90' lang='lat' dir='ltr'>bac</span> 
     </span>
     <span class='ocr_line' id='line_1_83' title="bbox 1149 3704 1940 3789; baseline 0.013 -24"><span class='ocrx_word' id='word_1_512' title='bbox 1149 3707 1271 3767; x_wconf 89' lang='lat' dir='ltr'>materia</span> <span class='ocrx_word' id='word_1_513' title='bbox 1293 3708 1329 3766; x_wconf 92' lang='lat' dir='ltr'>sit</span> <span class='ocrx_word' id='word_1_514' title='bbox 1350 3725 1417 3767; x_wconf 90' lang='lat' dir='ltr'>eum</span> <span class='ocrx_word' id='word_1_515' title='bbox 1440 3725 1543 3787; x_wconf 87' lang='lat' dir='ltr'>magna</span> <span class='ocrx_word' id='word_1_516' title='bbox 1568 3707 1713 3789; x_wconf 86' lang='lat' dir='ltr'>diligentia</span> <span class='ocrx_word' id='word_1_517' title='bbox 1738 3712 1775 3772; x_wconf 87' lang='lat' dir='ltr'>tt.</span> <span class='ocrx_word' id='word_1_518' title='bbox 1799 3704 1940 3774; x_wconf 84' lang='lat' dir='ltr'>Domino·</span> 
     </span>
     <span class='ocr_line' id='line_1_84' title="bbox 1149 3806 1939 3893; baseline 0.009 -26"><span class='ocrx_word' id='word_1_519' title='bbox 1149 3825 1216 3867; x_wconf 91' lang='lat' dir='ltr'>rum</span> <span class='ocrx_word' id='word_1_520' title='bbox 1238 3806 1437 3870; x_wconf 78' lang='lat' dir='ltr'>cardinalium</span> <span class='ocrx_word' id='word_1_521' title='bbox 1463 3819 1492 3870; x_wconf 90' lang='lat' dir='ltr'>et</span> <span class='ocrx_word' id='word_1_522' title='bbox 1512 3811 1638 3870; x_wconf 91' lang='lat' dir='ltr'>aliorum</span> <span class='ocrx_word' id='word_1_523' title='bbox 1654 3812 1690 3870; x_wconf 91' lang='lat' dir='ltr'>ad</span> <span class='ocrx_word' id='word_1_524' title='bbox 1704 3812 1761 3874; x_wconf 91' lang='lat' dir='ltr'>hoc</span> <span class='ocrx_word' id='word_1_525' title='bbox 1784 3812 1939 3893; x_wconf 89' lang='lat' dir='ltr'>deputato·</span> 
     </span>
     <span class='ocr_line' id='line_1_85' title="bbox 1148 3908 1941 3982; baseline 0.009 -15"><span class='ocrx_word' id='word_1_526' title='bbox 1148 3908 1411 3981; x_wconf 86' lang='lat' dir='ltr'>rum,examiuatus</span> <span class='ocrx_word' id='word_1_527' title='bbox 1418 3929 1429 3982; x_wconf 84' lang='lat'><em>3</em></span> <span class='ocrx_word' id='word_1_528' title='bbox 1440 3919 1467 3970; x_wconf 90' lang='lat' dir='ltr'>et</span> <span class='ocrx_word' id='word_1_529' title='bbox 1483 3911 1726 3973; x_wconf 85' lang='lat' dir='ltr'>canonizationem</span> <span class='ocrx_word' id='word_1_530' title='bbox 1738 3911 1814 3973; x_wconf 87' lang='lat' dir='ltr'>batte</span> <span class='ocrx_word' id='word_1_531' title='bbox 1824 3929 1862 3973; x_wconf 90' lang='lat' dir='ltr'>ex</span> <span class='ocrx_word' id='word_1_532' title='bbox 1872 3914 1941 3973; x_wconf 85' lang='lat' dir='ltr'>setis</span> 
     </span>
     <span class='ocr_line' id='line_1_86' title="bbox 1147 4008 1941 4095; baseline 0.013 -27"><span class='ocrx_word' id='word_1_533' title='bbox 1147 4019 1176 4068; x_wconf 90' lang='lat' dir='ltr'>et</span> <span class='ocrx_word' id='word_1_534' title='bbox 1197 4008 1325 4088; x_wconf 89' lang='lat' dir='ltr'>probatis</span> <span class='ocrx_word' id='word_1_535' title='bbox 1346 4008 1409 4070; x_wconf 88' lang='lat' dir='ltr'>lieri</span> <span class='ocrx_word' id='word_1_536' title='bbox 1431 4009 1561 4072; x_wconf 89' lang='lat' dir='ltr'>debuisse</span> <span class='ocrx_word' id='word_1_537' title='bbox 1581 4024 1610 4072; x_wconf 91' lang='lat' dir='ltr'>et</span> <span class='ocrx_word' id='word_1_538' title='bbox 1641 4013 1755 4075; x_wconf 87' lang='lat' dir='ltr'>debere.</span> <span class='ocrx_word' id='word_1_539' title='bbox 1780 4011 1941 4095; x_wconf 83' lang='lat' dir='ltr'>Propterea</span> 
     </span>
     <span class='ocr_line' id='line_1_87' title="bbox 1147 4105 1943 4191; baseline 0.011 -23"><span class='ocrx_word' id='word_1_540' title='bbox 1147 4105 1304 4170; x_wconf 80' lang='lat' dir='ltr'>Ecclesiam</span> <span class='ocrx_word' id='word_1_541' title='bbox 1321 4126 1376 4170; x_wconf 92' lang='lat' dir='ltr'>non</span> <span class='ocrx_word' id='word_1_542' title='bbox 1395 4112 1521 4190; x_wconf 90' lang='lat' dir='ltr'>potuisse</span> <span class='ocrx_word' id='word_1_543' title='bbox 1536 4132 1587 4174; x_wconf 92' lang='lat' dir='ltr'>uec</span> <span class='ocrx_word' id='word_1_544' title='bbox 1603 4113 1706 4176; x_wconf 91' lang='lat' dir='ltr'>debere</span> <span class='ocrx_word' id='word_1_545' title='bbox 1724 4116 1753 4174; x_wconf 93' lang='lat' dir='ltr'>in</span> <span class='ocrx_word' id='word_1_546' title='bbox 1770 4134 1804 4176; x_wconf 94' lang='lat' dir='ltr'>ea</span> <span class='ocrx_word' id='word_1_547' title='bbox 1819 4133 1924 4177; x_wconf 84' lang='lat' dir='ltr'>errare</span> <span class='ocrx_word' id='word_1_548' title='bbox 1933 4138 1943 4191; x_wconf 80' lang='lat'>3</span> 
     </span>
     <span class='ocr_line' id='line_1_88' title="bbox 1146 4209 1939 4290; baseline 0.009 -21"><span class='ocrx_word' id='word_1_549' title='bbox 1146 4210 1195 4269; x_wconf 88' lang='lat' dir='ltr'>sad</span> <span class='ocrx_word' id='word_1_550' title='bbox 1210 4213 1443 4290; x_wconf 86' lang='lat' dir='ltr'>protestationem</span> <span class='ocrx_word' id='word_1_551' title='bbox 1458 4209 1633 4290; x_wconf 87' lang='lat' dir='ltr'>hujusmodi,</span> <span class='ocrx_word' id='word_1_552' title='bbox 1644 4216 1714 4274; x_wconf 89' lang='lat' dir='ltr'>allas</span> <span class='ocrx_word' id='word_1_553' title='bbox 1729 4215 1836 4275; x_wconf 87' lang='lat' dir='ltr'>factam</span> <span class='ocrx_word' id='word_1_554' title='bbox 1853 4216 1939 4277; x_wconf 85' lang='lat' dir='ltr'>fuisse</span> 
     </span>
     <span class='ocr_line' id='line_1_89' title="bbox 1148 4313 1943 4400; baseline 0.013 -31"><span class='ocrx_word' id='word_1_555' title='bbox 1148 4324 1310 4389; x_wconf 92' lang='lat' dir='ltr'>opportune</span> <span class='ocrx_word' id='word_1_556' title='bbox 1329 4323 1356 4373; x_wconf 91' lang='lat' dir='ltr'>et</span> <span class='ocrx_word' id='word_1_557' title='bbox 1374 4316 1576 4375; x_wconf 80' lang='lat' dir='ltr'>convenienter</span> <span class='ocrx_word' id='word_1_558' title='bbox 1591 4335 1643 4394; x_wconf 89' lang='lat' dir='ltr'>per</span> <span class='ocrx_word' id='word_1_559' title='bbox 1656 4318 1698 4400; x_wconf 85' lang='lat' dir='ltr'>le:</span> <span class='ocrx_word' id='word_1_560' title='bbox 1719 4336 1790 4378; x_wconf 77' lang='lat' dir='ltr'>ret.</span> <span class='ocrx_word' id='word_1_561' title='bbox 1811 4362 1819 4376; x_wconf 97' lang='lat'>.</span> <span class='ocrx_word' id='word_1_562' title='bbox 1845 4362 1853 4376; x_wconf 94' lang='lat'>.</span> <span class='ocrx_word' id='word_1_563' title='bbox 1875 4313 1943 4399; x_wconf 89' lang='lat' dir='ltr'>(sic)</span> 
     </span>
     <span class='ocr_line' id='line_1_90' title="bbox 1150 4409 1943 4500; baseline 0.009 -31"><span class='ocrx_word' id='word_1_564' title='bbox 1150 4409 1326 4474; x_wconf 82' lang='lat' dir='ltr'>incivitate.</span> <span class='ocrx_word' id='word_1_565' title='bbox 1350 4458 1357 4472; x_wconf 91' lang='lat'>.</span> <span class='ocrx_word' id='word_1_566' title='bbox 1380 4460 1387 4473; x_wconf 99' lang='lat'>.</span> <span class='ocrx_word' id='word_1_567' title='bbox 1412 4414 1497 4500; x_wconf 61' lang='lat' dir='ltr'>ista)</span> <span class='ocrx_word' id='word_1_568' title='bbox 1513 4418 1540 4475; x_wconf 91' lang='lat' dir='ltr'>ia</span> <span class='ocrx_word' id='word_1_569' title='bbox 1559 4418 1771 4480; x_wconf 80' lang='lat' dir='ltr'>canonizatione</span> <span class='ocrx_word' id='word_1_570' title='bbox 1793 4416 1829 4477; x_wconf 91' lang='lat' dir='ltr'>ad</span> <span class='ocrx_word' id='word_1_571' title='bbox 1853 4433 1943 4498; x_wconf 92' lang='lat' dir='ltr'>quatn</span> 
     </span>
     <span class='ocr_line' id='line_1_91' title="bbox 1147 4510 1943 4600; baseline 0.014 -30"><span class='ocrx_word' id='word_1_572' title='bbox 1147 4510 1306 4573; x_wconf 85' lang='lat' dir='ltr'>faciendam</span> <span class='ocrx_word' id='word_1_573' title='bbox 1330 4514 1404 4578; x_wconf 91' lang='lat' dir='ltr'>idem</span> <span class='ocrx_word' id='word_1_574' title='bbox 1432 4517 1562 4579; x_wconf 88' lang='lat' dir='ltr'>Pontifex</span> <span class='ocrx_word' id='word_1_575' title='bbox 1583 4519 1690 4598; x_wconf 86' lang='lat' dir='ltr'>absque</span> <span class='ocrx_word' id='word_1_576' title='bbox 1715 4520 1846 4600; x_wconf 83' lang='lat' dir='ltr'>legitimo</span> <span class='ocrx_word' id='word_1_577' title='bbox 1869 4538 1943 4600; x_wconf 86' lang='lat' dir='ltr'>pro·</span> 
     </span>
     <span class='ocr_line' id='line_1_92' title="bbox 1147 4614 1940 4700; baseline 0.013 -29"><span class='ocrx_word' id='word_1_578' title='bbox 1147 4630 1229 4672; x_wconf 83' lang='lat' dir='ltr'>cassu</span> <span class='ocrx_word' id='word_1_579' title='bbox 1266 4614 1365 4676; x_wconf 90' lang='lat' dir='ltr'>fuerat</span> <span class='ocrx_word' id='word_1_580' title='bbox 1397 4618 1660 4699; x_wconf 87' lang='lat' dir='ltr'>semicompulsus,</span> <span class='ocrx_word' id='word_1_581' title='bbox 1689 4620 1827 4699; x_wconf 90' lang='lat' dir='ltr'>illamque</span> <span class='ocrx_word' id='word_1_582' title='bbox 1857 4622 1940 4700; x_wconf 89' lang='lat' dir='ltr'>quasi</span> 
     </span>
     <span class='ocr_line' id='line_1_93' title="bbox 1146 4714 1938 4798; baseline 0.014 -27"><span class='ocrx_word' id='word_1_583' title='bbox 1146 4724 1226 4773; x_wconf 89' lang='lat' dir='ltr'>metu</span> <span class='ocrx_word' id='word_1_584' title='bbox 1248 4714 1362 4775; x_wconf 83' lang='lat' dir='ltr'>fecisses</span> <span class='ocrx_word' id='word_1_585' title='bbox 1385 4734 1458 4794; x_wconf 89' lang='lat' dir='ltr'>qnae</span> <span class='ocrx_word' id='word_1_586' title='bbox 1490 4718 1520 4777; x_wconf 93' lang='lat' dir='ltr'>in</span> <span class='ocrx_word' id='word_1_587' title='bbox 1551 4721 1691 4798; x_wconf 86' lang='lat' dir='ltr'>praesenti</span> <span class='ocrx_word' id='word_1_588' title='bbox 1724 4720 1938 4781; x_wconf 86' lang='lat' dir='ltr'>canonizatione</span> 
     </span>
     <span class='ocr_line' id='line_1_94' title="bbox 1146 4815 1937 4903; baseline 0.014 -29"><span class='ocrx_word' id='word_1_589' title='bbox 1146 4831 1202 4874; x_wconf 92' lang='lat' dir='ltr'>non</span> <span class='ocrx_word' id='word_1_590' title='bbox 1224 4815 1410 4879; x_wconf 86' lang='lat' dir='ltr'>offendebant.</span> <span class='ocrx_word' id='word_1_591' title='bbox 1430 4818 1590 4902; x_wconf 87' lang='lat' dir='ltr'>lleplieari,</span> <span class='ocrx_word' id='word_1_592' title='bbox 1615 4822 1688 4883; x_wconf 91' lang='lat' dir='ltr'>banc</span> <span class='ocrx_word' id='word_1_593' title='bbox 1701 4825 1937 4903; x_wconf 86' lang='lat' dir='ltr'>protestationem</span> 
     </span>
     <span class='ocr_line' id='line_1_95' title="bbox 1146 4912 1937 5003; baseline 0.01 -30"><span class='ocrx_word' id='word_1_594' title='bbox 1146 4912 1208 4975; x_wconf 89' lang='lat' dir='ltr'>fieri</span> <span class='ocrx_word' id='word_1_595' title='bbox 1236 4914 1340 4978; x_wconf 87' lang='lat' dir='ltr'>debere</span> <span class='ocrx_word' id='word_1_596' title='bbox 1361 4937 1412 4999; x_wconf 88' lang='lat' dir='ltr'>per</span> <span class='ocrx_word' id='word_1_597' title='bbox 1440 4918 1475 4980; x_wconf 83' lang='lat' dir='ltr'>R.</span> <span class='ocrx_word' id='word_1_598' title='bbox 1504 4920 1539 4980; x_wconf 91' lang='lat' dir='ltr'>D.</span> <span class='ocrx_word' id='word_1_599' title='bbox 1572 4921 1746 5003; x_wconf 84' lang='lat' dir='ltr'>Episcopum</span> <span class='ocrx_word' id='word_1_600' title='bbox 1773 4920 1937 4984; x_wconf 89' lang='lat' dir='ltr'>Plentiaum</span> 
     </span>
     <span class='ocr_line' id='line_1_96' title="bbox 1144 5017 1942 5103; baseline 0.008 -29"><span class='ocrx_word' id='word_1_601' title='bbox 1144 5017 1230 5075; x_wconf 74' lang='lat' dir='ltr'>olcii</span> <span class='ocrx_word' id='word_1_602' title='bbox 1252 5019 1343 5077; x_wconf 90' lang='lat' dir='ltr'>nostri</span> <span class='ocrx_word' id='word_1_603' title='bbox 1363 5020 1607 5081; x_wconf 90' lang='lat' dir='ltr'>caerimoniarum</span> <span class='ocrx_word' id='word_1_604' title='bbox 1629 5023 1847 5103; x_wconf 86' lang='lat' dir='ltr'>praesidentem,</span> <span class='ocrx_word' id='word_1_605' title='bbox 1875 5032 1904 5084; x_wconf 91' lang='lat' dir='ltr'>et</span> <span class='ocrx_word' id='word_1_606' title='bbox 1926 5039 1942 5080; x_wconf 96' lang='lat' dir='ltr'>a</span> 
     </span>
     <span class='ocr_line' id='line_1_97' title="bbox 1146 5117 1938 5201; baseline 0.006 -24"><span class='ocrx_word' id='word_1_607' title='bbox 1146 5134 1192 5177; x_wconf 90' lang='lat' dir='ltr'>me</span> <span class='ocrx_word' id='word_1_608' title='bbox 1214 5117 1304 5179; x_wconf 90' lang='lat' dir='ltr'>luisse</span> <span class='ocrx_word' id='word_1_609' title='bbox 1323 5120 1500 5192; x_wconf 90' lang='lat' dir='ltr'>ordinatam,</span> <span class='ocrx_word' id='word_1_610' title='bbox 1521 5141 1555 5183; x_wconf 89' lang='lat' dir='ltr'>ex</span> <span class='ocrx_word' id='word_1_611' title='bbox 1576 5141 1610 5184; x_wconf 91' lang='lat' dir='ltr'>eo</span> <span class='ocrx_word' id='word_1_612' title='bbox 1632 5124 1710 5201; x_wconf 90' lang='lat' dir='ltr'>quod</span> <span class='ocrx_word' id='word_1_613' title='bbox 1731 5124 1759 5183; x_wconf 91' lang='lat' dir='ltr'>in</span> <span class='ocrx_word' id='word_1_614' title='bbox 1780 5124 1938 5185; x_wconf 85' lang='lat' dir='ltr'>canonias·</span> 
     </span>
     <span class='ocr_line' id='line_1_98' title="bbox 1147 5218 1938 5298; baseline 0.011 -22"><span class='ocrx_word' id='word_1_615' title='bbox 1147 5218 1270 5280; x_wconf 90' lang='lat' dir='ltr'>tionibus</span> <span class='ocrx_word' id='word_1_616' title='bbox 1291 5219 1467 5284; x_wconf 88' lang='lat' dir='ltr'>Sanctorum</span> <span class='ocrx_word' id='word_1_617' title='bbox 1486 5222 1673 5297; x_wconf 78' lang='lat' dir='ltr'>bernardini,</span> <span class='ocrx_word' id='word_1_618' title='bbox 1695 5225 1858 5298; x_wconf 73' lang='lat' dir='ltr'>vincentii,</span> <span class='ocrx_word' id='word_1_619' title='bbox 1878 5223 1938 5285; x_wconf 85' lang='lat' dir='ltr'>Ca·</span> 
     </span>
     <span class='ocr_line' id='line_1_99' title="bbox 1147 5318 1941 5399; baseline 0.01 -20"><span class='ocrx_word' id='word_1_620' title='bbox 1147 5318 1275 5381; x_wconf 90' lang='lat' dir='ltr'>tberiuae</span> <span class='ocrx_word' id='word_1_621' title='bbox 1296 5321 1331 5383; x_wconf 92' lang='lat' dir='ltr'>de</span> <span class='ocrx_word' id='word_1_622' title='bbox 1346 5321 1439 5394; x_wconf 79' lang='lat' dir='ltr'>Senis,</span> <span class='ocrx_word' id='word_1_623' title='bbox 1453 5335 1481 5383; x_wconf 92' lang='lat' dir='ltr'>et</span> <span class='ocrx_word' id='word_1_624' title='bbox 1495 5323 1725 5399; x_wconf 64' lang='lat' dir='ltr'>mussemume,</span> <span class='ocrx_word' id='word_1_625' title='bbox 1743 5327 1848 5387; x_wconf 88' lang='lat' dir='ltr'>nostris</span> <span class='ocrx_word' id='word_1_626' title='bbox 1863 5337 1941 5387; x_wconf 89' lang='lat' dir='ltr'>tem·</span> 
     </span>
     <span class='ocr_line' id='line_1_100' title="bbox 1146 5423 1938 5507; baseline 0.009 -26"><span class='ocrx_word' id='word_1_627' title='bbox 1146 5423 1265 5500; x_wconf 92' lang='lat' dir='ltr'>poribus</span> <span class='ocrx_word' id='word_1_628' title='bbox 1278 5423 1348 5483; x_wconf 88' lang='lat' dir='ltr'>alias</span> <span class='ocrx_word' id='word_1_629' title='bbox 1362 5434 1427 5483; x_wconf 89' lang='lat' dir='ltr'>ante</span> <span class='ocrx_word' id='word_1_630' title='bbox 1441 5424 1603 5500; x_wconf 87' lang='lat' dir='ltr'>celebratis,</span> <span class='ocrx_word' id='word_1_631' title='bbox 1618 5446 1680 5488; x_wconf 87' lang='lat' dir='ltr'>eam</span> <span class='ocrx_word' id='word_1_632' title='bbox 1699 5427 1864 5507; x_wconf 89' lang='lat' dir='ltr'>reperimus</span> <span class='ocrx_word' id='word_1_633' title='bbox 1878 5445 1938 5488; x_wconf 85' lang='lat' dir='ltr'>esse</span> 
     </span>
     <span class='ocr_line' id='line_1_101' title="bbox 1145 5521 1937 5602; baseline 0.006 -20"><span class='ocrx_word' id='word_1_634' title='bbox 1145 5521 1328 5585; x_wconf 85' lang='lat' dir='ltr'>observatam</span> <span class='ocrx_word' id='word_1_635' title='bbox 1355 5532 1503 5602; x_wconf 90' lang='lat' dir='ltr'>tamquam</span> <span class='ocrx_word' id='word_1_636' title='bbox 1535 5528 1689 5587; x_wconf 76' lang='lat' dir='ltr'>convenire</span> <span class='ocrx_word' id='word_1_637' title='bbox 1722 5525 1829 5599; x_wconf 83' lang='lat' dir='ltr'>rideri,</span> <span class='ocrx_word' id='word_1_638' title='bbox 1847 5544 1882 5587; x_wconf 86' lang='lat' dir='ltr'>ex</span> <span class='ocrx_word' id='word_1_639' title='bbox 1903 5541 1937 5587; x_wconf 89' lang='lat' dir='ltr'>co</span> 
     </span>
     <span class='ocr_line' id='line_1_102' title="bbox 1146 5623 1935 5707; baseline 0.003 -23"><span class='ocrx_word' id='word_1_640' title='bbox 1146 5623 1223 5702; x_wconf 84' lang='lat' dir='ltr'>quod</span> <span class='ocrx_word' id='word_1_641' title='bbox 1241 5624 1293 5685; x_wconf 86' lang='lat' dir='ltr'>etsi</span> <span class='ocrx_word' id='word_1_642' title='bbox 1316 5635 1380 5685; x_wconf 87' lang='lat' dir='ltr'>acta</span> <span class='ocrx_word' id='word_1_643' title='bbox 1402 5637 1431 5686; x_wconf 93' lang='lat' dir='ltr'>et</span> <span class='ocrx_word' id='word_1_644' title='bbox 1448 5627 1569 5707; x_wconf 88' lang='lat' dir='ltr'>probata</span> <span class='ocrx_word' id='word_1_645' title='bbox 1588 5646 1642 5707; x_wconf 89' lang='lat' dir='ltr'>pro</span> <span class='ocrx_word' id='word_1_646' title='bbox 1661 5623 1876 5688; x_wconf 81' lang='lat' dir='ltr'>canonizatione</span> <span class='ocrx_word' id='word_1_647' title='bbox 1890 5625 1935 5687; x_wconf 91' lang='lat' dir='ltr'>fa·</span> 
     </span>
     <span class='ocr_line' id='line_1_103' title="bbox 1145 5723 1939 5809; baseline 0.013 -26"><span class='ocrx_word' id='word_1_648' title='bbox 1145 5723 1233 5797; x_wconf 88' lang='lat' dir='ltr'>ciant,</span> <span class='ocrx_word' id='word_1_649' title='bbox 1254 5735 1373 5802; x_wconf 90' lang='lat' dir='ltr'>possunt</span> <span class='ocrx_word' id='word_1_650' title='bbox 1391 5727 1575 5792; x_wconf 85' lang='lat' dir='ltr'>nibilominus</span> <span class='ocrx_word' id='word_1_651' title='bbox 1589 5747 1649 5792; x_wconf 86' lang='lat' dir='ltr'>esse</span> <span class='ocrx_word' id='word_1_652' title='bbox 1665 5730 1747 5805; x_wconf 81' lang='lat' dir='ltr'>laisa,</span> <span class='ocrx_word' id='word_1_653' title='bbox 1761 5730 1863 5809; x_wconf 83' lang='lat' dir='ltr'>sieque</span> <span class='ocrx_word' id='word_1_654' title='bbox 1877 5727 1939 5792; x_wconf 76' lang='lat' dir='ltr'>aa·</span> 
     </span>
    </p>
   </div>
   <div class='ocr_carea' id='block_1_8' title="bbox 0 0 2250 6855">
    <p class='ocr_par' dir='ltr' id='par_1_18' title="bbox 0 0 2250 6855">
     <span class='ocr_line' id='line_1_104' title="bbox 0 0 2250 6855; baseline 0 0"><span class='ocrx_word' id='word_1_655' title='bbox 0 0 2250 6855; x_wconf 95' lang='lat' dir='ltr'> </span> 
     </span>
    </p>
   </div>
  </div>
 </body>
</html>
