4492 6859
295 619 335 680 to
750 614 1032 680 mustulentus
1053 611 1279 678 ttitiocuttitt
1300 606 1452 674 octavi.

293 753 323 814 in
344 771 428 816 mane
450 764 480 817 et
504 765 569 835 post
587 750 742 835 prandium
763 763 906 814 venerunt
931 751 968 812 ad
993 751 1082 811 Pala·

296 854 369 914 tium
385 856 485 934 piures
497 874 532 918 ex
552 853 617 915 iiii.
635 853 766 915 Dominis
781 853 992 925 cardinalibus,
1013 851 1083 930 qui·

293 953 348 1015 bus
364 956 472 1017 eiectus
487 955 614 1035 signarit
631 954 853 1034 supplicationes
867 955 1042 1027 officiorum,
1054 965 1082 1013 et

297 1057 424 1117 aliorum
443 1073 499 1135 pro
517 1054 587 1129 suis,
605 1065 634 1116 et
654 1053 803 1114 distribuit
819 1053 860 1115 eis
875 1065 969 1115 terras
982 1064 1012 1115 et
1030 1072 1083 1114 ca·

259 1197 263 1202 ·
294 1165 356 1216 stra
377 1173 435 1216 uon
454 1166 549 1215 tamen
567 1154 701 1217 omnibns
721 1153 922 1215 cardinalibus
938 1152 1023 1233 juxta
1037 1165 1083 1217 te·

292 1272 393 1317 norem
420 1255 618 1333 capitulorum
645 1253 903 1333 supradictorum3
931 1253 981 1315 sed
1009 1255 1082 1315 nulli

294 1353 495 1435 supplicationi
506 1353 562 1414 luit
573 1352 617 1413 bis
636 1352 735 1414 diebus
754 1353 831 1428 tiata,
842 1352 891 1415 sed
907 1352 935 1413 in
949 1353 1083 1414 omnibus

293 1454 508 1534 postmoduma
528 1454 564 1515 D.
575 1454 694 1517 Datarin
714 1456 894 1535 presentans,
909 1454 965 1515 luit
985 1455 1079 1534 posita

293 1555 360 1616 data
392 1554 446 1618 diei
478 1556 680 1617 coronationis.
711 1556 914 1616 Sanctissimae
942 1554 1083 1617 Dominus

238 1700 243 1711 .
293 1667 390 1717 noster
411 1658 530 1729 electus,
550 1657 639 1736 elegit
660 1666 688 1718 et
708 1655 859 1737 deputarit
880 1656 909 1716 in
929 1653 1083 1743 Datarium

293 1774 381 1815 suum
401 1754 438 1815 lt.
458 1755 494 1816 P.
516 1754 552 1814 D.
584 1756 777 1817 Antonianum
802 1757 968 1837 episcopum
989 1756 1085 1818 Vinti-

293 1855 451 1918 miiieusem
466 1856 537 1915 alias
555 1855 755 1916 carttiatarium
773 1874 869 1917 suum.

335 1955 467 2017 Fuerunt
485 1955 570 2016 ctiam
589 1955 717 2035 deputati
738 1957 866 2034 quinque
883 1976 918 2016 ex
936 1955 1000 2015 itit.
1021 1955 1084 2015 Do·

292 2053 375 2113 minis
395 2052 615 2127 cardinalibus,
637 2055 688 2133 qui
711 2056 950 2130 coronationem,
973 2064 1003 2117 et
1029 2073 1084 2135 pro

292 2174 326 2215 ea
345 2156 505 2216 necessaria
527 2154 711 2225 ordinarent,
732 2154 863 2216 videlicet
888 2154 952 2215 ltlt.
970 2154 1084 2217 Domini

291 2252 325 2315 S.
346 2254 456 2328 Marci,
478 2254 511 2316 S.
539 2254 623 2317 Petri
643 2252 680 2314 ad
700 2255 842 2328 Vincula,
864 2255 1083 2328 ulixbonensis,

292 2351 447 2426 Senensis,
475 2363 505 2413 et
527 2352 558 2414 S.
582 2352 704 2433 Georgii
724 2353 936 2429 Camerarius,
956 2373 1084 2433 quorum

292 2609 484 2673 correquisitis.
496 2640 527 2651 -
543 2610 599 2662 Duc
616 2611 734 2662 annalia.
754 2638 782 2650 -
799 2611 881 2664 Unum
897 2614 1041 2666 cabasinm.
1053 2644 1084 2654 -

292 2689 364 2740 Duae
376 2702 487 2754 mappae
499 2702 599 2753 parrae
610 2704 659 2756 pro
671 2704 762 2742 menta
774 2691 883 2744 domiui.
894 2720 925 2731 -
940 2693 1084 2746 Duodecim

299 2768 438 2832 mappulae
454 2782 554 2832 parvae
564 2783 613 2830 pro
624 2770 726 2823 eodem.
741 2797 772 2808 -
782 2772 900 2833 Qualnor
912 2776 1084 2839 manutergia.

295 2873 326 2883 -
342 2845 397 2896 ilua
412 2859 496 2911 cappa
513 2861 562 2911 pro
578 2851 754 2900 conclusistis.
771 2877 800 2887 -
818 2849 889 2901 Duae
905 2853 994 2914 petiae
1014 2855 1085 2904 isiae

294 2925 328 2975 ad
343 2927 498 2989 tergendum
515 2931 610 2978 instas.
628 2954 659 2965 -
675 2928 783 2992 Tapetia
800 2957 831 2965 -
848 2928 900 2981 Dua
925 2944 1005 2995 capsa
1027 2934 1085 2984 sire

296 3004 436 3055 lorcerium
458 3018 506 3067 pro
525 3005 644 3057 restibus
668 3008 786 3068 domini,
803 3011 922 3071 camisia,
938 3014 1084 3072 macbetis,

295 3083 401 3136 tobaiiis
416 3085 450 3135 ad
472 3086 661 3148 extergendum
680 3089 781 3149 risum,
795 3093 822 3139 et
838 3090 992 3143 uznoiettis·
1003 3091 1084 3143 Unum

295 3164 446 3214 mantellum
471 3164 620 3217 assistentis
644 3180 703 3218 cum
720 3180 768 3219 suo
785 3171 935 3233 cappuccio.
962 3193 994 3208 —
1014 3171 1086 3232 Qua·

296 3248 357 3293 tuor
379 3245 495 3295 scutulae
517 3245 709 3298 contentionum
730 3261 780 3311 pro
802 3250 954 3300 munitione.
972 3277 1001 3287 -
1032 3248 1084 3302 lina

294 3322 405 3373 scutella
428 3324 660 3387 ptooccbiatoruna
678 3353 711 3365 -
726 3328 906 3391 uarzapsaes.
928 3357 957 3367 -
985 3329 1086 3381 Canna-

296 3400 380 3452 ziouii
391 3428 421 3439 -
433 3402 573 3454 iiiscotelli.
588 3431 619 3443 -
630 3404 700 3456 Unus
717 3406 793 3468 panis
810 3407 844 3456 da
860 3420 1022 3458 zuccaro.-
1032 3408 1085 3460 ilua

296 3494 379 3544 perra
396 3484 475 3532 scala.
486 3509 517 3519 —
529 3482 609 3534 Unum
627 3486 784 3535 martellum.
795 3487 918 3537 -clovi
928 3514 959 3525 -
974 3488 1084 3553 δριοιιιι

295 3582 328 3599 -
338 3560 472 3610 acasium.
488 3583 520 3598 —
530 3562 703 3625 scriptorium
719 3576 779 3615 cum
802 3568 968 3630 temperloo,
982 3567 1087 3620 iorslcl·

296 3638 356 3698 bus,
373 3642 475 3701 pennis,
493 3642 611 3699 calamis,
627 3645 654 3692 et
669 3644 818 3696 calamario.
836 3672 866 3683 -
882 3644 952 3696 Unus
968 3649 1085 3709 quintar-

296 3731 346 3768 nns
363 3719 470 3768 chartae
486 3719 519 3769 ad
536 3720 826 3774 scribendum-Cera
843 3724 934 3775 rubea.
955 3751 988 3764 -
1004 3724 1085 3777 Duum

297 3797 413 3847 buccaie.
435 3824 464 3835 -
480 3797 531 3848 bna
547 3800 641 3862 petris.
657 3828 688 3839 -
703 3801 754 3852 Sex
770 3807 885 3854 tasseae.
902 3830 933 3841 -
949 3805 1001 3856 Sex
1027 3817 1087 3857 scu·

239 3943 242 3953 ,
298 3877 389 3927 teiiae.
405 3904 434 3915 -
450 3878 503 3928 Sex
520 3879 660 3930 scutellioi.
675 3908 705 3918 -
721 3880 802 3934 Duum
818 3884 964 3936 Saliarium.
983 3911 1012 3923 -
1022 3883 1087 3935 cnl-

298 3957 352 4006 tetii
369 3956 403 4007 ad
418 3956 599 4009 scindendum.
615 3984 647 3996 -
662 3958 792 4012 cultelllui
809 3976 858 4026 pro
876 3964 1083 4030 mensadomiul.

296 4060 329 4073 «-
345 4034 505 4088 coccbiaria.
522 4064 553 4075 -
573 4038 716 4090 lancelino.
732 4068 763 4077 -
778 4041 848 4092 iliaci
864 4041 897 4093 ad
912 4043 1083 4094 scindendum

297 4126 439 4176 promensa
454 4117 560 4167 domiui.
582 4143 613 4154 —
632 4116 775 4183 Duopanai
792 4121 825 4172 ad
842 4121 1086 4173 mundandnmcul·

297 4194 386 4244 telios.
403 4221 430 4230 -
450 4194 599 4246 Decretum.
612 4222 642 4233 -
658 4196 819 4252 Decretales.
830 4227 861 4238 -
871 4202 975 4252 sextus.
987 4228 1013 4238 -
1028 4200 1085 4252 cle·

299 4273 446 4332 montinac,
463 4279 489 4323 et
506 4276 549 4324 aiii
566 4277 593 4325 ai
610 4276 652 4326 alii
670 4277 731 4328 iibri
744 4280 778 4330 ad
797 4281 960 4332 volunlatem
976 4282 1084 4332 domiui.

298 4375 330 4386 ·-
346 4350 401 4401 Duo
417 4351 557 4403 breviaria.
578 4379 610 4391 -
625 4355 680 4406 Duo
696 4356 786 4409 dasebi
811 4360 958 4410 malvaslot-
981 4359 1085 4410 -Duo

300 4428 391 4479 iiascbi
405 4434 481 4480 aceti.
493 4458 522 4468 -
534 4430 616 4484 Unum
632 4447 681 4484 vas
698 4436 790 4487 olil-
799 4436 851 4488 cna
863 4439 978 4489 lucerna.
988 4463 1021 4476 -
1030 4436 1086 4489 Duo

300 4508 467 4559 candelabra.
483 4536 514 4547 -
530 4510 626 4562 Decem
643 4513 726 4564 librae
741 4516 912 4567 candelarum
928 4530 977 4580 pro
995 4529 1086 4568 mensa

299 4586 441 4638 domini-
452 4589 524 4641 Duae
539 4591 624 4643 librae
640 4593 809 4645 candelarum
826 4609 978 4660 parvarum.
989 4597 1085 4648 -Duo

303 4668 478 4720 iniusticia—
487 4670 543 4722 Duo
554 4674 684 4737 quieterni
695 4681 783 4727 cartae
800 4678 916 4729 stratiae.
929 4704 961 4717 -
975 4677 1031 4728 Duo
1040 4677 1087 4730 iia·

301 4747 357 4798 sciti
375 4747 460 4799 vacui.
474 4776 502 4787 -
515 4749 587 4801 Duae
595 4754 706 4806 caralita
722 4758 891 4807 cristallinas.
908 4784 938 4795 -
953 4758 1086 4808 Blacheria

303 4854 335 4867 -
350 4827 421 4879 Duae
432 4831 582 4892 aquaricias
594 4833 745 4898 pieuaepro
757 4837 908 4888 munitione.
919 4862 951 4878 -
962 4837 1015 4889 Una
1025 4851 1085 4889 cau·

301 4908 350 4960 cba
367 4922 416 4973 pro
432 4909 552 4960 lavandis
568 4911 648 4963 rebus
664 4916 715 4963 etc.

343 4989 424 5041 Tanor
437 5003 499 5042 cero
513 4990 654 5053 trimatae,
668 4994 722 5045 sive
741 4995 913 5047 inventarium
935 5009 1023 5048 rernm
1043 5009 1090 5058 prr

300 5069 441 5123 Sacrirtom
460 5072 646 5133 portcndarnm
667 5085 716 5134 pro
737 5073 825 5136 intare
841 5076 974 5138 Pontinas,
990 5077 1020 5126 ds
1038 5087 1090 5137 cua

301 5162 383 5212 supra
398 5150 440 5215 ici
458 5156 495 5202 ts.
511 5153 539 5216 it
554 5151 657 5211 mentio,
673 5152 732 5202 tatia
749 5156 784 5203 est
792 5187 801 5214 ,
817 5153 888 5203 nitro
902 5165 1016 5205 mensam
1031 5165 1091 5205 cnm

303 5232 358 5280 tuis
372 5231 527 5294 trispedicos
543 5234 566 5282 at
581 5243 667 5294 panno
683 5243 799 5294 rosaceo,
810 5233 935 5294 decucat
950 5234 1089 5297 timentia.

344 5311 512 5375 Campaneiia
527 5314 652 5374 argentea
667 5312 787 5362 inaurata
803 5339 834 5350 -
849 5312 1009 5364 Calamarius
1028 5326 1088 5365 cum

304 5391 420 5451 calamis,
431 5391 526 5453 pennis
542 5394 706 5454 temperatis,
724 5391 875 5450 lorsicibns,
892 5395 1089 5457 temperaturis,

304 5476 332 5523 et
347 5485 409 5523 cera
431 5472 523 5523 rubea·
540 5498 570 5509 -
587 5469 656 5522 ilaus
671 5472 826 5535 quinternus
842 5475 950 5524 chartae
967 5472 1000 5523 ad
1024 5474 1088 5523 scri·

281 5591 284 5600 .
305 5550 428 5602 bendum.
440 5578 469 5588 -
480 5549 561 5601 cutim
572 5550 742 5614 horologium.
754 5550 851 5603 -Tria
859 5553 983 5603 scabella.
993 5578 1024 5589 -
1036 5551 1090 5603 Una

305 5630 382 5682 sedes
391 5632 491 5694 papatis
502 5631 602 5693 pulcra,
611 5632 700 5682 relato
716 5632 865 5683 cremesino
876 5636 1012 5695 cooperta,
1024 5633 1087 5682 alias

305 5708 647 5774 spumantemamnem
659 5709 759 5775 stragis
768 5712 793 5762 tn
805 5723 836 5763 ea
845 5714 945 5776 portari
956 5714 1050 5776 possit.
1058 5738 1086 5749 -

1836 592 1947 678 (¹⁴⁸⁴)

1150 766 1288 813 consensu
1308 745 1403 808 omnia
1424 740 1557 803 ordinata
1577 747 1645 799 sunt
1664 747 1694 799 et
1713 753 1766 816 pet
1792 751 1846 795 nte
1863 731 1945 793 soili-

1149 851 1246 922 citata,
1264 856 1352 928 prout
1370 842 1488 904 inferius
1508 848 1673 900 annotatur.

1191 949 1251 1009 Pro
1272 944 1456 1007 coronatione
1478 938 1605 1021 paranda
1625 948 1693 997 suut
1710 931 1791 1018 (i)..
1807 978 1837 992 ..

1192 1048 1245 1110 Die
1276 1056 1379 1109 octavo
1406 1040 1575 1121 septembris
1606 1034 1868 1099 concordaverunt
1900 1050 1945 1092 se·

1151 1147 1269 1212 cretarii
1296 1158 1326 1209 et
1351 1143 1482 1205 advocati
1508 1158 1596 1221 super
1622 1135 1824 1219 praecedentia
1854 1143 1944 1213 prout

1150 1249 1225 1310 inira
1246 1247 1368 1308 dicetur.

1192 1346 1343 1409 Dominica
1353 1361 1410 1407 xit.
1426 1337 1528 1404 mensis
1537 1351 1620 1419 sept,
1633 1336 1766 1399 omnibus
1778 1352 1839 1417 pro
1854 1352 1944 1395 coro·

1150 1449 1264 1512 natione
1284 1441 1431 1508 Pontiiicis
1450 1440 1600 1513 ordinatis,
1625 1436 1657 1498 S.
1678 1437 1714 1497 D.
1735 1434 1770 1497 ii.
1797 1436 1944 1496 innocui·

1152 1550 1209 1610 tius
1233 1547 1312 1627 Papa
1339 1562 1410 1606 ιιιι.
1436 1543 1563 1611 amictu,
1590 1538 1667 1610 alba,
1696 1537 1838 1617 cingulo,
1858 1536 1944 1606 stola,

1150 1648 1283 1729 pluviali,
1310 1643 1420 1716 rubeis,
1440 1653 1468 1702 et
1490 1642 1578 1701 mitra
1597 1638 1745 1720 pretiosis,
1766 1634 1943 1697 dmoendens

1151 1747 1186 1810 de
1200 1746 1316 1808 Palatio
1329 1743 1366 1803 ati
1381 1742 1529 1803 basilicam
1547 1738 1580 1800 S.
1595 1737 1674 1801 Petri
1689 1735 1743 1798 sub
1758 1734 1946 1805 baldachino,

1152 1846 1231 1926 quod
1252 1864 1304 1926 per
1326 1844 1481 1904 nobiliores
1502 1841 1610 1903 curiae
1629 1852 1658 1902 et
1679 1836 1825 1899 Oratores
1839 1845 1945 1915 porta·

1152 1949 1251 2017 batur,
1272 1942 1461 2025 praecedente
1480 1941 1588 2014 Cruce,
1615 1945 1729 2018 etpost
1748 1955 1815 1999 eam
1837 1934 1946 1997 cardi-

1153 2048 1265 2110 nalibus
1286 2048 1315 2106 in
1335 2063 1440 2106 eorum
1461 2045 1569 2125 cappis,
1589 2054 1619 2104 et
1639 2039 1773 2121 praelatis
1800 2037 1893 2099 etiam
1918 2036 1946 2095 in

1151 2148 1211 2209 suis
1232 2147 1330 2226 cappis
1350 2141 1519 2206 Pontificem
1552 2140 1751 2221 sequentibus,
1772 2135 1948 2200 officialibus

1153 2266 1271 2327 quoque
1285 2246 1418 2307 similiter
1436 2244 1465 2304 in
1483 2241 1542 2303 suis
1555 2240 1656 2303 ordine
1669 2252 1700 2327 et
1715 2240 1779 2300 ioco
1793 2237 1949 2312 euntibus,

1153 2359 1187 2410 ut
1207 2348 1288 2420 alias,
1298 2343 1428 2427 pervenit
1447 2343 1485 2403 ad
1506 2344 1629 2423 primam
1654 2351 1769 2421 portam
1788 2338 1899 2401 Palatii
1920 2339 1947 2400 in

1154 2610 1236 2663 Duum
1246 2623 1294 2674 par
1302 2609 1442 2671 caligarum
1455 2607 1711 2673 panoirosacatsive
1721 2605 1825 2669 sergiae
1837 2605 1949 2656 rubeae.

1153 2690 1272 2741 -llaum
1281 2703 1329 2752 par
1340 2687 1517 2739 sandaliorum
1527 2686 1646 2750 ejusdem
1654 2686 1733 2749 panni
1742 2697 1801 2735 cum
1809 2696 1894 2736 cruce
1904 2698 1949 2735 an·

1155 2783 1200 2821 rea
1218 2772 1380 2831 supertexta.
1397 2794 1428 2804 -
1444 2765 1498 2816 ilua
1514 2768 1622 2818 camisia
1639 2765 1698 2817 alba
1715 2776 1791 2814 nora.
1804 2790 1836 2801 -
1854 2762 1910 2815 Dua
1922 2763 1948 2813 dl

1154 2848 1251 2911 pioidts
1264 2846 1377 2897 satouiui
1389 2845 1450 2895 albi.
1460 2869 1490 2881 -
1505 2843 1558 2896 Una
1576 2846 1659 2896 vestis
1675 2845 1734 2895 alba
1748 2844 1828 2905 panai
1840 2841 1886 2893 bui
1897 2854 1947 2893 seu

1155 2929 1303 2990 sergiae·
1312 2923 1393 2975 Duum
1404 2924 1535 2987 cingulum
1546 2938 1605 2975 cum
1622 2923 1785 2975 inanimentis
1802 2922 1947 2973 aureis.-

1155 3006 1235 3059 unum
1263 3005 1426 3057 roccbetum.
1441 3029 1473 3041 -
1493 3004 1619 3054 amictus.
1643 3030 1672 3040 -
1696 3002 1770 3053 Alba.
1793 3029 1827 3039 -
1851 3001 1948 3065 Cingu-

1155 3088 1217 3137 lum.
1232 3112 1261 3123 ·-
1274 3085 1344 3135 Stoia
1359 3084 1442 3134 rubas
1459 3095 1517 3133 cnm
1535 3083 1690 3146 pertiustre
1702 3084 1768 3141 siue,
1779 3086 1861 3145 prout
1876 3087 1949 3133 tem·

1155 3178 1205 3229 pus
1222 3166 1310 3229 exigit.
1329 3190 1359 3201 -
1376 3163 1491 3213 Nutricis
1503 3163 1613 3212 rubeum
1630 3175 1689 3213 cum
1710 3162 1801 3226 perlis,
1812 3162 1857 3212 rei
1878 3162 1946 3221 sine,

1154 3248 1234 3307 prout
1249 3249 1354 3309 tempus
1372 3243 1490 3306 requirit.
1508 3267 1538 3279 -
1553 3241 1687 3292 Pectorale
1705 3242 1804 3305 papale.
1828 3265 1861 3279 -
1883 3241 1947 3291 Tria

1154 3323 1254 3375 biretis
1271 3336 1400 3384 rosacea,
1416 3322 1521 3373 suffulta
1538 3320 1644 3381 talieta,
1661 3322 1684 3371 si
1701 3321 1735 3370 sit
1752 3319 1864 3371 aestatis
1881 3322 1948 3370 tem·

1154 3417 1229 3467 pore,
1245 3403 1289 3453 rel
1305 3405 1328 3453 sl
1344 3403 1472 3462 hiemalis,
1483 3401 1616 3452 ermelinis
1627 3399 1757 3451 subducta
1769 3424 1798 3437 -
1810 3397 1894 3449 linum
1906 3397 1948 3446 bi·

1154 3485 1253 3532 ratium
1277 3481 1311 3533 de
1331 3480 1412 3532 sirico
1440 3480 1536 3530 album.
1559 3506 1589 3517 -
1614 3480 1689 3531 littra
1710 3479 1824 3543 tempori
1846 3489 1950 3528 coare·

1156 3562 1238 3611 olens.
1251 3586 1281 3597 -
1293 3563 1364 3610 crux
1379 3560 1491 3623 papalis.
1503 3584 1534 3597 -
1545 3558 1645 3608 Anulus
1661 3558 1803 3609 Piscatoris
1814 3555 1948 3608 i’outilloia

1156 3640 1285 3691 deiuncti.
1296 3666 1327 3675 —
1338 3639 1449 3689 cronica
1465 3638 1623 3690 Pontiiicnm.
1636 3664 1665 3675 -
1676 3639 1754 3691 bibet·
1765 3652 1814 3702 pro
1823 3638 1949 3700 oratioue

1156 3721 1215 3770 autc
1232 3720 1314 3769 altare
1331 3717 1401 3768 beati
1417 3718 1486 3768 Petri
1504 3731 1584 3782 super
1601 3717 1714 3769 eiectum
1728 3716 1880 3768 Pontificem
1904 3716 1950 3768 dl·

1155 3798 1250 3849 ceuda.
1265 3826 1295 3837 -
1312 3799 1494 3850 Faidistorlom
1512 3810 1571 3849 cum
1589 3810 1638 3848 suo
1655 3798 1771 3849 scabello
1791 3801 1819 3847 et
1841 3795 1948 3846 duobus

1154 3879 1270 3929 cussinis
1287 3892 1336 3943 pro
1353 3880 1447 3939 electo,
1464 3881 1492 3929 ut
1508 3884 1570 3930 anta
1586 3880 1669 3930 attare
1685 3877 1851 3940 praedictum
1869 3878 1897 3925 io
1914 3888 1948 3927 eo

1155 3959 1330 4023 genuflectere
1346 3960 1440 4023 possit.

1204 4041 1284 4092 Tener
1308 4053 1369 4091 aero
1399 4037 1503 4091 enatae
1529 4041 1583 4090 sine
1613 4038 1748 4089 inventarii
1781 4047 1872 4086 rerum
1899 4046 1948 4097 per

1150 4119 1261 4171 ciericos
1286 4117 1507 4169 caerimoniarum
1535 4129 1583 4178 pro
1609 4129 1657 4166 sno
1681 4119 1705 4167 at
1731 4113 1868 4167 concionis
1896 4124 1948 4163 usu

1153 4198 1361 4260 pariendarum,
1388 4197 1419 4247 ds
1444 4207 1494 4257 quo
1515 4195 1591 4246 niam
1615 4206 1696 4257 sopra
1719 4194 1747 4257 nt
1772 4192 1884 4251 nuntio,
1910 4194 1948 4241 ta-

1155 4278 1187 4327 tis
1203 4279 1250 4328 cst.

1195 4356 1291 4406 Lectus
1307 4366 1365 4404 cum
1383 4354 1589 4414 linteaminibus,
1605 4357 1714 4417 coperia
1730 4356 1757 4402 et
1773 4352 1832 4401 aliis
1857 4350 1946 4401 iorni·

1155 4439 1250 4488 mentis
1267 4461 1296 4474 ·-
1313 4434 1378 4486 Tres
1396 4439 1440 4485 aut
1456 4439 1568 4500 quatuor
1585 4433 1729 4496 lampades.
1741 4458 1765 4468 -
1788 4431 1841 4483 Una
1866 4442 1948 4495 aqua·

1154 4517 1215 4567 titia
1232 4515 1291 4573 olei,
1307 4527 1383 4577 quam
1401 4517 1440 4565 eis
1456 4517 1605 4565 ministrent
1621 4512 1714 4563 Clerici
1731 4511 1868 4571 camerae,
1887 4510 1950 4574 qui·

1155 4595 1205 4646 bus
1221 4607 1285 4646 cura
1302 4594 1436 4645 conclavis
1453 4597 1494 4643 est
1510 4593 1651 4663 commissa
1667 4604 1717 4655 pro
1733 4590 1909 4654 lampadibus.

1195 4673 1249 4724 Una
1259 4686 1339 4737 capas
1357 4673 1399 4722 rai
1408 4672 1477 4723 duae
1492 4685 1542 4735 pro
1554 4670 1713 4734 reponendis
1726 4671 1838 4733 panibus
1849 4673 1878 4721 et
1895 4668 1949 4721 bn·

1152 4754 1268 4818 lusmodi
1279 4767 1347 4818 quaa
1360 4753 1408 4804 liii.
1421 4750 1725 4803 Dominiscardioalibus
1741 4750 1850 4814 singuiis
1867 4762 1948 4812 pran-

1155 4834 1206 4885 diis
1222 4838 1250 4885 ιι
1265 4836 1354 4885 coenis
1370 4833 1512 4897 supersint.

1198 4912 1249 4963 ilua
1268 4914 1309 4963 sei
1324 4913 1414 4975 piures
1426 4924 1524 4975 parvae
1542 4911 1703 4970 butticulas,
1712 4909 1833 4967 mundae,
1845 4919 1948 4957 vacuae

1156 5004 1205 5056 pro
1221 4992 1375 5056 reponendo
1392 4990 1452 5041 rino
1468 4991 1538 5054 quod
1561 4989 1744 5042 cardinalibus
1761 4994 1887 5050 utsupra
1904 5000 1948 5037 su·

1157 5075 1256 5134 perest.
1273 5072 1400 5122 ordinent
1416 5072 1485 5135 quod
1501 5072 1553 5122 duo
1571 5072 1613 5121 vei
1626 5075 1681 5121 tres
1698 5070 1841 5121 inmitiares
1853 5081 1946 5119 eorum

1157 5154 1234 5203 extra
1250 5151 1419 5210 conclavem,
1441 5152 1514 5201 boris
1535 5162 1633 5202 coenae
1656 5155 1682 5201 at
1707 5150 1811 5215 prandii
1838 5149 1947 5200 reaiaut

1156 5243 1205 5293 pro
1223 5231 1341 5293 reliquiis
1358 5232 1474 5280 carnium
1489 5235 1516 5281 et
1532 5231 1641 5281 aliorum
1653 5228 1865 5286 comestibilium,
1878 5238 1948 5291 qnae

1157 5314 1392 5373 supermauserunt
1408 5320 1435 5360 et
1451 5313 1606 5362 conservari
1622 5324 1674 5362 nou
1691 5312 1812 5373 possunt,
1830 5321 1859 5358 ac
1868 5310 1947 5357 extra

1156 5390 1283 5441 conclave
1300 5391 1479 5452 porriguniur.

1197 5472 1234 5529 (t)
1244 5468 1374 5519 Adnotatu
1386 5468 1427 5519 bic
1439 5484 1453 5519 a
1464 5470 1617 5521 burchardo
1627 5484 1675 5534 pro
1688 5468 1856 5520 caerimoniis
1868 5478 1949 5529 prae·

1156 5548 1291 5612 parandis,
1306 5549 1332 5598 iu
1349 5547 1495 5611 appendice
1512 5549 1678 5602 ireslocanda
1702 5550 1799 5599 bouum
1811 5560 1871 5597 esse
1888 5546 1949 5597 exi·

1158 5630 1261 5678 stimant
1271 5639 1345 5688 ,cum
1363 5628 1389 5678 io
1407 5629 1587 5683 coronationis
1600 5630 1777 5695 descriptione
1792 5628 1846 5679 lere
1859 5624 1947 5676 omnia

1158 5708 1269 5761 recitata
1285 5706 1382 5759 iterum
1399 5707 1462 5761 sint.
