<?xml version="1.0" encoding="UTF-8"?>
<!DOCTYPE html PUBLIC "-//W3C//DTD XHTML 1.0 Transitional//EN"
    "http://www.w3.org/TR/xhtml1/DTD/xhtml1-transitional.dtd">
<html xmlns="http://www.w3.org/1999/xhtml" xml:lang="en" lang="en">
 <head>
  <title>
</title>
<meta http-equiv="Content-Type" content="text/html;charset=utf-8" />
  <meta name='ocr-system' content='tesseract 3.04.00' />
  <meta name='ocr-capabilities' content='ocr_page ocr_carea ocr_par ocr_line ocrx_word'/>
</head>
<body>
  <div class='ocr_page' id='page_1' title='image "./johannisburchar01burcgoog/johannisburchar01burcgoog_0055.png"; bbox 0 0 4492 6859; ppageno 0'>
   <div class='ocr_carea' id='block_1_1' title="bbox 296 650 416 736">
    <p class='ocr_par' dir='ltr' id='par_1_1' title="bbox 296 650 416 736">
     <span class='ocr_line' id='line_1_1' title="bbox 296 650 416 736; baseline 0.008 -21"><span class='ocrx_word' id='word_1_1' title='bbox 296 650 416 736; x_wconf 77' lang='lat' dir='ltr'>(risi)</span> 
     </span>
    </p>
   </div>
   <div class='ocr_carea' id='block_1_2' title="bbox 294 781 1091 3464">
    <p class='ocr_par' dir='ltr' id='par_1_2' title="bbox 294 781 1091 3464">
     <span class='ocr_line' id='line_1_2' title="bbox 304 781 1089 867; baseline -0.006 -19"><span class='ocrx_word' id='word_1_2' title='bbox 304 784 520 849; x_wconf 74' lang='lat' dir='ltr'>conservatione</span> <span class='ocrx_word' id='word_1_3' title='bbox 535 781 581 867; x_wconf 86' lang='lat' dir='ltr'>(l)</span> <span class='ocrx_word' id='word_1_4' title='bbox 591 793 682 845; x_wconf 90' lang='lat' dir='ltr'>status</span> <span class='ocrx_word' id='word_1_5' title='bbox 696 783 866 846; x_wconf 84' lang='lat' dir='ltr'>universatis</span> <span class='ocrx_word' id='word_1_6' title='bbox 880 782 1024 845; x_wconf 79' lang='lat' dir='ltr'>Ecclesiae</span> <span class='ocrx_word' id='word_1_7' title='bbox 1035 782 1089 861; x_wconf 78' lang='lat' dir='ltr'>ju·</span> 
     </span>
     <span class='ocr_line' id='line_1_3' title="bbox 300 881 1089 964; baseline 0.001 -19"><span class='ocrx_word' id='word_1_8' title='bbox 300 904 426 960; x_wconf 91' lang='lat' dir='ltr'>ramus,</span> <span class='ocrx_word' id='word_1_9' title='bbox 454 896 483 946; x_wconf 91' lang='lat' dir='ltr'>et</span> <span class='ocrx_word' id='word_1_10' title='bbox 503 902 642 946; x_wconf 89' lang='lat' dir='ltr'>vovemus</span> <span class='ocrx_word' id='word_1_11' title='bbox 666 881 727 947; x_wconf 86' lang='lat' dir='ltr'>Deo</span> <span class='ocrx_word' id='word_1_12' title='bbox 748 884 955 964; x_wconf 67' lang='lat' dir='ltr'><strong>omnipotenti,</strong></span> <span class='ocrx_word' id='word_1_13' title='bbox 977 882 1089 946; x_wconf 85' lang='lat' dir='ltr'>Sanctis</span> 
     </span>
     <span class='ocr_line' id='line_1_4' title="bbox 299 984 1089 1066; baseline -0.004 -18"><span class='ocrx_word' id='word_1_14' title='bbox 299 986 443 1065; x_wconf 83' lang='lat' dir='ltr'>apostolis</span> <span class='ocrx_word' id='word_1_15' title='bbox 469 985 557 1048; x_wconf 90' lang='lat' dir='ltr'>Petro</span> <span class='ocrx_word' id='word_1_16' title='bbox 570 996 601 1047; x_wconf 93' lang='lat' dir='ltr'>et</span> <span class='ocrx_word' id='word_1_17' title='bbox 618 984 729 1059; x_wconf 90' lang='lat' dir='ltr'>Paulo,</span> <span class='ocrx_word' id='word_1_18' title='bbox 745 996 833 1066; x_wconf 90' lang='lat' dir='ltr'>atque</span> <span class='ocrx_word' id='word_1_19' title='bbox 853 986 985 1046; x_wconf 87' lang='lat' dir='ltr'>omnibus</span> <span class='ocrx_word' id='word_1_20' title='bbox 1012 984 1089 1047; x_wconf 90' lang='lat' dir='ltr'>San-</span> 
     </span>
     <span class='ocr_line' id='line_1_5' title="bbox 298 1084 1089 1166; baseline 0 -18"><span class='ocrx_word' id='word_1_21' title='bbox 298 1087 353 1148; x_wconf 90' lang='lat' dir='ltr'>ctis</span> <span class='ocrx_word' id='word_1_22' title='bbox 372 1084 519 1147; x_wconf 80' lang='lat' dir='ltr'>Ecclesiae</span> <span class='ocrx_word' id='word_1_23' title='bbox 539 1104 607 1147; x_wconf 87' lang='lat' dir='ltr'>suae</span> <span class='ocrx_word' id='word_1_24' title='bbox 633 1096 748 1148; x_wconf 89' lang='lat' dir='ltr'>sanctae</span> <span class='ocrx_word' id='word_1_25' title='bbox 773 1085 988 1166; x_wconf 73' lang='lat' dir='ltr'>promittimus,</span> <span class='ocrx_word' id='word_1_26' title='bbox 1011 1087 1089 1162; x_wconf 91' lang='lat' dir='ltr'>quod</span> 
     </span>
     <span class='ocr_line' id='line_1_6' title="bbox 298 1185 1089 1266; baseline 0.006 -21"><span class='ocrx_word' id='word_1_27' title='bbox 298 1188 322 1245; x_wconf 93' lang='lat' dir='ltr'>si</span> <span class='ocrx_word' id='word_1_28' title='bbox 341 1185 444 1264; x_wconf 89' lang='lat' dir='ltr'>aliquis</span> <span class='ocrx_word' id='word_1_29' title='bbox 464 1204 499 1246; x_wconf 86' lang='lat' dir='ltr'>ex</span> <span class='ocrx_word' id='word_1_30' title='bbox 514 1185 594 1247; x_wconf 90' lang='lat' dir='ltr'>uobis</span> <span class='ocrx_word' id='word_1_31' title='bbox 612 1187 721 1248; x_wconf 90' lang='lat' dir='ltr'>electus</span> <span class='ocrx_word' id='word_1_32' title='bbox 740 1186 830 1247; x_wconf 88' lang='lat' dir='ltr'>fuerit</span> <span class='ocrx_word' id='word_1_33' title='bbox 845 1187 873 1245; x_wconf 93' lang='lat' dir='ltr'>in</span> <span class='ocrx_word' id='word_1_34' title='bbox 887 1185 1006 1265; x_wconf 87' lang='lat' dir='ltr'>Papam,</span> <span class='ocrx_word' id='word_1_35' title='bbox 1026 1198 1089 1266; x_wconf 91' lang='lat' dir='ltr'>post</span> 
     </span>
     <span class='ocr_line' id='line_1_7' title="bbox 298 1285 1089 1364; baseline 0.001 -17"><span class='ocrx_word' id='word_1_36' title='bbox 298 1286 519 1348; x_wconf 78' lang='lat' dir='ltr'>celebrationem</span> <span class='ocrx_word' id='word_1_37' title='bbox 533 1287 569 1347; x_wconf 90' lang='lat' dir='ltr'>de</span> <span class='ocrx_word' id='word_1_38' title='bbox 586 1307 617 1350; x_wconf 87' lang='lat' dir='ltr'>se</span> <span class='ocrx_word' id='word_1_39' title='bbox 631 1288 748 1360; x_wconf 90' lang='lat' dir='ltr'>factam,</span> <span class='ocrx_word' id='word_1_40' title='bbox 760 1287 855 1347; x_wconf 92' lang='lat' dir='ltr'>statim</span> <span class='ocrx_word' id='word_1_41' title='bbox 870 1285 981 1364; x_wconf 85' lang='lat' dir='ltr'>jurabit</span> <span class='ocrx_word' id='word_1_42' title='bbox 992 1297 1022 1348; x_wconf 92' lang='lat' dir='ltr'>et</span> <span class='ocrx_word' id='word_1_43' title='bbox 1032 1306 1089 1347; x_wconf 84' lang='lat' dir='ltr'>vo·</span> 
     </span>
     <span class='ocr_line' id='line_1_8' title="bbox 297 1384 1088 1468; baseline 0.004 -23"><span class='ocrx_word' id='word_1_44' title='bbox 297 1386 377 1449; x_wconf 89' lang='lat' dir='ltr'>vebit</span> <span class='ocrx_word' id='word_1_45' title='bbox 397 1405 487 1467; x_wconf 85' lang='lat' dir='ltr'>pure,</span> <span class='ocrx_word' id='word_1_46' title='bbox 512 1387 681 1468; x_wconf 84' lang='lat' dir='ltr'>simpliciter</span> <span class='ocrx_word' id='word_1_47' title='bbox 700 1398 729 1448; x_wconf 89' lang='lat' dir='ltr'>ct</span> <span class='ocrx_word' id='word_1_48' title='bbox 748 1385 823 1446; x_wconf 91' lang='lat' dir='ltr'>bona</span> <span class='ocrx_word' id='word_1_49' title='bbox 844 1384 899 1448; x_wconf 83' lang='lat' dir='ltr'>fide</span> <span class='ocrx_word' id='word_1_50' title='bbox 920 1405 1039 1449; x_wconf 86' lang='lat' dir='ltr'>servare</span> <span class='ocrx_word' id='word_1_51' title='bbox 1059 1399 1088 1449; x_wconf 91' lang='lat' dir='ltr'>et</span> 
     </span>
     <span class='ocr_line' id='line_1_9' title="bbox 297 1486 1086 1568; baseline -0.001 -20"><span class='ocrx_word' id='word_1_52' title='bbox 297 1506 417 1549; x_wconf 86' lang='lat' dir='ltr'>serrare</span> <span class='ocrx_word' id='word_1_53' title='bbox 442 1488 549 1561; x_wconf 89' lang='lat' dir='ltr'>facere,</span> <span class='ocrx_word' id='word_1_54' title='bbox 563 1498 592 1548; x_wconf 91' lang='lat' dir='ltr'>et</span> <span class='ocrx_word' id='word_1_55' title='bbox 606 1504 675 1550; x_wconf 91' lang='lat' dir='ltr'>cum</span> <span class='ocrx_word' id='word_1_56' title='bbox 688 1486 791 1549; x_wconf 77' lang='lat' dir='ltr'>effectu</span> <span class='ocrx_word' id='word_1_57' title='bbox 812 1486 969 1568; x_wconf 88' lang='lat' dir='ltr'>adimplere</span> <span class='ocrx_word' id='word_1_58' title='bbox 988 1489 1086 1551; x_wconf 89' lang='lat' dir='ltr'>omnia</span> 
     </span>
     <span class='ocr_line' id='line_1_10' title="bbox 295 1587 1086 1670; baseline 0.001 -21"><span class='ocrx_word' id='word_1_59' title='bbox 295 1597 324 1650; x_wconf 89' lang='lat' dir='ltr'>et</span> <span class='ocrx_word' id='word_1_60' title='bbox 344 1588 460 1668; x_wconf 87' lang='lat' dir='ltr'>singula</span> <span class='ocrx_word' id='word_1_61' title='bbox 481 1589 606 1669; x_wconf 90' lang='lat' dir='ltr'>capitula</span> <span class='ocrx_word' id='word_1_62' title='bbox 627 1587 832 1670; x_wconf 90' lang='lat' dir='ltr'>infrascripta,</span> <span class='ocrx_word' id='word_1_63' title='bbox 852 1606 906 1649; x_wconf 91' lang='lat' dir='ltr'>nec</span> <span class='ocrx_word' id='word_1_64' title='bbox 933 1606 991 1650; x_wconf 90' lang='lat' dir='ltr'>non</span> <span class='ocrx_word' id='word_1_65' title='bbox 1011 1589 1086 1651; x_wconf 89' lang='lat' dir='ltr'>infre</span> 
     </span>
     <span class='ocr_line' id='line_1_11' title="bbox 296 1687 1087 1769; baseline 0.004 -22"><span class='ocrx_word' id='word_1_66' title='bbox 296 1697 357 1749; x_wconf 88' lang='lat' dir='ltr'>tres</span> <span class='ocrx_word' id='word_1_67' title='bbox 372 1688 430 1750; x_wconf 90' lang='lat' dir='ltr'>dies</span> <span class='ocrx_word' id='word_1_68' title='bbox 441 1700 504 1769; x_wconf 87' lang='lat' dir='ltr'>post</span> <span class='ocrx_word' id='word_1_69' title='bbox 521 1688 735 1750; x_wconf 72' lang='lat' dir='ltr'>coronationem</span> <span class='ocrx_word' id='word_1_70' title='bbox 755 1706 837 1749; x_wconf 91' lang='lat' dir='ltr'>suam</span> <span class='ocrx_word' id='word_1_71' title='bbox 859 1687 928 1751; x_wconf 89' lang='lat' dir='ltr'>dare</span> <span class='ocrx_word' id='word_1_72' title='bbox 944 1699 1004 1750; x_wconf 84' lang='lat' dir='ltr'>tres</span> <span class='ocrx_word' id='word_1_73' title='bbox 1018 1689 1087 1750; x_wconf 88' lang='lat' dir='ltr'>bul-</span> 
     </span>
     <span class='ocr_line' id='line_1_12' title="bbox 296 1786 1088 1869; baseline 0.005 -22"><span class='ocrx_word' id='word_1_74' title='bbox 296 1788 339 1848; x_wconf 91' lang='lat' dir='ltr'>las</span> <span class='ocrx_word' id='word_1_75' title='bbox 353 1786 480 1866; x_wconf 85' lang='lat' dir='ltr'>ejusdem</span> <span class='ocrx_word' id='word_1_76' title='bbox 500 1790 605 1853; x_wconf 89' lang='lat' dir='ltr'>tenoris</span> <span class='ocrx_word' id='word_1_77' title='bbox 621 1789 779 1853; x_wconf 87' lang='lat' dir='ltr'>secundum</span> <span class='ocrx_word' id='word_1_78' title='bbox 798 1788 922 1869; x_wconf 89' lang='lat' dir='ltr'>capitula</span> <span class='ocrx_word' id='word_1_79' title='bbox 936 1789 1088 1851; x_wconf 89' lang='lat' dir='ltr'>infrascri-</span> 
     </span>
     <span class='ocr_line' id='line_1_13' title="bbox 297 1890 1086 1970; baseline 0.001 -21"><span class='ocrx_word' id='word_1_80' title='bbox 297 1900 349 1969; x_wconf 90' lang='lat' dir='ltr'>pta</span> <span class='ocrx_word' id='word_1_81' title='bbox 368 1890 404 1949; x_wconf 89' lang='lat' dir='ltr'>ad</span> <span class='ocrx_word' id='word_1_82' title='bbox 422 1900 590 1970; x_wconf 88' lang='lat' dir='ltr'>perpetuam</span> <span class='ocrx_word' id='word_1_83' title='bbox 609 1892 651 1954; x_wconf 88' lang='lat' dir='ltr'>rei</span> <span class='ocrx_word' id='word_1_84' title='bbox 672 1891 851 1965; x_wconf 88' lang='lat' dir='ltr'>memoriam,</span> <span class='ocrx_word' id='word_1_85' title='bbox 871 1890 1007 1954; x_wconf 89' lang='lat' dir='ltr'>habentes</span> <span class='ocrx_word' id='word_1_86' title='bbox 1028 1892 1086 1952; x_wconf 92' lang='lat' dir='ltr'>vim</span> 
     </span>
     <span class='ocr_line' id='line_1_14' title="bbox 296 1988 1087 2073; baseline 0.005 -26"><span class='ocrx_word' id='word_1_87' title='bbox 296 1988 447 2051; x_wconf 87' lang='lat' dir='ltr'>decretalis</span> <span class='ocrx_word' id='word_1_88' title='bbox 466 2002 496 2054; x_wconf 89' lang='lat' dir='ltr'>ct</span> <span class='ocrx_word' id='word_1_89' title='bbox 515 1992 725 2054; x_wconf 79' lang='lat' dir='ltr'>constitutionis</span> <span class='ocrx_word' id='word_1_90' title='bbox 749 2004 905 2073; x_wconf 79' lang='lat' dir='ltr'>perpetuae</span> <span class='ocrx_word' id='word_1_91' title='bbox 934 1992 1087 2053; x_wconf 79' lang='lat' dir='ltr'>inuiolabi-</span> 
     </span>
     <span class='ocr_line' id='line_1_15' title="bbox 297 2091 1086 2174; baseline 0.005 -24"><span class='ocrx_word' id='word_1_92' title='bbox 297 2092 362 2152; x_wconf 92' lang='lat' dir='ltr'>liter</span> <span class='ocrx_word' id='word_1_93' title='bbox 376 2091 570 2153; x_wconf 82' lang='lat' dir='ltr'>observandae</span> <span class='ocrx_word' id='word_1_94' title='bbox 585 2111 653 2154; x_wconf 86' lang='lat' dir='ltr'>cuna</span> <span class='ocrx_word' id='word_1_95' title='bbox 668 2092 784 2156; x_wconf 87' lang='lat' dir='ltr'>decreto</span> <span class='ocrx_word' id='word_1_96' title='bbox 796 2095 939 2170; x_wconf 86' lang='lat' dir='ltr'>irritante,</span> <span class='ocrx_word' id='word_1_97' title='bbox 956 2094 979 2153; x_wconf 93' lang='lat' dir='ltr'>si</span> <span class='ocrx_word' id='word_1_98' title='bbox 999 2096 1086 2174; x_wconf 90' lang='lat' dir='ltr'>quid·</span> 
     </span>
     <span class='ocr_line' id='line_1_16' title="bbox 297 2191 1087 2272; baseline 0.006 -22"><span class='ocrx_word' id='word_1_99' title='bbox 297 2208 384 2268; x_wconf 93' lang='lat' dir='ltr'>quam</span> <span class='ocrx_word' id='word_1_100' title='bbox 400 2209 484 2252; x_wconf 90' lang='lat' dir='ltr'>secus</span> <span class='ocrx_word' id='word_1_101' title='bbox 498 2191 607 2254; x_wconf 89' lang='lat' dir='ltr'>factum</span> <span class='ocrx_word' id='word_1_102' title='bbox 625 2191 724 2266; x_wconf 91' lang='lat' dir='ltr'>fuerit,</span> <span class='ocrx_word' id='word_1_103' title='bbox 742 2194 785 2256; x_wconf 83' lang='lat' dir='ltr'>rel</span> <span class='ocrx_word' id='word_1_104' title='bbox 802 2194 832 2254; x_wconf 89' lang='lat' dir='ltr'>iu</span> <span class='ocrx_word' id='word_1_105' title='bbox 852 2194 950 2272; x_wconf 88' lang='lat' dir='ltr'>aliquo</span> <span class='ocrx_word' id='word_1_106' title='bbox 966 2205 1087 2255; x_wconf 91' lang='lat' dir='ltr'>contra·</span> 
     </span>
     <span class='ocr_line' id='line_1_17' title="bbox 297 2290 1087 2376; baseline 0.011 -27"><span class='ocrx_word' id='word_1_107' title='bbox 297 2292 395 2351; x_wconf 90' lang='lat' dir='ltr'>venire</span> <span class='ocrx_word' id='word_1_108' title='bbox 407 2291 453 2351; x_wconf 89' lang='lat' dir='ltr'>vel</span> <span class='ocrx_word' id='word_1_109' title='bbox 470 2290 642 2370; x_wconf 89' lang='lat' dir='ltr'>dispensare,</span> <span class='ocrx_word' id='word_1_110' title='bbox 657 2293 709 2353; x_wconf 89' lang='lat' dir='ltr'>nisi</span> <span class='ocrx_word' id='word_1_111' title='bbox 725 2304 815 2373; x_wconf 90' lang='lat' dir='ltr'>prout</span> <span class='ocrx_word' id='word_1_112' title='bbox 829 2293 903 2355; x_wconf 85' lang='lat' dir='ltr'>irrfra</span> <span class='ocrx_word' id='word_1_113' title='bbox 921 2294 948 2355; x_wconf 93' lang='lat' dir='ltr'>in</span> <span class='ocrx_word' id='word_1_114' title='bbox 967 2296 1087 2376; x_wconf 78' lang='lat' dir='ltr'>singuiis</span> 
     </span>
     <span class='ocr_line' id='line_1_18' title="bbox 296 2390 1087 2471; baseline 0.01 -20"><span class='ocrx_word' id='word_1_115' title='bbox 296 2390 435 2469; x_wconf 77' lang='lat' dir='ltr'>capitibus</span> <span class='ocrx_word' id='word_1_116' title='bbox 448 2392 639 2471; x_wconf 75' lang='lat' dir='ltr'>exprimetur,</span> <span class='ocrx_word' id='word_1_117' title='bbox 652 2404 684 2455; x_wconf 92' lang='lat' dir='ltr'>et</span> <span class='ocrx_word' id='word_1_118' title='bbox 696 2393 751 2456; x_wconf 90' lang='lat' dir='ltr'>hoc</span> <span class='ocrx_word' id='word_1_119' title='bbox 767 2413 834 2457; x_wconf 90' lang='lat' dir='ltr'>cum</span> <span class='ocrx_word' id='word_1_120' title='bbox 850 2396 978 2469; x_wconf 88' lang='lat' dir='ltr'>consilio,</span> <span class='ocrx_word' id='word_1_121' title='bbox 992 2409 1022 2459; x_wconf 89' lang='lat' dir='ltr'>et</span> <span class='ocrx_word' id='word_1_122' title='bbox 1036 2416 1087 2458; x_wconf 89' lang='lat' dir='ltr'>as·</span> 
     </span>
     <span class='ocr_line' id='line_1_19' title="bbox 295 2488 1086 2576; baseline 0.01 -23"><span class='ocrx_word' id='word_1_123' title='bbox 295 2509 379 2553; x_wconf 85' lang='lat' dir='ltr'>sensu</span> <span class='ocrx_word' id='word_1_124' title='bbox 398 2488 516 2568; x_wconf 85' lang='lat' dir='ltr'>majoris</span> <span class='ocrx_word' id='word_1_125' title='bbox 545 2494 636 2574; x_wconf 89' lang='lat' dir='ltr'>partis</span> <span class='ocrx_word' id='word_1_126' title='bbox 662 2493 845 2556; x_wconf 90' lang='lat' dir='ltr'>dominorum</span> <span class='ocrx_word' id='word_1_127' title='bbox 866 2496 1086 2576; x_wconf 85' lang='lat' dir='ltr'>Cardinaliutn,</span> 
     </span>
     <span class='ocr_line' id='line_1_20' title="bbox 296 2592 1087 2679; baseline 0.016 -29"><span class='ocrx_word' id='word_1_128' title='bbox 296 2592 348 2669; x_wconf 92' lang='lat' dir='ltr'>qai</span> <span class='ocrx_word' id='word_1_129' title='bbox 374 2592 403 2651; x_wconf 91' lang='lat' dir='ltr'>in</span> <span class='ocrx_word' id='word_1_130' title='bbox 433 2592 560 2670; x_wconf 86' lang='lat' dir='ltr'>quolibet</span> <span class='ocrx_word' id='word_1_131' title='bbox 586 2593 713 2675; x_wconf 91' lang='lat' dir='ltr'>capitulo</span> <span class='ocrx_word' id='word_1_132' title='bbox 732 2595 950 2672; x_wconf 72' lang='lat' dir='ltr'>declarabitur,</span> <span class='ocrx_word' id='word_1_133' title='bbox 972 2599 1006 2661; x_wconf 92' lang='lat' dir='ltr'>de</span> <span class='ocrx_word' id='word_1_134' title='bbox 1028 2619 1087 2679; x_wconf 93' lang='lat' dir='ltr'>quo</span> 
     </span>
     <span class='ocr_line' id='line_1_21' title="bbox 298 2691 1086 2777; baseline 0.015 -26"><span class='ocrx_word' id='word_1_135' title='bbox 298 2691 413 2770; x_wconf 86' lang='lat' dir='ltr'>quidem</span> <span class='ocrx_word' id='word_1_136' title='bbox 432 2710 569 2756; x_wconf 79' lang='lat' dir='ltr'>comensu</span> <span class='ocrx_word' id='word_1_137' title='bbox 586 2706 696 2755; x_wconf 90' lang='lat' dir='ltr'>constet</span> <span class='ocrx_word' id='word_1_138' title='bbox 709 2714 760 2775; x_wconf 87' lang='lat' dir='ltr'>per</span> <span class='ocrx_word' id='word_1_139' title='bbox 776 2695 1015 2777; x_wconf 80' lang='lat' dir='ltr'>subscriptionem</span> <span class='ocrx_word' id='word_1_140' title='bbox 1031 2700 1086 2762; x_wconf 92' lang='lat' dir='ltr'>do·</span> 
     </span>
     <span class='ocr_line' id='line_1_22' title="bbox 295 2792 1086 2881; baseline 0.014 -28"><span class='ocrx_word' id='word_1_141' title='bbox 295 2794 442 2854; x_wconf 90' lang='lat' dir='ltr'>minorum</span> <span class='ocrx_word' id='word_1_142' title='bbox 458 2792 655 2856; x_wconf 73' lang='lat' dir='ltr'>cardinalium</span> <span class='ocrx_word' id='word_1_143' title='bbox 669 2793 731 2877; x_wconf 54' lang='grc' dir='ltr'>(ῆς</span> <span class='ocrx_word' id='word_1_144' title='bbox 746 2815 850 2875; x_wconf 90' lang='lat' dir='ltr'>easque</span> <span class='ocrx_word' id='word_1_145' title='bbox 865 2798 957 2862; x_wconf 85' lang='lat' dir='ltr'>balias</span> <span class='ocrx_word' id='word_1_146' title='bbox 969 2801 1086 2881; x_wconf 88' lang='lat' dir='ltr'>praedi-</span> 
     </span>
     <span class='ocr_line' id='line_1_23' title="bbox 297 2897 1084 2977; baseline 0.017 -23"><span class='ocrx_word' id='word_1_147' title='bbox 297 2905 359 2955; x_wconf 92' lang='lat' dir='ltr'>ctas</span> <span class='ocrx_word' id='word_1_148' title='bbox 378 2905 474 2956; x_wconf 86' lang='lat' dir='ltr'>tenere</span> <span class='ocrx_word' id='word_1_149' title='bbox 495 2905 523 2954; x_wconf 88' lang='lat' dir='ltr'>et</span> <span class='ocrx_word' id='word_1_150' title='bbox 542 2913 714 2959; x_wconf 88' lang='lat' dir='ltr'>conservare</span> <span class='ocrx_word' id='word_1_151' title='bbox 732 2897 810 2977; x_wconf 90' lang='lat' dir='ltr'>apud</span> <span class='ocrx_word' id='word_1_152' title='bbox 831 2918 861 2959; x_wconf 88' lang='lat' dir='ltr'>se</span> <span class='ocrx_word' id='word_1_153' title='bbox 883 2899 1003 2963; x_wconf 89' lang='lat' dir='ltr'>debeant</span> <span class='ocrx_word' id='word_1_154' title='bbox 1026 2913 1084 2966; x_wconf 88' lang='lat' dir='ltr'>tres</span> 
     </span>
     <span class='ocr_line' id='line_1_24' title="bbox 298 2991 1086 3082; baseline 0.013 -26"><span class='ocrx_word' id='word_1_155' title='bbox 298 2993 467 3056; x_wconf 90' lang='lat' dir='ltr'>Cardinales</span> <span class='ocrx_word' id='word_1_156' title='bbox 485 2991 640 3072; x_wconf 87' lang='lat' dir='ltr'>cujuslibet</span> <span class='ocrx_word' id='word_1_157' title='bbox 660 2997 768 3059; x_wconf 86' lang='lat' dir='ltr'>ordinis</span> <span class='ocrx_word' id='word_1_158' title='bbox 785 3003 908 3079; x_wconf 88' lang='lat' dir='ltr'>priores,</span> <span class='ocrx_word' id='word_1_159' title='bbox 918 3001 954 3062; x_wconf 92' lang='lat' dir='ltr'>ad</span> <span class='ocrx_word' id='word_1_160' title='bbox 970 3004 1086 3082; x_wconf 86' lang='lat' dir='ltr'>petitio·</span> 
     </span>
     <span class='ocr_line' id='line_1_25' title="bbox 294 3095 1085 3183; baseline 0.01 -25"><span class='ocrx_word' id='word_1_161' title='bbox 294 3114 360 3158; x_wconf 83' lang='lat' dir='ltr'>item</span> <span class='ocrx_word' id='word_1_162' title='bbox 371 3095 457 3157; x_wconf 88' lang='lat' dir='ltr'>Sacri</span> <span class='ocrx_word' id='word_1_163' title='bbox 467 3095 600 3176; x_wconf 79' lang='lat' dir='ltr'>Collcgii,</span> <span class='ocrx_word' id='word_1_164' title='bbox 612 3109 640 3159; x_wconf 90' lang='lat' dir='ltr'>et</span> <span class='ocrx_word' id='word_1_165' title='bbox 652 3099 723 3160; x_wconf 92' lang='lat' dir='ltr'>nulli</span> <span class='ocrx_word' id='word_1_166' title='bbox 735 3118 862 3179; x_wconf 89' lang='lat' dir='ltr'>unquam</span> <span class='ocrx_word' id='word_1_167' title='bbox 877 3120 926 3162; x_wconf 87' lang='lat' dir='ltr'>eas</span> <span class='ocrx_word' id='word_1_168' title='bbox 940 3102 1085 3183; x_wconf 85' lang='lat' dir='ltr'>assignare</span> 
     </span>
     <span class='ocr_line' id='line_1_26' title="bbox 294 3197 1041 3279; baseline 0.007 -21"><span class='ocrx_word' id='word_1_169' title='bbox 294 3197 355 3259; x_wconf 91' lang='lat' dir='ltr'>sinc</span> <span class='ocrx_word' id='word_1_170' title='bbox 373 3198 503 3259; x_wconf 91' lang='lat' dir='ltr'>omnium</span> <span class='ocrx_word' id='word_1_171' title='bbox 524 3197 720 3260; x_wconf 84' lang='lat' dir='ltr'>Cardinalium</span> <span class='ocrx_word' id='word_1_172' title='bbox 740 3218 873 3279; x_wconf 88' lang='lat' dir='ltr'>expresso</span> <span class='ocrx_word' id='word_1_173' title='bbox 894 3219 1041 3263; x_wconf 90' lang='lat' dir='ltr'>consensu.</span> 
     </span>
     <span class='ocr_line' id='line_1_27' title="bbox 337 3295 1091 3379; baseline 0.008 -22"><span class='ocrx_word' id='word_1_174' title='bbox 337 3298 370 3357; x_wconf 88' lang='lat' dir='ltr'>ln</span> <span class='ocrx_word' id='word_1_175' title='bbox 389 3297 490 3377; x_wconf 91' lang='lat' dir='ltr'>primis</span> <span class='ocrx_word' id='word_1_176' title='bbox 507 3295 640 3377; x_wconf 74' lang='lat' dir='ltr'>iurabit,</span> <span class='ocrx_word' id='word_1_177' title='bbox 661 3310 692 3362; x_wconf 88' lang='lat' dir='ltr'>ct</span> <span class='ocrx_word' id='word_1_178' title='bbox 711 3302 860 3379; x_wconf 91' lang='lat' dir='ltr'>promittet</span> <span class='ocrx_word' id='word_1_179' title='bbox 880 3300 957 3379; x_wconf 92' lang='lat' dir='ltr'>quod</span> <span class='ocrx_word' id='word_1_180' title='bbox 970 3346 979 3376; x_wconf 93' lang='lat'>,</span> <span class='ocrx_word' id='word_1_181' title='bbox 994 3301 1091 3364; x_wconf 88' lang='lat' dir='ltr'>adre·.</span> 
     </span>
     <span class='ocr_line' id='line_1_28' title="bbox 296 3399 1086 3464; baseline 0.006 -4"><span class='ocrx_word' id='word_1_182' title='bbox 296 3400 389 3461; x_wconf 86' lang='lat' dir='ltr'>nieme</span> <span class='ocrx_word' id='word_1_183' title='bbox 399 3416 467 3459; x_wconf 87' lang='lat' dir='ltr'>casu</span> <span class='ocrx_word' id='word_1_184' title='bbox 482 3399 654 3462; x_wconf 83' lang='lat' dir='ltr'>necessitatis</span> <span class='ocrx_word' id='word_1_185' title='bbox 663 3400 847 3462; x_wconf 89' lang='lat' dir='ltr'>subveniendi</span> <span class='ocrx_word' id='word_1_186' title='bbox 860 3400 989 3462; x_wconf 88' lang='lat' dir='ltr'>fidelibus</span> <span class='ocrx_word' id='word_1_187' title='bbox 1001 3403 1086 3464; x_wconf 84' lang='lat' dir='ltr'>cbri-</span> 
     </span>
    </p>
   </div>
   <div class='ocr_carea' id='block_1_3' title="bbox 295 3498 1090 4089">
    <p class='ocr_par' dir='ltr' id='par_1_3' title="bbox 295 3498 1090 4089">
     <span class='ocr_line' id='line_1_29' title="bbox 296 3498 1086 3582; baseline 0.008 -22"><span class='ocrx_word' id='word_1_188' title='bbox 296 3499 415 3572; x_wconf 90' lang='lat' dir='ltr'>stianis,</span> <span class='ocrx_word' id='word_1_189' title='bbox 431 3498 472 3559; x_wconf 87' lang='lat' dir='ltr'>ad</span> <span class='ocrx_word' id='word_1_190' title='bbox 495 3518 598 3561; x_wconf 92' lang='lat' dir='ltr'>eorum</span> <span class='ocrx_word' id='word_1_191' title='bbox 625 3499 815 3563; x_wconf 79' lang='lat' dir='ltr'>defensionem</span> <span class='ocrx_word' id='word_1_192' title='bbox 836 3513 939 3564; x_wconf 90' lang='lat' dir='ltr'>contra</span> <span class='ocrx_word' id='word_1_193' title='bbox 960 3503 1086 3582; x_wconf 88' lang='lat' dir='ltr'>perfidos</span> 
     </span>
     <span class='ocr_line' id='line_1_30' title="bbox 296 3598 1086 3665; baseline 0.005 -4"><span class='ocrx_word' id='word_1_194' title='bbox 296 3599 410 3661; x_wconf 88' lang='lat' dir='ltr'>Turcaa</span> <span class='ocrx_word' id='word_1_195' title='bbox 444 3598 519 3660; x_wconf 87' lang='lat' dir='ltr'>idern</span> <span class='ocrx_word' id='word_1_196' title='bbox 556 3598 758 3664; x_wconf 83' lang='lat' dir='ltr'>Sanctissimae</span> <span class='ocrx_word' id='word_1_197' title='bbox 792 3601 924 3664; x_wconf 88' lang='lat' dir='ltr'>dominus</span> <span class='ocrx_word' id='word_1_198' title='bbox 956 3601 1086 3665; x_wconf 76' lang='lat' dir='ltr'>Pontifex</span> 
     </span>
     <span class='ocr_line' id='line_1_31' title="bbox 295 3700 1088 3784; baseline 0.006 -24"><span class='ocrx_word' id='word_1_199' title='bbox 295 3717 395 3762; x_wconf 90' lang='lat' dir='ltr'>omnes</span> <span class='ocrx_word' id='word_1_200' title='bbox 421 3700 575 3776; x_wconf 86' lang='lat' dir='ltr'>aluminis,</span> <span class='ocrx_word' id='word_1_201' title='bbox 601 3718 654 3763; x_wconf 90' lang='lat' dir='ltr'>seu</span> <span class='ocrx_word' id='word_1_202' title='bbox 680 3701 756 3781; x_wconf 90' lang='lat' dir='ltr'>apud</span> <span class='ocrx_word' id='word_1_203' title='bbox 776 3702 921 3784; x_wconf 87' lang='lat' dir='ltr'>Tolpham</span> <span class='ocrx_word' id='word_1_204' title='bbox 955 3704 1088 3766; x_wconf 89' lang='lat' dir='ltr'>redditus</span> 
     </span>
     <span class='ocr_line' id='line_1_32' title="bbox 296 3799 1084 3881; baseline 0.008 -22"><span class='ocrx_word' id='word_1_205' title='bbox 296 3817 382 3860; x_wconf 91' lang='lat' dir='ltr'>causa</span> <span class='ocrx_word' id='word_1_206' title='bbox 408 3800 472 3860; x_wconf 90' lang='lat' dir='ltr'>talis</span> <span class='ocrx_word' id='word_1_207' title='bbox 493 3799 688 3863; x_wconf 81' lang='lat' dir='ltr'>subventionis</span> <span class='ocrx_word' id='word_1_208' title='bbox 709 3815 829 3881; x_wconf 90' lang='lat' dir='ltr'>exponet</span> <span class='ocrx_word' id='word_1_209' title='bbox 849 3805 885 3865; x_wconf 91' lang='lat' dir='ltr'>ad</span> <span class='ocrx_word' id='word_1_210' title='bbox 907 3823 991 3867; x_wconf 91' lang='lat' dir='ltr'>usum</span> <span class='ocrx_word' id='word_1_211' title='bbox 1012 3806 1084 3867; x_wconf 88' lang='lat' dir='ltr'>sub-</span> 
     </span>
     <span class='ocr_line' id='line_1_33' title="bbox 296 3900 1086 3984; baseline 0.005 -23"><span class='ocrx_word' id='word_1_212' title='bbox 296 3900 436 3962; x_wconf 90' lang='lat' dir='ltr'>vcntionis</span> <span class='ocrx_word' id='word_1_213' title='bbox 454 3902 639 3980; x_wconf 72' lang='lat' dir='ltr'>praedictaes</span> <span class='ocrx_word' id='word_1_214' title='bbox 660 3904 710 3982; x_wconf 92' lang='lat' dir='ltr'>qui</span> <span class='ocrx_word' id='word_1_215' title='bbox 732 3903 755 3962; x_wconf 92' lang='lat' dir='ltr'>si</span> <span class='ocrx_word' id='word_1_216' title='bbox 775 3903 812 3963; x_wconf 91' lang='lat' dir='ltr'>ad</span> <span class='ocrx_word' id='word_1_217' title='bbox 832 3922 975 3970; x_wconf 77' lang='lat' dir='ltr'>sumnam</span> <span class='ocrx_word' id='word_1_218' title='bbox 997 3908 1086 3984; x_wconf 89' lang='lat' dir='ltr'>quin-</span> 
     </span>
     <span class='ocr_line' id='line_1_34' title="bbox 296 4000 1090 4089; baseline 0.009 -29"><span class='ocrx_word' id='word_1_219' title='bbox 296 4002 435 4081; x_wconf 76' lang='lat' dir='ltr'>quaginta</span> <span class='ocrx_word' id='word_1_220' title='bbox 455 4001 579 4062; x_wconf 89' lang='lat' dir='ltr'>miilium</span> <span class='ocrx_word' id='word_1_221' title='bbox 600 4000 773 4063; x_wconf 83' lang='lat' dir='ltr'>ducatorum</span> <span class='ocrx_word' id='word_1_222' title='bbox 794 4021 852 4064; x_wconf 89' lang='lat' dir='ltr'>noa</span> <span class='ocrx_word' id='word_1_223' title='bbox 871 4007 1010 4083; x_wconf 82' lang='lat' dir='ltr'>aumgcnt</span> <span class='ocrx_word' id='word_1_224' title='bbox 1028 4002 1090 4089; x_wconf 66' lang='lat'>(3),</span> 
     </span>
    </p>
   </div>
   <div class='ocr_carea' id='block_1_4' title="bbox 297 4239 1088 5804">
    <p class='ocr_par' dir='ltr' id='par_1_4' title="bbox 334 4239 1088 4305">
     <span class='ocr_line' id='line_1_35' title="bbox 334 4239 1088 4305; baseline 0.013 -17"><span class='ocrx_word' id='word_1_225' title='bbox 334 4243 371 4300; x_wconf 87' lang='lat'>(1)</span> <span class='ocrx_word' id='word_1_226' title='bbox 387 4239 510 4303; x_wconf 74' lang='lat' dir='ltr'>llaynald</span> <span class='ocrx_word' id='word_1_227' title='bbox 532 4239 610 4291; x_wconf 88' lang='lat' dir='ltr'>babet</span> <span class='ocrx_word' id='word_1_228' title='bbox 625 4242 702 4292; x_wconf 81' lang='lat' dir='ltr'>motio</span> <span class='ocrx_word' id='word_1_229' title='bbox 716 4241 815 4293; x_wconf 84' lang='lat' dir='ltr'>ratione</span> <span class='ocrx_word' id='word_1_230' title='bbox 829 4256 878 4305; x_wconf 90' lang='lat' dir='ltr'>pro</span> <span class='ocrx_word' id='word_1_231' title='bbox 893 4245 1088 4298; x_wconf 70' lang='lat' dir='ltr'>remeantem.</span> 
     </span>
    </p>

    <p class='ocr_par' dir='ltr' id='par_1_5' title="bbox 298 4316 1085 4461">
     <span class='ocr_line' id='line_1_36' title="bbox 337 4316 1085 4394; baseline 0.012 -26"><span class='ocrx_word' id='word_1_232' title='bbox 337 4320 372 4381; x_wconf 79' lang='lat'>(²)</span> <span class='ocrx_word' id='word_1_233' title='bbox 392 4316 431 4368; x_wconf 87' lang='lat' dir='ltr'>lix</span> <span class='ocrx_word' id='word_1_234' title='bbox 454 4320 610 4382; x_wconf 78' lang='lat' dir='ltr'>negligentia</span> <span class='ocrx_word' id='word_1_235' title='bbox 630 4320 721 4372; x_wconf 83' lang='lat' dir='ltr'>forsan</span> <span class='ocrx_word' id='word_1_236' title='bbox 737 4324 905 4374; x_wconf 81' lang='lat' dir='ltr'>amanuensis</span> <span class='ocrx_word' id='word_1_237' title='bbox 920 4325 1016 4394; x_wconf 82' lang='lat' dir='ltr'>desunt</span> <span class='ocrx_word' id='word_1_238' title='bbox 1042 4326 1085 4377; x_wconf 87' lang='lat' dir='ltr'>bic</span> 
     </span>
     <span class='ocr_line' id='line_1_37' title="bbox 298 4397 608 4461; baseline 0 -14"><span class='ocrx_word' id='word_1_239' title='bbox 298 4398 424 4448; x_wconf 89' lang='lat' dir='ltr'>nonnulla</span> <span class='ocrx_word' id='word_1_240' title='bbox 441 4397 466 4446; x_wconf 92' lang='lat' dir='ltr'>in</span> <span class='ocrx_word' id='word_1_241' title='bbox 483 4398 608 4461; x_wconf 71' lang='lat' dir='ltr'>Raynald.</span> 
     </span>
    </p>

    <p class='ocr_par' dir='ltr' id='par_1_6' title="bbox 297 4475 1087 5804">
     <span class='ocr_line' id='line_1_38' title="bbox 336 4475 1087 4539; baseline 0.007 -12"><span class='ocrx_word' id='word_1_242' title='bbox 336 4478 372 4536; x_wconf 78' lang='lat'>(³)</span> <span class='ocrx_word' id='word_1_243' title='bbox 387 4475 503 4539; x_wconf 77' lang='lat' dir='ltr'>Triginta</span> <span class='ocrx_word' id='word_1_244' title='bbox 520 4477 597 4526; x_wconf 87' lang='lat' dir='ltr'>annis</span> <span class='ocrx_word' id='word_1_245' title='bbox 614 4479 701 4536; x_wconf 88' lang='lat' dir='ltr'>antea,</span> <span class='ocrx_word' id='word_1_246' title='bbox 716 4475 849 4529; x_wconf 85' lang='lat' dir='ltr'>lohannes</span> <span class='ocrx_word' id='word_1_247' title='bbox 860 4480 893 4529; x_wconf 89' lang='lat' dir='ltr'>de</span> <span class='ocrx_word' id='word_1_248' title='bbox 905 4479 998 4530; x_wconf 87' lang='lat' dir='ltr'>Castro</span> <span class='ocrx_word' id='word_1_249' title='bbox 1010 4482 1087 4531; x_wconf 86' lang='lat' dir='ltr'>inve·</span> 
     </span>
     <span class='ocr_line' id='line_1_39' title="bbox 297 4555 1083 4622; baseline 0.006 -17"><span class='ocrx_word' id='word_1_250' title='bbox 297 4560 374 4605; x_wconf 88' lang='lat' dir='ltr'>neret</span> <span class='ocrx_word' id='word_1_251' title='bbox 395 4556 498 4605; x_wconf 90' lang='lat' dir='ltr'>alumen</span> <span class='ocrx_word' id='word_1_252' title='bbox 515 4557 539 4604; x_wconf 89' lang='lat' dir='ltr'>in</span> <span class='ocrx_word' id='word_1_253' title='bbox 558 4555 689 4606; x_wconf 88' lang='lat' dir='ltr'>montibus</span> <span class='ocrx_word' id='word_1_254' title='bbox 705 4556 794 4607; x_wconf 85' lang='lat' dir='ltr'>&#39;iollae</span> <span class='ocrx_word' id='word_1_255' title='bbox 808 4592 815 4620; x_wconf 91' lang='lat'>,</span> <span class='ocrx_word' id='word_1_256' title='bbox 831 4559 912 4618; x_wconf 78' lang='lat' dir='ltr'>magis</span> <span class='ocrx_word' id='word_1_257' title='bbox 937 4559 1083 4622; x_wconf 83' lang='lat' dir='ltr'>perfectam</span> 
     </span>
     <span class='ocr_line' id='line_1_40' title="bbox 297 4633 1085 4696; baseline 0.006 -11"><span class='ocrx_word' id='word_1_258' title='bbox 297 4646 376 4696; x_wconf 89' lang='lat' dir='ltr'>quam</span> <span class='ocrx_word' id='word_1_259' title='bbox 389 4633 464 4696; x_wconf 85' lang='lat' dir='ltr'>quod</span> <span class='ocrx_word' id='word_1_260' title='bbox 475 4635 502 4682; x_wconf 93' lang='lat' dir='ltr'>ln</span> <span class='ocrx_word' id='word_1_261' title='bbox 518 4646 594 4686; x_wconf 89' lang='lat' dir='ltr'>usum</span> <span class='ocrx_word' id='word_1_262' title='bbox 610 4634 741 4685; x_wconf 88' lang='lat' dir='ltr'>tincturae</span> <span class='ocrx_word' id='word_1_263' title='bbox 753 4649 786 4685; x_wconf 92' lang='lat' dir='ltr'>ex</span> <span class='ocrx_word' id='word_1_264' title='bbox 804 4637 936 4687; x_wconf 84' lang='lat' dir='ltr'>montibus</span> <span class='ocrx_word' id='word_1_265' title='bbox 946 4638 1024 4688; x_wconf 76' lang='lat' dir='ltr'>Asiae</span> <span class='ocrx_word' id='word_1_266' title='bbox 1036 4653 1085 4690; x_wconf 90' lang='lat' dir='ltr'>ex·</span> 
     </span>
     <span class='ocr_line' id='line_1_41' title="bbox 298 4712 1085 4780; baseline 0.009 -20"><span class='ocrx_word' id='word_1_267' title='bbox 298 4712 461 4764; x_wconf 86' lang='lat' dir='ltr'>trahebatur.</span> <span class='ocrx_word' id='word_1_268' title='bbox 474 4714 592 4766; x_wconf 85' lang='lat' dir='ltr'>Otiosum</span> <span class='ocrx_word' id='word_1_269' title='bbox 607 4726 659 4764; x_wconf 91' lang='lat' dir='ltr'>non</span> <span class='ocrx_word' id='word_1_270' title='bbox 675 4718 734 4774; x_wconf 83' lang='lat' dir='ltr'>erit,</span> <span class='ocrx_word' id='word_1_271' title='bbox 748 4729 806 4766; x_wconf 90' lang='lat' dir='ltr'>cum</span> <span class='ocrx_word' id='word_1_272' title='bbox 820 4728 853 4766; x_wconf 88' lang='lat' dir='ltr'>ex</span> <span class='ocrx_word' id='word_1_273' title='bbox 862 4717 911 4766; x_wconf 88' lang='lat' dir='ltr'>boc</span> <span class='ocrx_word' id='word_1_274' title='bbox 923 4718 1009 4779; x_wconf 81' lang='lat' dir='ltr'>magni</span> <span class='ocrx_word' id='word_1_275' title='bbox 1021 4730 1085 4780; x_wconf 90' lang='lat' dir='ltr'>pro·</span> 
     </span>
     <span class='ocr_line' id='line_1_42' title="bbox 298 4793 1085 4857; baseline 0.006 -17"><span class='ocrx_word' id='word_1_276' title='bbox 298 4796 403 4852; x_wconf 84' lang='lat' dir='ltr'>ventus,</span> <span class='ocrx_word' id='word_1_277' title='bbox 413 4793 583 4857; x_wconf 88' lang='lat' dir='ltr'>ingentesque</span> <span class='ocrx_word' id='word_1_278' title='bbox 599 4793 707 4843; x_wconf 85' lang='lat' dir='ltr'>divitiae</span> <span class='ocrx_word' id='word_1_279' title='bbox 724 4794 858 4844; x_wconf 85' lang='lat' dir='ltr'>Ecclesiae</span> <span class='ocrx_word' id='word_1_280' title='bbox 875 4796 1003 4845; x_wconf 82' lang='lat' dir='ltr'>Romanae</span> <span class='ocrx_word' id='word_1_281' title='bbox 1015 4794 1085 4845; x_wconf 91' lang='lat' dir='ltr'>deri·</span> 
     </span>
     <span class='ocr_line' id='line_1_43' title="bbox 299 4870 1084 4936; baseline 0.01 -19"><span class='ocrx_word' id='word_1_282' title='bbox 299 4871 430 4930; x_wconf 86' lang='lat' dir='ltr'>vavcrlnt,</span> <span class='ocrx_word' id='word_1_283' title='bbox 441 4882 474 4920; x_wconf 89' lang='lat' dir='ltr'>ex</span> <span class='ocrx_word' id='word_1_284' title='bbox 485 4870 680 4921; x_wconf 88' lang='lat' dir='ltr'>commentariis</span> <span class='ocrx_word' id='word_1_285' title='bbox 692 4874 728 4921; x_wconf 84' lang='lat' dir='ltr'>Pii</span> <span class='ocrx_word' id='word_1_286' title='bbox 740 4871 762 4922; x_wconf 96' lang='lat' dir='ltr'>ll</span> <span class='ocrx_word' id='word_1_287' title='bbox 777 4872 932 4923; x_wconf 86' lang='lat' dir='ltr'>describere</span> <span class='ocrx_word' id='word_1_288' title='bbox 943 4887 995 4936; x_wconf 92' lang='lat' dir='ltr'>quo</span> <span class='ocrx_word' id='word_1_289' title='bbox 1007 4875 1084 4925; x_wconf 89' lang='lat' dir='ltr'>modo</span> 
     </span>
     <span class='ocr_line' id='line_1_44' title="bbox 299 4949 1083 5016; baseline 0.005 -18"><span class='ocrx_word' id='word_1_290' title='bbox 299 4961 343 4998; x_wconf 90' lang='lat' dir='ltr'>rea</span> <span class='ocrx_word' id='word_1_291' title='bbox 360 4951 487 4999; x_wconf 85' lang='lat' dir='ltr'>evenerit.</span> <span class='ocrx_word' id='word_1_292' title='bbox 506 4968 517 4992; x_wconf 88' lang='lat'><strong>·</strong></span> <span class='ocrx_word' id='word_1_293' title='bbox 535 4949 609 5000; x_wconf 85' lang='lat' dir='ltr'>&#39;Polla</span> <span class='ocrx_word' id='word_1_294' title='bbox 621 4954 699 5000; x_wconf 84' lang='lat' dir='ltr'>vetus</span> <span class='ocrx_word' id='word_1_295' title='bbox 715 4951 840 5013; x_wconf 91' lang='lat' dir='ltr'>oppidum</span> <span class='ocrx_word' id='word_1_296' title='bbox 854 4956 894 5002; x_wconf 84' lang='lat' dir='ltr'>esi</span> <span class='ocrx_word' id='word_1_297' title='bbox 906 4964 956 5002; x_wconf 93' lang='lat' dir='ltr'>non</span> <span class='ocrx_word' id='word_1_298' title='bbox 967 4954 1083 5016; x_wconf 86' lang='lat' dir='ltr'>procula</span> 
     </span>
     <span class='ocr_line' id='line_1_45' title="bbox 298 5028 1083 5084; baseline 0.006 -6"><span class='ocrx_word' id='word_1_299' title='bbox 298 5029 485 5080; x_wconf 86' lang='lat' dir='ltr'>centumcellis</span> <span class='ocrx_word' id='word_1_300' title='bbox 502 5032 528 5080; x_wconf 87' lang='lat' dir='ltr'>et</span> <span class='ocrx_word' id='word_1_301' title='bbox 545 5028 715 5081; x_wconf 73' lang='lat' dir='ltr'>Urbevetulaa</span> <span class='ocrx_word' id='word_1_302' title='bbox 732 5031 773 5081; x_wconf 92' lang='lat' dir='ltr'>bic</span> <span class='ocrx_word' id='word_1_303' title='bbox 791 5035 894 5083; x_wconf 89' lang='lat' dir='ltr'>montes</span> <span class='ocrx_word' id='word_1_304' title='bbox 910 5033 956 5082; x_wconf 88' lang='lat' dir='ltr'>alti</span> <span class='ocrx_word' id='word_1_305' title='bbox 981 5046 994 5081; x_wconf 90' lang='lat' dir='ltr'>a</span> <span class='ocrx_word' id='word_1_306' title='bbox 1017 5035 1083 5084; x_wconf 90' lang='lat' dir='ltr'>mari</span> 
     </span>
     <span class='ocr_line' id='line_1_46' title="bbox 299 5107 1084 5175; baseline 0.006 -18"><span class='ocrx_word' id='word_1_307' title='bbox 299 5110 431 5158; x_wconf 83' lang='lat' dir='ltr'>introrsus</span> <span class='ocrx_word' id='word_1_308' title='bbox 449 5107 586 5169; x_wconf 91' lang='lat' dir='ltr'>recedunt,</span> <span class='ocrx_word' id='word_1_309' title='bbox 598 5109 671 5158; x_wconf 83' lang='lat' dir='ltr'>siliis</span> <span class='ocrx_word' id='word_1_310' title='bbox 688 5112 714 5158; x_wconf 90' lang='lat' dir='ltr'>ct</span> <span class='ocrx_word' id='word_1_311' title='bbox 731 5111 805 5172; x_wconf 90' lang='lat' dir='ltr'>aquis</span> <span class='ocrx_word' id='word_1_312' title='bbox 822 5109 951 5168; x_wconf 84' lang='lat' dir='ltr'>foecundi,</span> <span class='ocrx_word' id='word_1_313' title='bbox 961 5124 1009 5173; x_wconf 91' lang='lat' dir='ltr'>per</span> <span class='ocrx_word' id='word_1_314' title='bbox 1017 5125 1084 5175; x_wconf 86' lang='lat' dir='ltr'>quos</span> 
     </span>
     <span class='ocr_line' id='line_1_47' title="bbox 299 5185 1085 5245; baseline 0.006 -10"><span class='ocrx_word' id='word_1_315' title='bbox 299 5185 361 5236; x_wconf 90' lang='lat' dir='ltr'>dum</span> <span class='ocrx_word' id='word_1_316' title='bbox 378 5185 510 5237; x_wconf 86' lang='lat' dir='ltr'>lohannes</span> <span class='ocrx_word' id='word_1_317' title='bbox 527 5187 656 5245; x_wconf 83' lang='lat' dir='ltr'>ambulat,</span> <span class='ocrx_word' id='word_1_318' title='bbox 672 5200 768 5238; x_wconf 91' lang='lat' dir='ltr'>novam</span> <span class='ocrx_word' id='word_1_319' title='bbox 785 5188 882 5239; x_wconf 87' lang='lat' dir='ltr'>herbae</span> <span class='ocrx_word' id='word_1_320' title='bbox 899 5190 988 5238; x_wconf 87' lang='lat' dir='ltr'>faciem</span> <span class='ocrx_word' id='word_1_321' title='bbox 1005 5190 1085 5240; x_wconf 90' lang='lat' dir='ltr'>offen·</span> 
     </span>
     <span class='ocr_line' id='line_1_48' title="bbox 299 5265 1084 5329; baseline 0.005 -16"><span class='ocrx_word' id='word_1_322' title='bbox 299 5266 352 5314; x_wconf 86' lang='lat' dir='ltr'>dit:</span> <span class='ocrx_word' id='word_1_323' title='bbox 369 5267 488 5325; x_wconf 88' lang='lat' dir='ltr'>miratur,</span> <span class='ocrx_word' id='word_1_324' title='bbox 505 5265 630 5329; x_wconf 83' lang='lat' dir='ltr'>inquirit;</span> <span class='ocrx_word' id='word_1_325' title='bbox 642 5265 736 5317; x_wconf 89' lang='lat' dir='ltr'>deinde</span> <span class='ocrx_word' id='word_1_326' title='bbox 754 5269 852 5316; x_wconf 85' lang='lat' dir='ltr'>certior</span> <span class='ocrx_word' id='word_1_327' title='bbox 868 5267 895 5316; x_wconf 90' lang='lat' dir='ltr'>iit</span> <span class='ocrx_word' id='word_1_328' title='bbox 912 5267 1023 5316; x_wconf 89' lang='lat' dir='ltr'>similem</span> <span class='ocrx_word' id='word_1_329' title='bbox 1038 5281 1084 5317; x_wconf 88' lang='lat' dir='ltr'>na·</span> 
     </span>
     <span class='ocr_line' id='line_1_49' title="bbox 300 5343 1083 5408; baseline 0.004 -14"><span class='ocrx_word' id='word_1_330' title='bbox 300 5346 338 5394; x_wconf 91' lang='lat' dir='ltr'>sci</span> <span class='ocrx_word' id='word_1_331' title='bbox 356 5345 464 5394; x_wconf 87' lang='lat' dir='ltr'>barbam</span> <span class='ocrx_word' id='word_1_332' title='bbox 482 5346 507 5394; x_wconf 92' lang='lat' dir='ltr'>in</span> <span class='ocrx_word' id='word_1_333' title='bbox 524 5343 656 5394; x_wconf 88' lang='lat' dir='ltr'>montibus</span> <span class='ocrx_word' id='word_1_334' title='bbox 672 5346 770 5406; x_wconf 76' lang='lat' dir='ltr'>Asiae,</span> <span class='ocrx_word' id='word_1_335' title='bbox 786 5346 831 5408; x_wconf 90' lang='lat' dir='ltr'>qui</span> <span class='ocrx_word' id='word_1_336' title='bbox 846 5345 990 5396; x_wconf 84' lang='lat' dir='ltr'>&#39;furcarum</span> <span class='ocrx_word' id='word_1_337' title='bbox 1007 5360 1083 5397; x_wconf 88' lang='lat' dir='ltr'>aera·</span> 
     </span>
     <span class='ocr_line' id='line_1_50' title="bbox 300 5423 1083 5487; baseline 0 -12"><span class='ocrx_word' id='word_1_338' title='bbox 300 5429 367 5475; x_wconf 91' lang='lat' dir='ltr'>rium</span> <span class='ocrx_word' id='word_1_339' title='bbox 377 5424 597 5483; x_wconf 82' lang='lat' dir='ltr'>elumineditent;</span> <span class='ocrx_word' id='word_1_340' title='bbox 608 5423 680 5473; x_wconf 91' lang='lat' dir='ltr'>videt</span> <span class='ocrx_word' id='word_1_341' title='bbox 694 5423 794 5486; x_wconf 84' lang='lat' dir='ltr'>lapidas</span> <span class='ocrx_word' id='word_1_342' title='bbox 805 5423 922 5485; x_wconf 90' lang='lat' dir='ltr'>albos,et</span> <span class='ocrx_word' id='word_1_343' title='bbox 938 5425 982 5487; x_wconf 90' lang='lat' dir='ltr'>qul</span> <span class='ocrx_word' id='word_1_344' title='bbox 1000 5426 1083 5475; x_wconf 90' lang='lat' dir='ltr'>mine-</span> 
     </span>
     <span class='ocr_line' id='line_1_51' title="bbox 300 5501 1082 5565; baseline 0 -13"><span class='ocrx_word' id='word_1_345' title='bbox 300 5503 371 5552; x_wconf 89' lang='lat' dir='ltr'>rales</span> <span class='ocrx_word' id='word_1_346' title='bbox 380 5507 521 5564; x_wconf 67' lang='lat' dir='ltr'>apparente</span> <span class='ocrx_word' id='word_1_347' title='bbox 537 5502 654 5558; x_wconf 83' lang='lat' dir='ltr'>mordet;</span> <span class='ocrx_word' id='word_1_348' title='bbox 665 5501 820 5552; x_wconf 87' lang='lat' dir='ltr'>salsedinem</span> <span class='ocrx_word' id='word_1_349' title='bbox 830 5505 938 5565; x_wconf 70' lang='lat' dir='ltr'>reperite</span> <span class='ocrx_word' id='word_1_350' title='bbox 946 5507 1082 5565; x_wconf 81' lang='lat' dir='ltr'>excoquit;</span> 
     </span>
     <span class='ocr_line' id='line_1_52' title="bbox 300 5580 1082 5644; baseline 0.001 -13"><span class='ocrx_word' id='word_1_351' title='bbox 300 5582 509 5643; x_wconf 85' lang='lat' dir='ltr'>experimontum</span> <span class='ocrx_word' id='word_1_352' title='bbox 529 5582 605 5640; x_wconf 82' lang='lat' dir='ltr'>lacit;</span> <span class='ocrx_word' id='word_1_353' title='bbox 622 5581 724 5629; x_wconf 84' lang='lat' dir='ltr'>alumen</span> <span class='ocrx_word' id='word_1_354' title='bbox 750 5582 885 5644; x_wconf 73' lang='lat' dir='ltr'>producite</span> <span class='ocrx_word' id='word_1_355' title='bbox 902 5580 1082 5644; x_wconf 88' lang='lat' dir='ltr'>accedensque</span> 
     </span>
     <span class='ocr_line' id='line_1_53' title="bbox 301 5659 1082 5724; baseline 0 -16"><span class='ocrx_word' id='word_1_356' title='bbox 301 5659 463 5708; x_wconf 73' lang='lat' dir='ltr'>Pontificem:</span> <span class='ocrx_word' id='word_1_357' title='bbox 474 5683 487 5698; x_wconf 93' lang='lat'><strong>·</strong></span> <span class='ocrx_word' id='word_1_358' title='bbox 498 5659 588 5721; x_wconf 85' lang='lat' dir='ltr'>lindie,</span> <span class='ocrx_word' id='word_1_359' title='bbox 600 5659 750 5724; x_wconf 66' lang='lat' dir='ltr'>inquinabi</span> <span class='ocrx_word' id='word_1_360' title='bbox 763 5659 900 5711; x_wconf 88' lang='lat' dir='ltr'>victoriam</span> <span class='ocrx_word' id='word_1_361' title='bbox 908 5660 941 5712; x_wconf 91' lang='lat' dir='ltr'>de</span> <span class='ocrx_word' id='word_1_362' title='bbox 949 5660 1033 5712; x_wconf 84' lang='lat' dir='ltr'>‘furca</span> <span class='ocrx_word' id='word_1_363' title='bbox 1046 5661 1082 5709; x_wconf 89' lang='lat' dir='ltr'>al·</span> 
     </span>
     <span class='ocr_line' id='line_1_54' title="bbox 299 5739 1081 5804; baseline 0.001 -16"><span class='ocrx_word' id='word_1_364' title='bbox 299 5739 373 5799; x_wconf 89' lang='lat' dir='ltr'>fero;</span> <span class='ocrx_word' id='word_1_365' title='bbox 389 5753 526 5792; x_wconf 87' lang='lat' dir='ltr'>aureorum</span> <span class='ocrx_word' id='word_1_366' title='bbox 544 5754 623 5804; x_wconf 87' lang='lat' dir='ltr'>supra</span> <span class='ocrx_word' id='word_1_367' title='bbox 640 5744 757 5792; x_wconf 85' lang='lat' dir='ltr'>trecenta</span> <span class='ocrx_word' id='word_1_368' title='bbox 775 5742 853 5790; x_wconf 84' lang='lat' dir='ltr'>millia</span> <span class='ocrx_word' id='word_1_369' title='bbox 868 5745 930 5803; x_wconf 89' lang='lat' dir='ltr'>quot</span> <span class='ocrx_word' id='word_1_370' title='bbox 947 5741 1021 5791; x_wconf 92' lang='lat' dir='ltr'>annis</span> <span class='ocrx_word' id='word_1_371' title='bbox 1038 5740 1081 5789; x_wconf 90' lang='lat' dir='ltr'>iiic</span> 
     </span>
    </p>
   </div>
   <div class='ocr_carea' id='block_1_5' title="bbox 758 643 1947 724">
    <p class='ocr_par' dir='ltr' id='par_1_7' title="bbox 758 643 1947 724">
     <span class='ocr_line' id='line_1_55' title="bbox 758 643 1947 724; baseline 0.003 -14"><span class='ocrx_word' id='word_1_372' title='bbox 758 643 964 714; x_wconf 69' lang='lat' dir='ltr'>CONCIabVE</span> <span class='ocrx_word' id='word_1_373' title='bbox 984 645 1087 712; x_wconf 81' lang='lat' dir='ltr'>POST</span> <span class='ocrx_word' id='word_1_374' title='bbox 1109 645 1260 712; x_wconf 69' lang='lat' dir='ltr'>statutt.</span> <span class='ocrx_word' id='word_1_375' title='bbox 1277 646 1478 724; x_wconf 78' lang='lat' dir='ltr'>Quantula.</span> <span class='ocrx_word' id='word_1_376' title='bbox 1904 651 1947 714; x_wconf 67' lang='lat' dir='ltr'>bii</span> 
     </span>
    </p>
   </div>
   <div class='ocr_carea' id='block_1_6' title="bbox 1161 782 1948 965">
    <p class='ocr_par' dir='ltr' id='par_1_8' title="bbox 1161 782 1948 965">
     <span class='ocr_line' id='line_1_56' title="bbox 1164 782 1948 854; baseline 0.005 -11"><span class='ocrx_word' id='word_1_377' title='bbox 1164 782 1239 845; x_wconf 90' lang='lat' dir='ltr'>idem</span> <span class='ocrx_word' id='word_1_378' title='bbox 1252 782 1381 846; x_wconf 76' lang='lat' dir='ltr'>Pontifex</span> <span class='ocrx_word' id='word_1_379' title='bbox 1401 794 1512 844; x_wconf 90' lang='lat' dir='ltr'>tantum</span> <span class='ocrx_word' id='word_1_380' title='bbox 1528 782 1562 844; x_wconf 89' lang='lat' dir='ltr'>de</span> <span class='ocrx_word' id='word_1_381' title='bbox 1580 784 1643 845; x_wconf 91' lang='lat' dir='ltr'>aliis</span> <span class='ocrx_word' id='word_1_382' title='bbox 1664 784 1821 846; x_wconf 90' lang='lat' dir='ltr'>redditibus</span> <span class='ocrx_word' id='word_1_383' title='bbox 1841 783 1948 854; x_wconf 80' lang='lat' dir='ltr'>Eccle-</span> 
     </span>
     <span class='ocr_line' id='line_1_57' title="bbox 1161 882 1946 965; baseline 0.01 -21"><span class='ocrx_word' id='word_1_384' title='bbox 1161 883 1219 944; x_wconf 90' lang='lat' dir='ltr'>siae</span> <span class='ocrx_word' id='word_1_385' title='bbox 1237 883 1382 960; x_wconf 81' lang='lat' dir='ltr'>Romanae</span> <span class='ocrx_word' id='word_1_386' title='bbox 1398 882 1488 958; x_wconf 89' lang='lat' dir='ltr'>dabit,</span> <span class='ocrx_word' id='word_1_387' title='bbox 1498 895 1527 946; x_wconf 91' lang='lat' dir='ltr'>et</span> <span class='ocrx_word' id='word_1_388' title='bbox 1542 895 1661 964; x_wconf 83' lang='lat' dir='ltr'>exponet</span> <span class='ocrx_word' id='word_1_389' title='bbox 1683 885 1824 965; x_wconf 89' lang='lat' dir='ltr'>usquead</span> <span class='ocrx_word' id='word_1_390' title='bbox 1839 886 1946 952; x_wconf 89' lang='lat' dir='ltr'>dictam</span> 
     </span>
    </p>
   </div>
   <div class='ocr_carea' id='block_1_7' title="bbox 1388 1028 1701 1036">
    <p class='ocr_par' dir='ltr' id='par_1_9' title="bbox 1388 1028 1701 1036">
     <span class='ocr_line' id='line_1_58' title="bbox 1388 1028 1701 1036; baseline 0.003 -1"><span class='ocrx_word' id='word_1_391' title='bbox 1388 1028 1701 1036; x_wconf 52' lang='lat' dir='ltr'>*am-m</span> 
     </span>
    </p>
   </div>
   <div class='ocr_carea' id='block_1_8' title="bbox 1875 1032 1947 1062">
    <p class='ocr_par' dir='ltr' id='par_1_10' title="bbox 1875 1032 1947 1062">
     <span class='ocr_line' id='line_1_59' title="bbox 1875 1032 1947 1062; baseline 0 0"><span class='ocrx_word' id='word_1_392' title='bbox 1875 1032 1947 1062; x_wconf 64' lang='lat' dir='ltr'>-v—-7</span> 
     </span>
    </p>
   </div>
   <div class='ocr_carea' id='block_1_9' title="bbox 1161 1096 2041 1165">
    <p class='ocr_par' dir='ltr' id='par_1_11' title="bbox 1161 1096 2041 1165">
     <span class='ocr_line' id='line_1_60' title="bbox 1161 1096 2041 1165; baseline 0.01 -19"><span class='ocrx_word' id='word_1_393' title='bbox 1161 1108 1176 1146; x_wconf 83' lang='lat' dir='ltr'>e</span> <span class='ocrx_word' id='word_1_394' title='bbox 1192 1096 1348 1148; x_wconf 80' lang='lat' dir='ltr'>Christianis</span> <span class='ocrx_word' id='word_1_395' title='bbox 1363 1102 1504 1162; x_wconf 85' lang='lat' dir='ltr'>extorquet</span> <span class='ocrx_word' id='word_1_396' title='bbox 1520 1102 1630 1162; x_wconf 88' lang='lat' dir='ltr'>propter</span> <span class='ocrx_word' id='word_1_397' title='bbox 1642 1100 1754 1162; x_wconf 87' lang='lat' dir='ltr'>alumen,</span> <span class='ocrx_word' id='word_1_398' title='bbox 1766 1114 1817 1165; x_wconf 90' lang='lat' dir='ltr'>quo</span> <span class='ocrx_word' id='word_1_399' title='bbox 1829 1102 1946 1162; x_wconf 87' lang='lat' dir='ltr'>diversis</span> <span class='ocrx_word' id='word_1_400' title='bbox 2036 1127 2041 1134; x_wconf 89' lang='lat'><em>·</em></span> 
     </span>
    </p>
   </div>
   <div class='ocr_carea' id='block_1_10' title="bbox 1155 1174 1946 2417">
    <p class='ocr_par' dir='ltr' id='par_1_12' title="bbox 1155 1174 1946 2417">
     <span class='ocr_line' id='line_1_61' title="bbox 1160 1174 1945 1246; baseline 0.015 -24"><span class='ocrx_word' id='word_1_401' title='bbox 1160 1174 1293 1225; x_wconf 88' lang='lat' dir='ltr'>coloribus</span> <span class='ocrx_word' id='word_1_402' title='bbox 1310 1176 1382 1240; x_wconf 78' lang='lat' dir='ltr'>ianas</span> <span class='ocrx_word' id='word_1_403' title='bbox 1398 1176 1540 1236; x_wconf 86' lang='lat' dir='ltr'>inficimus;</span> <span class='ocrx_word' id='word_1_404' title='bbox 1556 1179 1616 1242; x_wconf 91' lang='lat' dir='ltr'>quia</span> <span class='ocrx_word' id='word_1_405' title='bbox 1642 1191 1693 1228; x_wconf 91' lang='lat' dir='ltr'>non</span> <span class='ocrx_word' id='word_1_406' title='bbox 1717 1181 1848 1243; x_wconf 88' lang='lat' dir='ltr'>reperitur</span> <span class='ocrx_word' id='word_1_407' title='bbox 1875 1183 1945 1246; x_wconf 86' lang='lat' dir='ltr'>apud</span> 
     </span>
     <span class='ocr_line' id='line_1_62' title="bbox 1160 1249 1941 1324; baseline 0.013 -23"><span class='ocrx_word' id='word_1_408' title='bbox 1160 1249 1278 1312; x_wconf 85' lang='lat' dir='ltr'>Latinos,</span> <span class='ocrx_word' id='word_1_409' title='bbox 1294 1255 1344 1304; x_wconf 89' lang='lat' dir='ltr'>nisi</span> <span class='ocrx_word' id='word_1_410' title='bbox 1360 1254 1492 1316; x_wconf 87' lang='lat' dir='ltr'>paululum</span> <span class='ocrx_word' id='word_1_411' title='bbox 1510 1254 1579 1317; x_wconf 90' lang='lat' dir='ltr'>apud</span> <span class='ocrx_word' id='word_1_412' title='bbox 1596 1256 1706 1307; x_wconf 88' lang='lat' dir='ltr'>insulam</span> <span class='ocrx_word' id='word_1_413' title='bbox 1724 1256 1856 1319; x_wconf 83' lang='lat' dir='ltr'>fllaciam,</span> <span class='ocrx_word' id='word_1_414' title='bbox 1872 1274 1941 1324; x_wconf 89' lang='lat' dir='ltr'>quse</span> 
     </span>
     <span class='ocr_line' id='line_1_63' title="bbox 1160 1332 1946 1400; baseline 0.011 -20"><span class='ocrx_word' id='word_1_415' title='bbox 1160 1332 1220 1381; x_wconf 88' lang='lat' dir='ltr'>oiim</span> <span class='ocrx_word' id='word_1_416' title='bbox 1237 1333 1349 1382; x_wconf 76' lang='lat' dir='ltr'>Aenaria</span> <span class='ocrx_word' id='word_1_417' title='bbox 1365 1332 1512 1384; x_wconf 87' lang='lat' dir='ltr'>dicabatur.</span> <span class='ocrx_word' id='word_1_418' title='bbox 1530 1334 1563 1385; x_wconf 75' lang='lat' dir='ltr'>nt</span> <span class='ocrx_word' id='word_1_419' title='bbox 1579 1347 1627 1397; x_wconf 83' lang='lat' dir='ltr'>ego</span> <span class='ocrx_word' id='word_1_420' title='bbox 1643 1341 1744 1400; x_wconf 89' lang='lat' dir='ltr'>septem</span> <span class='ocrx_word' id='word_1_421' title='bbox 1758 1342 1861 1388; x_wconf 88' lang='lat' dir='ltr'>montes</span> <span class='ocrx_word' id='word_1_422' title='bbox 1873 1339 1946 1389; x_wconf 86' lang='lat' dir='ltr'>inve·</span> 
     </span>
     <span class='ocr_line' id='line_1_64' title="bbox 1160 1410 1944 1478; baseline 0.011 -19"><span class='ocrx_word' id='word_1_423' title='bbox 1160 1412 1196 1469; x_wconf 90' lang='lat' dir='ltr'>nl,</span> <span class='ocrx_word' id='word_1_424' title='bbox 1212 1410 1279 1462; x_wconf 88' lang='lat' dir='ltr'>adeo</span> <span class='ocrx_word' id='word_1_425' title='bbox 1294 1412 1474 1468; x_wconf 83' lang='lat' dir='ltr'>huiuscemodi</span> <span class='ocrx_word' id='word_1_426' title='bbox 1493 1414 1617 1464; x_wconf 89' lang='lat' dir='ltr'>materiae</span> <span class='ocrx_word' id='word_1_427' title='bbox 1633 1414 1786 1474; x_wconf 84' lang='lat' dir='ltr'>foecundos,</span> <span class='ocrx_word' id='word_1_428' title='bbox 1797 1420 1825 1467; x_wconf 91' lang='lat' dir='ltr'>at</span> <span class='ocrx_word' id='word_1_429' title='bbox 1842 1420 1944 1478; x_wconf 88' lang='lat' dir='ltr'>septem</span> 
     </span>
     <span class='ocr_line' id='line_1_65' title="bbox 1159 1488 1946 1556; baseline 0.01 -19"><span class='ocrx_word' id='word_1_430' title='bbox 1159 1488 1268 1540; x_wconf 85' lang='lat' dir='ltr'>orbibus</span> <span class='ocrx_word' id='word_1_431' title='bbox 1285 1488 1404 1540; x_wconf 85' lang='lat' dir='ltr'>suilicere</span> <span class='ocrx_word' id='word_1_432' title='bbox 1420 1491 1535 1552; x_wconf 85' lang='lat' dir='ltr'>possint;</span> <span class='ocrx_word' id='word_1_433' title='bbox 1548 1492 1570 1542; x_wconf 92' lang='lat' dir='ltr'>si</span> <span class='ocrx_word' id='word_1_434' title='bbox 1580 1492 1655 1551; x_wconf 87' lang='lat' dir='ltr'>jubes</span> <span class='ocrx_word' id='word_1_435' title='bbox 1672 1494 1798 1545; x_wconf 87' lang='lat' dir='ltr'>accersiri</span> <span class='ocrx_word' id='word_1_436' title='bbox 1815 1493 1946 1556; x_wconf 81' lang='lat' dir='ltr'>artures,</span> 
     </span>
     <span class='ocr_line' id='line_1_66' title="bbox 1158 1565 1945 1635; baseline 0.006 -20"><span class='ocrx_word' id='word_1_437' title='bbox 1158 1565 1279 1630; x_wconf 87' lang='lat' dir='ltr'>apparari</span> <span class='ocrx_word' id='word_1_438' title='bbox 1295 1565 1429 1626; x_wconf 84' lang='lat' dir='ltr'>fornaces,</span> <span class='ocrx_word' id='word_1_439' title='bbox 1446 1568 1557 1632; x_wconf 84' lang='lat' dir='ltr'>excoqui</span> <span class='ocrx_word' id='word_1_440' title='bbox 1574 1568 1692 1633; x_wconf 76' lang='lat' dir='ltr'>lapidee,</span> <span class='ocrx_word' id='word_1_441' title='bbox 1715 1570 1842 1635; x_wconf 86' lang='lat' dir='ltr'>Europeis</span> <span class='ocrx_word' id='word_1_442' title='bbox 1858 1572 1945 1622; x_wconf 90' lang='lat' dir='ltr'>omni-</span> 
     </span>
     <span class='ocr_line' id='line_1_67' title="bbox 1158 1644 1942 1707; baseline 0.008 -14"><span class='ocrx_word' id='word_1_443' title='bbox 1158 1644 1207 1695; x_wconf 88' lang='lat' dir='ltr'>bus</span> <span class='ocrx_word' id='word_1_444' title='bbox 1229 1646 1341 1695; x_wconf 82' lang='lat' dir='ltr'>alumine</span> <span class='ocrx_word' id='word_1_445' title='bbox 1364 1646 1543 1707; x_wconf 84' lang='lat' dir='ltr'>ministrabis,</span> <span class='ocrx_word' id='word_1_446' title='bbox 1567 1650 1594 1698; x_wconf 86' lang='lat' dir='ltr'>et</span> <span class='ocrx_word' id='word_1_447' title='bbox 1616 1659 1693 1698; x_wconf 89' lang='lat' dir='ltr'>omno</span> <span class='ocrx_word' id='word_1_448' title='bbox 1717 1648 1818 1699; x_wconf 79' lang='lat' dir='ltr'>furcae</span> <span class='ocrx_word' id='word_1_449' title='bbox 1841 1651 1942 1700; x_wconf 91' lang='lat' dir='ltr'>lucrum</span> 
     </span>
     <span class='ocr_line' id='line_1_68' title="bbox 1158 1721 1943 1789; baseline 0.005 -16"><span class='ocrx_word' id='word_1_450' title='bbox 1158 1721 1279 1783; x_wconf 81' lang='lat' dir='ltr'>debriet,</span> <span class='ocrx_word' id='word_1_451' title='bbox 1294 1724 1365 1787; x_wconf 89' lang='lat' dir='ltr'>quod</span> <span class='ocrx_word' id='word_1_452' title='bbox 1381 1724 1428 1774; x_wconf 88' lang='lat' dir='ltr'>tibi</span> <span class='ocrx_word' id='word_1_453' title='bbox 1443 1724 1579 1786; x_wconf 86' lang='lat' dir='ltr'>additam,</span> <span class='ocrx_word' id='word_1_454' title='bbox 1597 1726 1730 1789; x_wconf 88' lang='lat' dir='ltr'>duplicato</span> <span class='ocrx_word' id='word_1_455' title='bbox 1755 1728 1849 1778; x_wconf 89' lang='lat' dir='ltr'>damno</span> <span class='ocrx_word' id='word_1_456' title='bbox 1871 1728 1943 1777; x_wconf 89' lang='lat' dir='ltr'>illum</span> 
     </span>
     <span class='ocr_line' id='line_1_69' title="bbox 1159 1800 1943 1872; baseline 0.005 -18"><span class='ocrx_word' id='word_1_457' title='bbox 1159 1804 1260 1856; x_wconf 82' lang='lat' dir='ltr'>alliciet.</span> <span class='ocrx_word' id='word_1_458' title='bbox 1274 1806 1382 1857; x_wconf 72' lang='lat' dir='ltr'>Materia</span> <span class='ocrx_word' id='word_1_459' title='bbox 1394 1810 1421 1856; x_wconf 92' lang='lat' dir='ltr'>et</span> <span class='ocrx_word' id='word_1_460' title='bbox 1437 1800 1507 1867; x_wconf 84' lang='lat' dir='ltr'>aqua&#39;</span> <span class='ocrx_word' id='word_1_461' title='bbox 1521 1806 1624 1858; x_wconf 86' lang='lat' dir='ltr'>abunde</span> <span class='ocrx_word' id='word_1_462' title='bbox 1641 1810 1771 1872; x_wconf 84' lang='lat' dir='ltr'>suppetit,</span> <span class='ocrx_word' id='word_1_463' title='bbox 1789 1812 1815 1860; x_wconf 91' lang='lat' dir='ltr'>et</span> <span class='ocrx_word' id='word_1_464' title='bbox 1836 1816 1943 1872; x_wconf 92' lang='lat' dir='ltr'>portum</span> 
     </span>
     <span class='ocr_line' id='line_1_70' title="bbox 1158 1882 1943 1951; baseline 0.006 -19"><span class='ocrx_word' id='word_1_465' title='bbox 1158 1882 1240 1940; x_wconf 86' lang='lat' dir='ltr'>babes</span> <span class='ocrx_word' id='word_1_466' title='bbox 1256 1886 1431 1946; x_wconf 91' lang='lat' dir='ltr'>propinquum</span> <span class='ocrx_word' id='word_1_467' title='bbox 1448 1883 1601 1936; x_wconf 83' lang='lat' dir='ltr'>incivitate</span> <span class='ocrx_word' id='word_1_468' title='bbox 1618 1885 1726 1947; x_wconf 87' lang='lat' dir='ltr'>Vetula,</span> <span class='ocrx_word' id='word_1_469' title='bbox 1744 1887 1769 1937; x_wconf 90' lang='lat' dir='ltr'>la</span> <span class='ocrx_word' id='word_1_470' title='bbox 1786 1900 1838 1951; x_wconf 93' lang='lat' dir='ltr'>quo</span> <span class='ocrx_word' id='word_1_471' title='bbox 1861 1900 1943 1948; x_wconf 83' lang='lat' dir='ltr'>naves</span> 
     </span>
     <span class='ocr_line' id='line_1_71' title="bbox 1158 1962 1941 2025; baseline 0.008 -16"><span class='ocrx_word' id='word_1_472' title='bbox 1158 1966 1301 2011; x_wconf 87' lang='lat' dir='ltr'>onerentur</span> <span class='ocrx_word' id='word_1_473' title='bbox 1316 1963 1343 2010; x_wconf 94' lang='lat' dir='ltr'>in</span> <span class='ocrx_word' id='word_1_474' title='bbox 1358 1962 1521 2012; x_wconf 88' lang='lat' dir='ltr'>occidentem</span> <span class='ocrx_word' id='word_1_475' title='bbox 1533 1965 1716 2024; x_wconf 68' lang='lat' dir='ltr'>navigaturam</span> <span class='ocrx_word' id='word_1_476' title='bbox 1730 1965 1818 2015; x_wconf 89' lang='lat' dir='ltr'>licebit</span> <span class='ocrx_word' id='word_1_477' title='bbox 1828 1967 1880 2025; x_wconf 85' lang='lat' dir='ltr'>jam</span> <span class='ocrx_word' id='word_1_478' title='bbox 1893 1965 1941 2015; x_wconf 90' lang='lat' dir='ltr'>tibi</span> 
     </span>
     <span class='ocr_line' id='line_1_72' title="bbox 1156 2039 1942 2096; baseline 0.008 -8"><span class='ocrx_word' id='word_1_479' title='bbox 1156 2040 1285 2090; x_wconf 86' lang='lat' dir='ltr'>adversus</span> <span class='ocrx_word' id='word_1_480' title='bbox 1301 2039 1400 2090; x_wconf 86' lang='lat' dir='ltr'>&#39;furcas</span> <span class='ocrx_word' id='word_1_481' title='bbox 1417 2040 1513 2090; x_wconf 89' lang='lat' dir='ltr'>balium</span> <span class='ocrx_word' id='word_1_482' title='bbox 1531 2043 1669 2092; x_wconf 79' lang='lat' dir='ltr'>instruero</span> <span class='ocrx_word' id='word_1_483' title='bbox 1691 2042 1759 2093; x_wconf 85' lang='lat' dir='ltr'>llaec</span> <span class='ocrx_word' id='word_1_484' title='bbox 1778 2044 1824 2094; x_wconf 89' lang='lat' dir='ltr'>tibi</span> <span class='ocrx_word' id='word_1_485' title='bbox 1841 2046 1942 2096; x_wconf 83' lang='lat' dir='ltr'>minere</span> 
     </span>
     <span class='ocr_line' id='line_1_73' title="bbox 1156 2116 1945 2180; baseline 0.008 -12"><span class='ocrx_word' id='word_1_486' title='bbox 1156 2129 1255 2168; x_wconf 89' lang='lat' dir='ltr'>nervos</span> <span class='ocrx_word' id='word_1_487' title='bbox 1270 2116 1543 2177; x_wconf 82' lang='lat' dir='ltr'>beiliadminlstrabit</span> <span class='ocrx_word' id='word_1_488' title='bbox 1558 2124 1586 2170; x_wconf 90' lang='lat' dir='ltr'>et</span> <span class='ocrx_word' id='word_1_489' title='bbox 1601 2122 1703 2172; x_wconf 88' lang='lat' dir='ltr'>auferet</span> <span class='ocrx_word' id='word_1_490' title='bbox 1715 2123 1827 2180; x_wconf 76' lang='lat' dir='ltr'>Tuscae,</span> <span class='ocrx_word' id='word_1_491' title='bbox 1839 2125 1889 2174; x_wconf 86' lang='lat' dir='ltr'>isoc</span> <span class='ocrx_word' id='word_1_492' title='bbox 1900 2127 1945 2174; x_wconf 85' lang='lat' dir='ltr'>eat</span> 
     </span>
     <span class='ocr_line' id='line_1_74' title="bbox 1155 2194 1945 2257; baseline 0.009 -12"><span class='ocrx_word' id='word_1_493' title='bbox 1155 2197 1302 2257; x_wconf 86' lang='lat' dir='ltr'>pecuniam.</span> <span class='ocrx_word' id='word_1_494' title='bbox 1313 2222 1343 2233; x_wconf 91' lang='lat'><em>-</em></span> <span class='ocrx_word' id='word_1_495' title='bbox 1360 2194 1542 2248; x_wconf 86' lang='lat' dir='ltr'>Deliramentis</span> <span class='ocrx_word' id='word_1_496' title='bbox 1559 2198 1653 2250; x_wconf 88' lang='lat' dir='ltr'>similia</span> <span class='ocrx_word' id='word_1_497' title='bbox 1671 2202 1726 2251; x_wconf 87' lang='lat' dir='ltr'>visa</span> <span class='ocrx_word' id='word_1_498' title='bbox 1743 2205 1803 2252; x_wconf 84' lang='lat' dir='ltr'>surii</span> <span class='ocrx_word' id='word_1_499' title='bbox 1818 2200 1945 2252; x_wconf 75' lang='lat' dir='ltr'>iohannis</span> 
     </span>
     <span class='ocr_line' id='line_1_75' title="bbox 1157 2273 1944 2339; baseline 0.009 -17"><span class='ocrx_word' id='word_1_500' title='bbox 1157 2273 1315 2324; x_wconf 78' lang='lat' dir='ltr'>verbal&#39;rus</span> <span class='ocrx_word' id='word_1_501' title='bbox 1327 2275 1427 2325; x_wconf 89' lang='lat' dir='ltr'>somnia</span> <span class='ocrx_word' id='word_1_502' title='bbox 1443 2275 1612 2339; x_wconf 81' lang='lat' dir='ltr'>existimarit,</span> <span class='ocrx_word' id='word_1_503' title='bbox 1629 2281 1655 2328; x_wconf 91' lang='lat' dir='ltr'>et</span> <span class='ocrx_word' id='word_1_504' title='bbox 1672 2280 1762 2330; x_wconf 89' lang='lat' dir='ltr'>inanes</span> <span class='ocrx_word' id='word_1_505' title='bbox 1778 2283 1944 2329; x_wconf 86' lang='lat' dir='ltr'>astronomo·</span> 
     </span>
     <span class='ocr_line' id='line_1_76' title="bbox 1157 2351 1945 2417; baseline 0.006 -17"><span class='ocrx_word' id='word_1_506' title='bbox 1157 2362 1215 2401; x_wconf 90' lang='lat' dir='ltr'>rum</span> <span class='ocrx_word' id='word_1_507' title='bbox 1237 2351 1357 2410; x_wconf 73' lang='lat' dir='ltr'>labuiasa</span> <span class='ocrx_word' id='word_1_508' title='bbox 1379 2352 1500 2417; x_wconf 86' lang='lat' dir='ltr'>idemque</span> <span class='ocrx_word' id='word_1_509' title='bbox 1527 2353 1678 2406; x_wconf 87' lang='lat' dir='ltr'>Cardinaies</span> <span class='ocrx_word' id='word_1_510' title='bbox 1704 2369 1795 2408; x_wconf 90' lang='lat' dir='ltr'>ornnes</span> <span class='ocrx_word' id='word_1_511' title='bbox 1821 2358 1945 2409; x_wconf 86' lang='lat' dir='ltr'>arbitrati</span> 
     </span>
    </p>
   </div>
   <div class='ocr_carea' id='block_1_11' title="bbox 1135 2430 1945 2499">
    <p class='ocr_par' dir='ltr' id='par_1_13' title="bbox 1135 2430 1945 2499">
     <span class='ocr_line' id='line_1_77' title="bbox 1135 2430 1945 2499; baseline 0.006 -19"><span class='ocrx_word' id='word_1_512' title='bbox 1135 2464 1137 2468; x_wconf 66' lang='lat'>,</span> <span class='ocrx_word' id='word_1_513' title='bbox 1156 2435 1225 2483; x_wconf 91' lang='lat' dir='ltr'>sunt.</span> <span class='ocrx_word' id='word_1_514' title='bbox 1241 2430 1382 2491; x_wconf 81' lang='lat' dir='ltr'>lebannes,</span> <span class='ocrx_word' id='word_1_515' title='bbox 1394 2434 1513 2496; x_wconf 83' lang='lat' dir='ltr'>quamvis</span> <span class='ocrx_word' id='word_1_516' title='bbox 1529 2445 1609 2498; x_wconf 84' lang='lat' dir='ltr'>saepe</span> <span class='ocrx_word' id='word_1_517' title='bbox 1626 2439 1740 2496; x_wconf 84' lang='lat' dir='ltr'>rejectus</span> <span class='ocrx_word' id='word_1_518' title='bbox 1756 2440 1862 2495; x_wconf 73' lang='lat' dir='ltr'>assata</span> <span class='ocrx_word' id='word_1_519' title='bbox 1879 2448 1945 2499; x_wconf 89' lang='lat' dir='ltr'>pro-</span> 
     </span>
    </p>
   </div>
   <div class='ocr_carea' id='block_1_12' title="bbox 1150 2513 1945 5801">
    <p class='ocr_par' dir='ltr' id='par_1_14' title="bbox 1150 2513 1945 4931">
     <span class='ocr_line' id='line_1_78' title="bbox 1156 2513 1941 2574; baseline 0.003 -13"><span class='ocrx_word' id='word_1_520' title='bbox 1156 2513 1244 2573; x_wconf 89' lang='lat' dir='ltr'>posito</span> <span class='ocrx_word' id='word_1_521' title='bbox 1269 2516 1356 2562; x_wconf 89' lang='lat' dir='ltr'>tamen</span> <span class='ocrx_word' id='word_1_522' title='bbox 1381 2526 1434 2563; x_wconf 94' lang='lat' dir='ltr'>non</span> <span class='ocrx_word' id='word_1_523' title='bbox 1458 2514 1586 2572; x_wconf 89' lang='lat' dir='ltr'>recessit,</span> <span class='ocrx_word' id='word_1_524' title='bbox 1603 2526 1671 2564; x_wconf 90' lang='lat' dir='ltr'>nunc</span> <span class='ocrx_word' id='word_1_525' title='bbox 1687 2514 1765 2574; x_wconf 88' lang='lat' dir='ltr'>bunc,</span> <span class='ocrx_word' id='word_1_526' title='bbox 1781 2527 1849 2565; x_wconf 88' lang='lat' dir='ltr'>nunc</span> <span class='ocrx_word' id='word_1_527' title='bbox 1866 2515 1941 2564; x_wconf 91' lang='lat' dir='ltr'>iilum</span> 
     </span>
     <span class='ocr_line' id='line_1_79' title="bbox 1156 2589 1942 2655; baseline 0.006 -18"><span class='ocrx_word' id='word_1_528' title='bbox 1156 2590 1332 2652; x_wconf 88' lang='lat' dir='ltr'>interposuit,</span> <span class='ocrx_word' id='word_1_529' title='bbox 1348 2591 1392 2652; x_wconf 91' lang='lat' dir='ltr'>qui</span> <span class='ocrx_word' id='word_1_530' title='bbox 1409 2589 1459 2639; x_wconf 92' lang='lat' dir='ltr'>sibi</span> <span class='ocrx_word' id='word_1_531' title='bbox 1476 2590 1605 2641; x_wconf 85' lang='lat' dir='ltr'>Pontificis</span> <span class='ocrx_word' id='word_1_532' title='bbox 1622 2591 1721 2641; x_wconf 88' lang='lat' dir='ltr'>aditum</span> <span class='ocrx_word' id='word_1_533' title='bbox 1745 2594 1840 2642; x_wconf 89' lang='lat' dir='ltr'>iterum</span> <span class='ocrx_word' id='word_1_534' title='bbox 1863 2595 1942 2655; x_wconf 90' lang='lat' dir='ltr'>atque</span> 
     </span>
     <span class='ocr_line' id='line_1_80' title="bbox 1155 2667 1940 2738; baseline 0.009 -25"><span class='ocrx_word' id='word_1_535' title='bbox 1155 2667 1248 2717; x_wconf 87' lang='lat' dir='ltr'>iterum</span> <span class='ocrx_word' id='word_1_536' title='bbox 1267 2668 1419 2738; x_wconf 84' lang='lat' dir='ltr'>aperirent,</span> <span class='ocrx_word' id='word_1_537' title='bbox 1441 2680 1530 2718; x_wconf 89' lang='lat' dir='ltr'>coram</span> <span class='ocrx_word' id='word_1_538' title='bbox 1547 2683 1599 2732; x_wconf 92' lang='lat' dir='ltr'>quo</span> <span class='ocrx_word' id='word_1_539' title='bbox 1618 2676 1709 2733; x_wconf 89' lang='lat' dir='ltr'>posset</span> <span class='ocrx_word' id='word_1_540' title='bbox 1730 2675 1940 2735; x_wconf 85' lang='lat' dir='ltr'>experimentum</span> 
     </span>
     <span class='ocr_line' id='line_1_81' title="bbox 1156 2744 1944 2812; baseline 0.008 -19"><span class='ocrx_word' id='word_1_541' title='bbox 1156 2744 1255 2794; x_wconf 85' lang='lat' dir='ltr'>inventi</span> <span class='ocrx_word' id='word_1_542' title='bbox 1274 2746 1367 2808; x_wconf 87' lang='lat' dir='ltr'>lapidis</span> <span class='ocrx_word' id='word_1_543' title='bbox 1384 2745 1478 2797; x_wconf 88' lang='lat' dir='ltr'>facere.</span> <span class='ocrx_word' id='word_1_544' title='bbox 1494 2746 1610 2798; x_wconf 78' lang='lat' dir='ltr'>Pontifex</span> <span class='ocrx_word' id='word_1_545' title='bbox 1628 2762 1715 2800; x_wconf 90' lang='lat' dir='ltr'>rerum</span> <span class='ocrx_word' id='word_1_546' title='bbox 1744 2752 1845 2812; x_wconf 89' lang='lat' dir='ltr'>peritos</span> <span class='ocrx_word' id='word_1_547' title='bbox 1863 2749 1944 2799; x_wconf 82' lang='lat' dir='ltr'>advo·</span> 
     </span>
     <span class='ocr_line' id='line_1_82' title="bbox 1155 2824 1945 2891; baseline 0.004 -17"><span class='ocrx_word' id='word_1_548' title='bbox 1155 2824 1245 2883; x_wconf 70' lang='lat' dir='ltr'>carita</span> <span class='ocrx_word' id='word_1_549' title='bbox 1263 2824 1298 2873; x_wconf 90' lang='lat' dir='ltr'>iiii</span> <span class='ocrx_word' id='word_1_550' title='bbox 1316 2828 1455 2876; x_wconf 90' lang='lat' dir='ltr'>veritatem</span> <span class='ocrx_word' id='word_1_551' title='bbox 1481 2827 1603 2878; x_wconf 89' lang='lat' dir='ltr'>aluminis</span> <span class='ocrx_word' id='word_1_552' title='bbox 1625 2826 1835 2891; x_wconf 77' lang='lat' dir='ltr'>probaveram</span> <span class='ocrx_word' id='word_1_553' title='bbox 1857 2826 1945 2889; x_wconf 89' lang='lat' dir='ltr'>lapide</span> 
     </span>
     <span class='ocr_line' id='line_1_83' title="bbox 1154 2902 1945 2975; baseline 0.01 -25"><span class='ocrx_word' id='word_1_554' title='bbox 1154 2902 1305 2975; x_wconf 86' lang='lat' dir='ltr'>quaesitum</span> <span class='ocrx_word' id='word_1_555' title='bbox 1320 2907 1367 2954; x_wconf 66' lang='lat' dir='ltr'>est⁴</span> <span class='ocrx_word' id='word_1_556' title='bbox 1379 2916 1412 2954; x_wconf 91' lang='lat' dir='ltr'>nc</span> <span class='ocrx_word' id='word_1_557' title='bbox 1428 2903 1502 2956; x_wconf 84' lang='lat' dir='ltr'>traua</span> <span class='ocrx_word' id='word_1_558' title='bbox 1519 2906 1628 2957; x_wconf 90' lang='lat' dir='ltr'>inesset.</span> <span class='ocrx_word' id='word_1_559' title='bbox 1643 2907 1750 2958; x_wconf 89' lang='lat' dir='ltr'>liissum</span> <span class='ocrx_word' id='word_1_560' title='bbox 1767 2906 1800 2958; x_wconf 90' lang='lat' dir='ltr'>ad</span> <span class='ocrx_word' id='word_1_561' title='bbox 1817 2909 1945 2958; x_wconf 89' lang='lat' dir='ltr'>mineram</span> 
     </span>
     <span class='ocr_line' id='line_1_84' title="bbox 1155 2983 1944 3047; baseline 0.008 -18"><span class='ocrx_word' id='word_1_562' title='bbox 1155 2984 1182 3029; x_wconf 87' lang='lat' dir='ltr'>et</span> <span class='ocrx_word' id='word_1_563' title='bbox 1199 2983 1304 3030; x_wconf 85' lang='lat' dir='ltr'>inventa</span> <span class='ocrx_word' id='word_1_564' title='bbox 1321 2984 1378 3037; x_wconf 80' lang='lat' dir='ltr'>ejus</span> <span class='ocrx_word' id='word_1_565' title='bbox 1400 2984 1493 3045; x_wconf 84' lang='lat' dir='ltr'>lapidis</span> <span class='ocrx_word' id='word_1_566' title='bbox 1510 2986 1600 3047; x_wconf 84' lang='lat' dir='ltr'>ingens</span> <span class='ocrx_word' id='word_1_567' title='bbox 1619 2988 1678 3043; x_wconf 82' lang='lat' dir='ltr'>ris;</span> <span class='ocrx_word' id='word_1_568' title='bbox 1695 2986 1782 3036; x_wconf 85' lang='lat' dir='ltr'>vocati</span> <span class='ocrx_word' id='word_1_569' title='bbox 1801 2990 1861 3037; x_wconf 87' lang='lat' dir='ltr'>sunl</span> <span class='ocrx_word' id='word_1_570' title='bbox 1878 2988 1944 3036; x_wconf 91' lang='lat' dir='ltr'>arli-</span> 
     </span>
     <span class='ocr_line' id='line_1_85' title="bbox 1154 3057 1941 3124; baseline 0.013 -18"><span class='ocrx_word' id='word_1_571' title='bbox 1154 3057 1216 3107; x_wconf 88' lang='lat' dir='ltr'>iices</span> <span class='ocrx_word' id='word_1_572' title='bbox 1232 3071 1265 3108; x_wconf 89' lang='lat' dir='ltr'>cx</span> <span class='ocrx_word' id='word_1_573' title='bbox 1277 3061 1382 3117; x_wconf 86' lang='lat' dir='ltr'>Genua,</span> <span class='ocrx_word' id='word_1_574' title='bbox 1394 3062 1437 3122; x_wconf 92' lang='lat' dir='ltr'>qui</span> <span class='ocrx_word' id='word_1_575' title='bbox 1452 3062 1592 3124; x_wconf 87' lang='lat' dir='ltr'>aliquando</span> <span class='ocrx_word' id='word_1_576' title='bbox 1604 3065 1629 3113; x_wconf 94' lang='lat' dir='ltr'>in</span> <span class='ocrx_word' id='word_1_577' title='bbox 1641 3064 1701 3114; x_wconf 79' lang='lat' dir='ltr'>Asia</span> <span class='ocrx_word' id='word_1_578' title='bbox 1713 3065 1815 3115; x_wconf 81' lang='lat' dir='ltr'>Turcae</span> <span class='ocrx_word' id='word_1_579' title='bbox 1828 3066 1941 3116; x_wconf 81' lang='lat' dir='ltr'>alumine</span> 
     </span>
     <span class='ocr_line' id='line_1_86' title="bbox 1155 3138 1943 3205; baseline 0.01 -19"><span class='ocrx_word' id='word_1_580' title='bbox 1155 3141 1313 3187; x_wconf 84' lang='lat' dir='ltr'>tractavere.</span> <span class='ocrx_word' id='word_1_581' title='bbox 1332 3138 1349 3186; x_wconf 88' lang='lat' dir='ltr'>li</span> <span class='ocrx_word' id='word_1_582' title='bbox 1366 3150 1424 3187; x_wconf 87' lang='lat' dir='ltr'>cum</span> <span class='ocrx_word' id='word_1_583' title='bbox 1442 3140 1491 3187; x_wconf 87' lang='lat' dir='ltr'>ioci</span> <span class='ocrx_word' id='word_1_584' title='bbox 1508 3144 1628 3191; x_wconf 89' lang='lat' dir='ltr'>naturam</span> <span class='ocrx_word' id='word_1_585' title='bbox 1646 3155 1694 3205; x_wconf 92' lang='lat' dir='ltr'>per</span> <span class='ocrx_word' id='word_1_586' title='bbox 1710 3145 1796 3193; x_wconf 85' lang='lat' dir='ltr'>omnia</span> <span class='ocrx_word' id='word_1_587' title='bbox 1812 3144 1943 3205; x_wconf 89' lang='lat' dir='ltr'>inspexis-</span> 
     </span>
     <span class='ocr_line' id='line_1_87' title="bbox 1155 3216 1943 3272; baseline 0.006 -6"><span class='ocrx_word' id='word_1_588' title='bbox 1155 3220 1233 3272; x_wconf 84' lang='lat' dir='ltr'>sent,</span> <span class='ocrx_word' id='word_1_589' title='bbox 1250 3216 1362 3266; x_wconf 89' lang='lat' dir='ltr'>similem</span> <span class='ocrx_word' id='word_1_590' title='bbox 1378 3229 1439 3267; x_wconf 86' lang='lat' dir='ltr'>essa</span> <span class='ocrx_word' id='word_1_591' title='bbox 1454 3218 1579 3270; x_wconf 83' lang='lat' dir='ltr'>dixerunt</span> <span class='ocrx_word' id='word_1_592' title='bbox 1594 3222 1716 3271; x_wconf 78' lang='lat' dir='ltr'>Asiaticis</span> <span class='ocrx_word' id='word_1_593' title='bbox 1734 3221 1865 3272; x_wconf 91' lang='lat' dir='ltr'>montibus</span> <span class='ocrx_word' id='word_1_594' title='bbox 1887 3224 1943 3272; x_wconf 89' lang='lat' dir='ltr'>aiu·</span> 
     </span>
     <span class='ocr_line' id='line_1_88' title="bbox 1155 3293 1939 3362; baseline 0.004 -16"><span class='ocrx_word' id='word_1_595' title='bbox 1155 3307 1214 3346; x_wconf 90' lang='lat' dir='ltr'>men</span> <span class='ocrx_word' id='word_1_596' title='bbox 1232 3293 1394 3352; x_wconf 76' lang='lat' dir='ltr'>ferentibuss</span> <span class='ocrx_word' id='word_1_597' title='bbox 1411 3300 1516 3359; x_wconf 87' lang='lat' dir='ltr'>elprae</span> <span class='ocrx_word' id='word_1_598' title='bbox 1533 3298 1627 3359; x_wconf 81' lang='lat' dir='ltr'>gaudio</span> <span class='ocrx_word' id='word_1_599' title='bbox 1645 3299 1802 3359; x_wconf 86' lang='lat' dir='ltr'>illacrimeti‚</span> <span class='ocrx_word' id='word_1_600' title='bbox 1818 3303 1859 3348; x_wconf 87' lang='lat' dir='ltr'>ter</span> <span class='ocrx_word' id='word_1_601' title='bbox 1876 3313 1939 3362; x_wconf 87' lang='lat' dir='ltr'>que·</span> 
     </span>
     <span class='ocr_line' id='line_1_89' title="bbox 1155 3374 1940 3440; baseline 0.006 -19"><span class='ocrx_word' id='word_1_602' title='bbox 1155 3378 1248 3437; x_wconf 90' lang='lat' dir='ltr'>terque</span> <span class='ocrx_word' id='word_1_603' title='bbox 1270 3386 1356 3434; x_wconf 81' lang='lat' dir='ltr'>genua</span> <span class='ocrx_word' id='word_1_604' title='bbox 1382 3374 1536 3434; x_wconf 89' lang='lat' dir='ltr'>tlaclentes,</span> <span class='ocrx_word' id='word_1_605' title='bbox 1552 3374 1633 3426; x_wconf 88' lang='lat' dir='ltr'>Deum</span> <span class='ocrx_word' id='word_1_606' title='bbox 1650 3376 1812 3436; x_wconf 85' lang='lat' dir='ltr'>adoravere,</span> <span class='ocrx_word' id='word_1_607' title='bbox 1829 3376 1940 3440; x_wconf 84' lang='lat' dir='ltr'>eiusque</span> 
     </span>
     <span class='ocr_line' id='line_1_90' title="bbox 1155 3450 1941 3515; baseline 0.004 -14"><span class='ocrx_word' id='word_1_608' title='bbox 1155 3454 1245 3515; x_wconf 88' lang='lat' dir='ltr'>pietati</span> <span class='ocrx_word' id='word_1_609' title='bbox 1260 3450 1438 3511; x_wconf 88' lang='lat' dir='ltr'>benedixere,</span> <span class='ocrx_word' id='word_1_610' title='bbox 1454 3453 1498 3515; x_wconf 93' lang='lat' dir='ltr'>qni</span> <span class='ocrx_word' id='word_1_611' title='bbox 1516 3457 1616 3503; x_wconf 90' lang='lat' dir='ltr'>tantum</span> <span class='ocrx_word' id='word_1_612' title='bbox 1633 3455 1728 3506; x_wconf 92' lang='lat' dir='ltr'>donam</span> <span class='ocrx_word' id='word_1_613' title='bbox 1750 3460 1857 3505; x_wconf 87' lang='lat' dir='ltr'>nostrae</span> <span class='ocrx_word' id='word_1_614' title='bbox 1878 3466 1941 3504; x_wconf 88' lang='lat' dir='ltr'>con·</span> 
     </span>
     <span class='ocr_line' id='line_1_91' title="bbox 1156 3531 1942 3596; baseline 0.003 -14"><span class='ocrx_word' id='word_1_615' title='bbox 1156 3534 1260 3582; x_wconf 86' lang='lat' dir='ltr'>tvrlisset</span> <span class='ocrx_word' id='word_1_616' title='bbox 1284 3531 1710 3596; x_wconf 81' lang='lat' dir='ltr'>aetati.1leooxeralepides,at</span> <span class='ocrx_word' id='word_1_617' title='bbox 1735 3534 1836 3584; x_wconf 89' lang='lat' dir='ltr'>alumen</span> <span class='ocrx_word' id='word_1_618' title='bbox 1859 3536 1942 3584; x_wconf 90' lang='lat' dir='ltr'>multo</span> 
     </span>
     <span class='ocr_line' id='line_1_92' title="bbox 1153 3613 1944 3676; baseline 0.004 -15"><span class='ocrx_word' id='word_1_619' title='bbox 1153 3613 1330 3673; x_wconf 86' lang='lat' dir='ltr'>praestantius</span> <span class='ocrx_word' id='word_1_620' title='bbox 1346 3624 1377 3661; x_wconf 89' lang='lat' dir='ltr'>ao</span> <span class='ocrx_word' id='word_1_621' title='bbox 1393 3614 1510 3674; x_wconf 91' lang='lat' dir='ltr'>pulcrius</span> <span class='ocrx_word' id='word_1_622' title='bbox 1526 3613 1601 3672; x_wconf 88' lang='lat' dir='ltr'>exiit,</span> <span class='ocrx_word' id='word_1_623' title='bbox 1615 3626 1695 3676; x_wconf 89' lang='lat' dir='ltr'>quam</span> <span class='ocrx_word' id='word_1_624' title='bbox 1711 3614 1772 3666; x_wconf 91' lang='lat' dir='ltr'>iliud</span> <span class='ocrx_word' id='word_1_625' title='bbox 1787 3614 1944 3664; x_wconf 81' lang='lat' dir='ltr'>Asiaticum.</span> 
     </span>
     <span class='ocr_line' id='line_1_93' title="bbox 1153 3690 1943 3750; baseline -0.003 -9"><span class='ocrx_word' id='word_1_626' title='bbox 1153 3691 1258 3741; x_wconf 88' lang='lat' dir='ltr'>llissum</span> <span class='ocrx_word' id='word_1_627' title='bbox 1283 3694 1324 3740; x_wconf 90' lang='lat' dir='ltr'>cst</span> <span class='ocrx_word' id='word_1_628' title='bbox 1341 3694 1367 3739; x_wconf 92' lang='lat' dir='ltr'>et</span> <span class='ocrx_word' id='word_1_629' title='bbox 1383 3690 1416 3740; x_wconf 89' lang='lat' dir='ltr'>ad</span> <span class='ocrx_word' id='word_1_630' title='bbox 1433 3690 1544 3741; x_wconf 86' lang='lat' dir='ltr'>Venetos</span> <span class='ocrx_word' id='word_1_631' title='bbox 1561 3696 1587 3741; x_wconf 88' lang='lat' dir='ltr'>et</span> <span class='ocrx_word' id='word_1_632' title='bbox 1603 3692 1635 3742; x_wconf 90' lang='lat' dir='ltr'>ad</span> <span class='ocrx_word' id='word_1_633' title='bbox 1651 3690 1829 3750; x_wconf 83' lang='lat' dir='ltr'>Florentinos;</span> <span class='ocrx_word' id='word_1_634' title='bbox 1844 3691 1943 3741; x_wconf 90' lang='lat' dir='ltr'>factum</span> 
     </span>
     <span class='ocr_line' id='line_1_94' title="bbox 1154 3768 1944 3833; baseline 0.005 -16"><span class='ocrx_word' id='word_1_635' title='bbox 1154 3768 1320 3829; x_wconf 89' lang='lat' dir='ltr'>periculum,</span> <span class='ocrx_word' id='word_1_636' title='bbox 1337 3782 1380 3819; x_wconf 87' lang='lat' dir='ltr'>res</span> <span class='ocrx_word' id='word_1_637' title='bbox 1396 3770 1453 3831; x_wconf 89' lang='lat' dir='ltr'>ipsa</span> <span class='ocrx_word' id='word_1_638' title='bbox 1470 3770 1618 3832; x_wconf 91' lang='lat' dir='ltr'>opinionem</span> <span class='ocrx_word' id='word_1_639' title='bbox 1645 3772 1798 3833; x_wconf 76' lang='lat' dir='ltr'>superavita</span> <span class='ocrx_word' id='word_1_640' title='bbox 1816 3774 1843 3819; x_wconf 87' lang='lat' dir='ltr'>et</span> <span class='ocrx_word' id='word_1_641' title='bbox 1865 3769 1944 3832; x_wconf 89' lang='lat' dir='ltr'>primi</span> 
     </span>
     <span class='ocr_line' id='line_1_95' title="bbox 1157 3846 1943 3911; baseline 0.003 -14"><span class='ocrx_word' id='word_1_642' title='bbox 1157 3846 1309 3897; x_wconf 87' lang='lat' dir='ltr'>Ganuenses</span> <span class='ocrx_word' id='word_1_643' title='bbox 1327 3861 1376 3911; x_wconf 92' lang='lat' dir='ltr'>pro</span> <span class='ocrx_word' id='word_1_644' title='bbox 1392 3849 1482 3911; x_wconf 79' lang='lat' dir='ltr'>viginti</span> <span class='ocrx_word' id='word_1_645' title='bbox 1499 3848 1612 3899; x_wconf 89' lang='lat' dir='ltr'>millibus</span> <span class='ocrx_word' id='word_1_646' title='bbox 1634 3851 1720 3899; x_wconf 89' lang='lat' dir='ltr'>aureis</span> <span class='ocrx_word' id='word_1_647' title='bbox 1742 3852 1884 3899; x_wconf 90' lang='lat' dir='ltr'>mercatum</span> <span class='ocrx_word' id='word_1_648' title='bbox 1906 3849 1943 3899; x_wconf 85' lang='lat' dir='ltr'>lc·</span> 
     </span>
     <span class='ocr_line' id='line_1_96' title="bbox 1154 3925 1943 3990; baseline 0.003 -15"><span class='ocrx_word' id='word_1_649' title='bbox 1154 3936 1224 3976; x_wconf 82' lang='lat' dir='ltr'>cere.</span> <span class='ocrx_word' id='word_1_650' title='bbox 1241 3926 1333 3976; x_wconf 84' lang='lat' dir='ltr'>Postea</span> <span class='ocrx_word' id='word_1_651' title='bbox 1349 3925 1459 3978; x_wconf 87' lang='lat' dir='ltr'>Cosmus</span> <span class='ocrx_word' id='word_1_652' title='bbox 1475 3927 1588 3976; x_wconf 88' lang='lat' dir='ltr'>liedices</span> <span class='ocrx_word' id='word_1_653' title='bbox 1608 3931 1721 3989; x_wconf 86' lang='lat' dir='ltr'>quinque</span> <span class='ocrx_word' id='word_1_654' title='bbox 1737 3932 1763 3977; x_wconf 89' lang='lat' dir='ltr'>et</span> <span class='ocrx_word' id='word_1_655' title='bbox 1780 3929 1943 3990; x_wconf 77' lang='lat' dir='ltr'>septuaginta</span> 
     </span>
     <span class='ocr_line' id='line_1_97' title="bbox 1155 4005 1939 4068; baseline 0.005 -14"><span class='ocrx_word' id='word_1_656' title='bbox 1155 4005 1234 4054; x_wconf 88' lang='lat' dir='ltr'>miliia</span> <span class='ocrx_word' id='word_1_657' title='bbox 1261 4006 1318 4054; x_wconf 89' lang='lat' dir='ltr'>auri</span> <span class='ocrx_word' id='word_1_658' title='bbox 1346 4015 1484 4054; x_wconf 91' lang='lat' dir='ltr'>numerum</span> <span class='ocrx_word' id='word_1_659' title='bbox 1501 4008 1527 4053; x_wconf 91' lang='lat' dir='ltr'>in</span> <span class='ocrx_word' id='word_1_660' title='bbox 1543 4017 1600 4054; x_wconf 88' lang='lat' dir='ltr'>eam</span> <span class='ocrx_word' id='word_1_661' title='bbox 1629 4018 1683 4054; x_wconf 87' lang='lat' dir='ltr'>rem</span> <span class='ocrx_word' id='word_1_662' title='bbox 1708 4005 1836 4065; x_wconf 66' lang='lat' dir='ltr'>contuita</span> <span class='ocrx_word' id='word_1_663' title='bbox 1859 4010 1939 4068; x_wconf 85' lang='lat' dir='ltr'>atquc</span> 
     </span>
     <span class='ocr_line' id='line_1_98' title="bbox 1157 4083 1942 4147; baseline 0 -15"><span class='ocrx_word' id='word_1_664' title='bbox 1157 4088 1255 4133; x_wconf 89' lang='lat' dir='ltr'>tantum</span> <span class='ocrx_word' id='word_1_665' title='bbox 1281 4084 1354 4144; x_wconf 89' lang='lat' dir='ltr'>prior</span> <span class='ocrx_word' id='word_1_666' title='bbox 1370 4093 1454 4131; x_wconf 89' lang='lat' dir='ltr'>annus</span> <span class='ocrx_word' id='word_1_667' title='bbox 1471 4083 1556 4132; x_wconf 89' lang='lat' dir='ltr'>attulit</span> <span class='ocrx_word' id='word_1_668' title='bbox 1577 4088 1684 4145; x_wconf 87' lang='lat' dir='ltr'>praeter</span> <span class='ocrx_word' id='word_1_669' title='bbox 1705 4086 1819 4136; x_wconf 91' lang='lat' dir='ltr'>omnium</span> <span class='ocrx_word' id='word_1_670' title='bbox 1837 4084 1942 4147; x_wconf 90' lang='lat' dir='ltr'>opinio·</span> 
     </span>
     <span class='ocr_line' id='line_1_99' title="bbox 1153 4160 1941 4224; baseline 0 -13"><span class='ocrx_word' id='word_1_671' title='bbox 1153 4175 1233 4220; x_wconf 89' lang='lat' dir='ltr'>nem,</span> <span class='ocrx_word' id='word_1_672' title='bbox 1251 4164 1361 4223; x_wconf 89' lang='lat' dir='ltr'>propter</span> <span class='ocrx_word' id='word_1_673' title='bbox 1378 4160 1448 4223; x_wconf 89' lang='lat' dir='ltr'>quod</span> <span class='ocrx_word' id='word_1_674' title='bbox 1464 4160 1522 4210; x_wconf 90' lang='lat' dir='ltr'>Pius</span> <span class='ocrx_word' id='word_1_675' title='bbox 1541 4160 1685 4211; x_wconf 82' lang='lat' dir='ltr'>Joliannem</span> <span class='ocrx_word' id='word_1_676' title='bbox 1702 4165 1803 4212; x_wconf 89' lang='lat' dir='ltr'>censuit</span> <span class='ocrx_word' id='word_1_677' title='bbox 1820 4161 1941 4224; x_wconf 89' lang='lat' dir='ltr'>dignum,</span> 
     </span>
     <span class='ocr_line' id='line_1_100' title="bbox 1155 4238 1939 4303; baseline -0.001 -13"><span class='ocrx_word' id='word_1_678' title='bbox 1155 4252 1233 4303; x_wconf 90' lang='lat' dir='ltr'>quem</span> <span class='ocrx_word' id='word_1_679' title='bbox 1250 4238 1426 4301; x_wconf 82' lang='lat' dir='ltr'>singularibus</span> <span class='ocrx_word' id='word_1_680' title='bbox 1449 4244 1656 4301; x_wconf 86' lang='lat' dir='ltr'>prosequeretur</span> <span class='ocrx_word' id='word_1_681' title='bbox 1673 4238 1834 4298; x_wconf 85' lang='lat' dir='ltr'>bonoribus,</span> <span class='ocrx_word' id='word_1_682' title='bbox 1849 4243 1876 4289; x_wconf 88' lang='lat' dir='ltr'>ct</span> <span class='ocrx_word' id='word_1_683' title='bbox 1896 4242 1939 4289; x_wconf 88' lang='lat' dir='ltr'>cui</span> 
     </span>
     <span class='ocr_line' id='line_1_101' title="bbox 1154 4316 1942 4382; baseline 0 -13"><span class='ocrx_word' id='word_1_684' title='bbox 1154 4321 1241 4369; x_wconf 88' lang='lat' dir='ltr'>statua</span> <span class='ocrx_word' id='word_1_685' title='bbox 1263 4317 1410 4380; x_wconf 81' lang='lat' dir='ltr'>erigeretur</span> <span class='ocrx_word' id='word_1_686' title='bbox 1432 4316 1458 4365; x_wconf 92' lang='lat' dir='ltr'>in</span> <span class='ocrx_word' id='word_1_687' title='bbox 1481 4318 1587 4379; x_wconf 87' lang='lat' dir='ltr'>patria,</span> <span class='ocrx_word' id='word_1_688' title='bbox 1604 4318 1631 4368; x_wconf 92' lang='lat' dir='ltr'>in</span> <span class='ocrx_word' id='word_1_689' title='bbox 1647 4331 1698 4382; x_wconf 88' lang='lat' dir='ltr'>qua</span> <span class='ocrx_word' id='word_1_690' title='bbox 1723 4320 1850 4380; x_wconf 85' lang='lat' dir='ltr'>scriptum</span> <span class='ocrx_word' id='word_1_691' title='bbox 1867 4325 1942 4369; x_wconf 86' lang='lat' dir='ltr'>esset</span> 
     </span>
     <span class='ocr_line' id='line_1_102' title="bbox 1155 4395 1943 4454; baseline 0.001 -7"><span class='ocrx_word' id='word_1_692' title='bbox 1155 4417 1165 4439; x_wconf 87' lang='lat'><strong>·</strong></span> <span class='ocrx_word' id='word_1_693' title='bbox 1183 4395 1290 4447; x_wconf 83' lang='lat' dir='ltr'>iohanni</span> <span class='ocrx_word' id='word_1_694' title='bbox 1308 4396 1341 4446; x_wconf 89' lang='lat' dir='ltr'>de</span> <span class='ocrx_word' id='word_1_695' title='bbox 1357 4395 1588 4454; x_wconf 85' lang='lat' dir='ltr'>Castro,aiuminis</span> <span class='ocrx_word' id='word_1_696' title='bbox 1600 4399 1731 4451; x_wconf 88' lang='lat' dir='ltr'>inventori</span> <span class='ocrx_word' id='word_1_697' title='bbox 1744 4419 1763 4446; x_wconf 87' lang='lat'>·.</span> <span class='ocrx_word' id='word_1_698' title='bbox 1779 4398 1820 4448; x_wconf 84' lang='lat' dir='ltr'>Pii</span> <span class='ocrx_word' id='word_1_699' title='bbox 1834 4399 1943 4448; x_wconf 84' lang='lat' dir='ltr'>Secundi</span> 
     </span>
     <span class='ocr_line' id='line_1_103' title="bbox 1152 4473 1943 4538; baseline 0.003 -14"><span class='ocrx_word' id='word_1_700' title='bbox 1152 4473 1223 4525; x_wconf 85' lang='lat' dir='ltr'>Pont.</span> <span class='ocrx_word' id='word_1_701' title='bbox 1231 4474 1299 4525; x_wconf 76' lang='lat' dir='ltr'>liam</span> <span class='ocrx_word' id='word_1_702' title='bbox 1310 4474 1492 4525; x_wconf 81' lang='lat' dir='ltr'>commentarii</span> <span class='ocrx_word' id='word_1_703' title='bbox 1501 4488 1588 4527; x_wconf 80' lang='lat' dir='ltr'>rerum</span> <span class='ocrx_word' id='word_1_704' title='bbox 1596 4476 1796 4527; x_wconf 82' lang='lat' dir='ltr'>memorabilium</span> <span class='ocrx_word' id='word_1_705' title='bbox 1806 4489 1869 4538; x_wconf 85' lang='lat' dir='ltr'>quoe</span> <span class='ocrx_word' id='word_1_706' title='bbox 1878 4479 1943 4527; x_wconf 87' lang='lat' dir='ltr'>iem·</span> 
     </span>
     <span class='ocr_line' id='line_1_104' title="bbox 1152 4554 1942 4619; baseline 0.005 -15"><span class='ocrx_word' id='word_1_707' title='bbox 1152 4554 1257 4614; x_wconf 81' lang='lat' dir='ltr'>poribus</span> <span class='ocrx_word' id='word_1_708' title='bbox 1280 4554 1334 4604; x_wconf 81' lang='lat' dir='ltr'>scia</span> <span class='ocrx_word' id='word_1_709' title='bbox 1358 4555 1534 4619; x_wconf 74' lang='lat' dir='ltr'>contigerunt,</span> <span class='ocrx_word' id='word_1_710' title='bbox 1550 4568 1567 4605; x_wconf 86' lang='lat' dir='ltr'>a</span> <span class='ocrx_word' id='word_1_711' title='bbox 1583 4555 1609 4605; x_wconf 88' lang='lat' dir='ltr'>ii.</span> <span class='ocrx_word' id='word_1_712' title='bbox 1629 4556 1660 4607; x_wconf 86' lang='lat' dir='ltr'>l).</span> <span class='ocrx_word' id='word_1_713' title='bbox 1681 4556 1793 4607; x_wconf 81' lang='lat' dir='ltr'>lobonne</span> <span class='ocrx_word' id='word_1_714' title='bbox 1815 4555 1942 4608; x_wconf 83' lang='lat' dir='ltr'>Gobeilmo</span> 
     </span>
     <span class='ocr_line' id='line_1_105' title="bbox 1150 4634 1942 4697; baseline 0.004 -14"><span class='ocrx_word' id='word_1_715' title='bbox 1150 4635 1251 4697; x_wconf 69' lang='lat' dir='ltr'>iamdiu</span> <span class='ocrx_word' id='word_1_716' title='bbox 1266 4634 1403 4695; x_wconf 82' lang='lat' dir='ltr'>compositi</span> <span class='ocrx_word' id='word_1_717' title='bbox 1417 4638 1442 4685; x_wconf 88' lang='lat' dir='ltr'>et</span> <span class='ocrx_word' id='word_1_718' title='bbox 1457 4649 1472 4684; x_wconf 93' lang='lat' dir='ltr'>o</span> <span class='ocrx_word' id='word_1_719' title='bbox 1487 4635 1514 4684; x_wconf 88' lang='lat' dir='ltr'>li.</span> <span class='ocrx_word' id='word_1_720' title='bbox 1529 4636 1561 4686; x_wconf 87' lang='lat' dir='ltr'>D.</span> <span class='ocrx_word' id='word_1_721' title='bbox 1576 4636 1714 4687; x_wconf 81' lang='lat' dir='ltr'>Proneiroo</span> <span class='ocrx_word' id='word_1_722' title='bbox 1726 4635 1841 4686; x_wconf 77' lang='lat' dir='ltr'>bordino</span> <span class='ocrx_word' id='word_1_723' title='bbox 1857 4636 1942 4686; x_wconf 83' lang='lat' dir='ltr'>Piceo·</span> 
     </span>
     <span class='ocr_line' id='line_1_106' title="bbox 1153 4714 1943 4776; baseline 0.004 -13"><span class='ocrx_word' id='word_1_724' title='bbox 1153 4714 1261 4764; x_wconf 85' lang='lat' dir='ltr'>iominco</span> <span class='ocrx_word' id='word_1_725' title='bbox 1285 4714 1400 4776; x_wconf 76' lang='lat' dir='ltr'>Arcltiep.</span> <span class='ocrx_word' id='word_1_726' title='bbox 1422 4714 1525 4765; x_wconf 84' lang='lat' dir='ltr'>Senensi</span> <span class='ocrx_word' id='word_1_727' title='bbox 1549 4728 1581 4765; x_wconf 73' lang='lat' dir='ltr'>esc</span> <span class='ocrx_word' id='word_1_728' title='bbox 1601 4718 1699 4766; x_wconf 81' lang='lat' dir='ltr'>uetusto</span> <span class='ocrx_word' id='word_1_729' title='bbox 1726 4715 1848 4774; x_wconf 77' lang='lat' dir='ltr'>originali</span> <span class='ocrx_word' id='word_1_730' title='bbox 1869 4728 1943 4766; x_wconf 86' lang='lat' dir='ltr'>reco-</span> 
     </span>
     <span class='ocr_line' id='line_1_107' title="bbox 1153 4793 1940 4858; baseline 0.004 -15"><span class='ocrx_word' id='word_1_731' title='bbox 1153 4795 1220 4858; x_wconf 77' lang='lat' dir='ltr'>gniti</span> <span class='ocrx_word' id='word_1_732' title='bbox 1234 4797 1280 4844; x_wconf 89' lang='lat' dir='ltr'>eto.</span> <span class='ocrx_word' id='word_1_733' title='bbox 1297 4793 1462 4857; x_wconf 74' lang='lat' dir='ltr'>Fronoofurti</span> <span class='ocrx_word' id='word_1_734' title='bbox 1478 4795 1548 4854; x_wconf 78' lang='lat' dir='ltr'>ibit,</span> <span class='ocrx_word' id='word_1_735' title='bbox 1565 4793 1592 4841; x_wconf 85' lang='lat' dir='ltr'>in</span> <span class='ocrx_word' id='word_1_736' title='bbox 1613 4793 1711 4856; x_wconf 73' lang='lat' dir='ltr'>Officino</span> <span class='ocrx_word' id='word_1_737' title='bbox 1732 4794 1860 4855; x_wconf 70' lang='lat' dir='ltr'>damiano</span> <span class='ocrx_word' id='word_1_738' title='bbox 1878 4807 1940 4857; x_wconf 77' lang='lat' dir='ltr'>pop.</span> 
     </span>
     <span class='ocr_line' id='line_1_108' title="bbox 1155 4874 1283 4931; baseline -0.008 -10"><span class='ocrx_word' id='word_1_739' title='bbox 1155 4874 1210 4931; x_wconf 83' lang='lat'>185,</span> <span class='ocrx_word' id='word_1_740' title='bbox 1228 4875 1283 4924; x_wconf 86' lang='grc'>186.</span> 
     </span>
    </p>

    <p class='ocr_par' dir='ltr' id='par_1_15' title="bbox 1152 4949 1940 5801">
     <span class='ocr_line' id='line_1_109' title="bbox 1196 4949 1940 5013; baseline -0.001 -12"><span class='ocrx_word' id='word_1_741' title='bbox 1196 4950 1247 5001; x_wconf 89' lang='lat' dir='ltr'>Sed</span> <span class='ocrx_word' id='word_1_742' title='bbox 1263 4950 1296 5000; x_wconf 88' lang='lat' dir='ltr'>ab</span> <span class='ocrx_word' id='word_1_743' title='bbox 1313 4962 1379 4999; x_wconf 89' lang='lat' dir='ltr'>anno</span> <span class='ocrx_word' id='word_1_744' title='bbox 1392 4950 1581 5008; x_wconf 76' lang='lat' dir='ltr'>ibti,alumina</span> <span class='ocrx_word' id='word_1_745' title='bbox 1593 4949 1684 5001; x_wconf 81' lang='lat' dir='ltr'>Pollae</span> <span class='ocrx_word' id='word_1_746' title='bbox 1701 4952 1734 5001; x_wconf 84' lang='lat' dir='ltr'>ab</span> <span class='ocrx_word' id='word_1_747' title='bbox 1750 4951 1856 5013; x_wconf 87' lang='lat' dir='ltr'>antiqua</span> <span class='ocrx_word' id='word_1_748' title='bbox 1872 4951 1940 5000; x_wconf 85' lang='lat' dir='ltr'>cele·</span> 
     </span>
     <span class='ocr_line' id='line_1_110' title="bbox 1157 5028 1940 5093; baseline -0.003 -13"><span class='ocrx_word' id='word_1_749' title='bbox 1157 5030 1273 5088; x_wconf 87' lang='lat' dir='ltr'>britate‚</span> <span class='ocrx_word' id='word_1_750' title='bbox 1290 5033 1347 5079; x_wconf 88' lang='lat' dir='ltr'>eta</span> <span class='ocrx_word' id='word_1_751' title='bbox 1370 5028 1433 5080; x_wconf 89' lang='lat' dir='ltr'>loris</span> <span class='ocrx_word' id='word_1_752' title='bbox 1451 5031 1614 5080; x_wconf 89' lang='lat' dir='ltr'>mercatoriis</span> <span class='ocrx_word' id='word_1_753' title='bbox 1631 5029 1750 5093; x_wconf 83' lang='lat' dir='ltr'>Europae</span> <span class='ocrx_word' id='word_1_754' title='bbox 1766 5034 1940 5090; x_wconf 83' lang='lat' dir='ltr'>evanuerunt,</span> 
     </span>
     <span class='ocr_line' id='line_1_111' title="bbox 1156 5107 1940 5159; baseline -0.001 0"><span class='ocrx_word' id='word_1_755' title='bbox 1156 5112 1183 5159; x_wconf 93' lang='lat' dir='ltr'>et</span> <span class='ocrx_word' id='word_1_756' title='bbox 1199 5110 1224 5157; x_wconf 91' lang='lat' dir='ltr'>ia</span> <span class='ocrx_word' id='word_1_757' title='bbox 1241 5120 1332 5158; x_wconf 89' lang='lat' dir='ltr'>eorum</span> <span class='ocrx_word' id='word_1_758' title='bbox 1355 5109 1440 5158; x_wconf 89' lang='lat' dir='ltr'>locum</span> <span class='ocrx_word' id='word_1_759' title='bbox 1457 5111 1518 5158; x_wconf 91' lang='lat' dir='ltr'>suat</span> <span class='ocrx_word' id='word_1_760' title='bbox 1535 5107 1677 5158; x_wconf 84' lang='lat' dir='ltr'>avibsiituta</span> <span class='ocrx_word' id='word_1_761' title='bbox 1700 5110 1811 5158; x_wconf 86' lang='lat' dir='ltr'>alumine</span> <span class='ocrx_word' id='word_1_762' title='bbox 1831 5107 1872 5156; x_wconf 89' lang='lat' dir='ltr'>vel</span> <span class='ocrx_word' id='word_1_763' title='bbox 1894 5108 1940 5158; x_wconf 89' lang='lat' dir='ltr'>de·</span> 
     </span>
     <span class='ocr_line' id='line_1_112' title="bbox 1154 5187 1938 5249; baseline -0.001 -12"><span class='ocrx_word' id='word_1_764' title='bbox 1154 5193 1248 5249; x_wconf 86' lang='lat' dir='ltr'>parata</span> <span class='ocrx_word' id='word_1_765' title='bbox 1264 5188 1306 5236; x_wconf 85' lang='lat' dir='ltr'>vel</span> <span class='ocrx_word' id='word_1_766' title='bbox 1324 5191 1381 5236; x_wconf 88' lang='lat' dir='ltr'>arte</span> <span class='ocrx_word' id='word_1_767' title='bbox 1401 5188 1482 5243; x_wconf 84' lang='lat' dir='ltr'>iacta,</span> <span class='ocrx_word' id='word_1_768' title='bbox 1500 5199 1576 5246; x_wconf 88' lang='lat' dir='ltr'>cum,</span> <span class='ocrx_word' id='word_1_769' title='bbox 1593 5187 1760 5236; x_wconf 87' lang='lat' dir='ltr'>scientiarum</span> <span class='ocrx_word' id='word_1_770' title='bbox 1782 5187 1938 5236; x_wconf 88' lang='lat' dir='ltr'>naturalium</span> 
     </span>
     <span class='ocr_line' id='line_1_113' title="bbox 1153 5262 1940 5328; baseline -0.001 -14"><span class='ocrx_word' id='word_1_771' title='bbox 1153 5266 1280 5320; x_wconf 87' lang='lat' dir='ltr'>cultores,</span> <span class='ocrx_word' id='word_1_772' title='bbox 1296 5265 1461 5328; x_wconf 82' lang='lat' dir='ltr'>investigatis</span> <span class='ocrx_word' id='word_1_773' title='bbox 1478 5271 1504 5315; x_wconf 89' lang='lat' dir='ltr'>et</span> <span class='ocrx_word' id='word_1_774' title='bbox 1520 5262 1708 5326; x_wconf 90' lang='lat' dir='ltr'>decompositis</span> <span class='ocrx_word' id='word_1_775' title='bbox 1717 5263 1872 5315; x_wconf 88' lang='lat' dir='ltr'>substantiis</span> <span class='ocrx_word' id='word_1_776' title='bbox 1885 5266 1940 5314; x_wconf 88' lang='lat' dir='ltr'>alu-</span> 
     </span>
     <span class='ocr_line' id='line_1_114' title="bbox 1154 5344 1938 5402; baseline 0.001 -9"><span class='ocrx_word' id='word_1_777' title='bbox 1154 5346 1230 5394; x_wconf 87' lang='lat' dir='ltr'>minis</span> <span class='ocrx_word' id='word_1_778' title='bbox 1249 5346 1366 5402; x_wconf 86' lang='lat' dir='ltr'>romani,</span> <span class='ocrx_word' id='word_1_779' title='bbox 1382 5345 1487 5394; x_wconf 88' lang='lat' dir='ltr'>modum</span> <span class='ocrx_word' id='word_1_780' title='bbox 1505 5344 1656 5395; x_wconf 82' lang='lat' dir='ltr'>invenerint</span> <span class='ocrx_word' id='word_1_781' title='bbox 1672 5346 1714 5394; x_wconf 89' lang='lat' dir='ltr'>vai</span> <span class='ocrx_word' id='word_1_782' title='bbox 1731 5344 1876 5394; x_wconf 87' lang='lat' dir='ltr'>secretione</span> <span class='ocrx_word' id='word_1_783' title='bbox 1896 5346 1938 5395; x_wconf 85' lang='lat' dir='ltr'>rei</span> 
     </span>
     <span class='ocr_line' id='line_1_115' title="bbox 1153 5422 1939 5486; baseline -0.001 -12"><span class='ocrx_word' id='word_1_784' title='bbox 1153 5425 1247 5475; x_wconf 89' lang='lat' dir='ltr'>unione</span> <span class='ocrx_word' id='word_1_785' title='bbox 1263 5424 1489 5482; x_wconf 64' lang='lat' dir='ltr'>substantiarum,</span> <span class='ocrx_word' id='word_1_786' title='bbox 1506 5422 1695 5486; x_wconf 84' lang='lat' dir='ltr'>Parlactionem</span> <span class='ocrx_word' id='word_1_787' title='bbox 1713 5436 1847 5474; x_wconf 88' lang='lat' dir='ltr'>romanam</span> <span class='ocrx_word' id='word_1_788' title='bbox 1864 5422 1939 5473; x_wconf 88' lang='lat' dir='ltr'>indu·</span> 
     </span>
     <span class='ocr_line' id='line_1_116' title="bbox 1152 5500 1939 5566; baseline 0.003 -16"><span class='ocrx_word' id='word_1_789' title='bbox 1152 5515 1213 5553; x_wconf 87' lang='lat' dir='ltr'>carc</span> <span class='ocrx_word' id='word_1_790' title='bbox 1229 5504 1254 5551; x_wconf 93' lang='lat' dir='ltr'>in</span> <span class='ocrx_word' id='word_1_791' title='bbox 1272 5500 1429 5552; x_wconf 89' lang='lat' dir='ltr'>aluminlbus</span> <span class='ocrx_word' id='word_1_792' title='bbox 1444 5504 1578 5566; x_wconf 90' lang='lat' dir='ltr'>propriis,</span> <span class='ocrx_word' id='word_1_793' title='bbox 1594 5502 1637 5551; x_wconf 90' lang='lat' dir='ltr'>vci</span> <span class='ocrx_word' id='word_1_794' title='bbox 1655 5502 1688 5552; x_wconf 87' lang='lat' dir='ltr'>de</span> <span class='ocrx_word' id='word_1_795' title='bbox 1707 5514 1783 5558; x_wconf 84' lang='lat' dir='ltr'>novo,</span> <span class='ocrx_word' id='word_1_796' title='bbox 1800 5505 1828 5551; x_wconf 94' lang='lat' dir='ltr'>ut</span> <span class='ocrx_word' id='word_1_797' title='bbox 1845 5502 1881 5552; x_wconf 90' lang='lat' dir='ltr'>ita</span> <span class='ocrx_word' id='word_1_798' title='bbox 1897 5502 1939 5552; x_wconf 88' lang='lat' dir='ltr'>di·</span> 
     </span>
     <span class='ocr_line' id='line_1_117' title="bbox 1152 5579 1936 5642; baseline 0.003 -13"><span class='ocrx_word' id='word_1_799' title='bbox 1152 5592 1219 5639; x_wconf 87' lang='lat' dir='ltr'>cam,</span> <span class='ocrx_word' id='word_1_800' title='bbox 1235 5580 1388 5630; x_wconf 87' lang='lat' dir='ltr'>substantiis</span> <span class='ocrx_word' id='word_1_801' title='bbox 1405 5579 1553 5642; x_wconf 79' lang='lat' dir='ltr'>omogencis</span> <span class='ocrx_word' id='word_1_802' title='bbox 1577 5592 1745 5642; x_wconf 87' lang='lat' dir='ltr'>componere.</span> <span class='ocrx_word' id='word_1_803' title='bbox 1762 5579 1801 5629; x_wconf 86' lang='lat' dir='ltr'>Sic</span> <span class='ocrx_word' id='word_1_804' title='bbox 1818 5582 1936 5642; x_wconf 78' lang='lat' dir='ltr'>ingentes</span> 
     </span>
     <span class='ocr_line' id='line_1_118' title="bbox 1152 5660 1937 5723; baseline 0.009 -16"><span class='ocrx_word' id='word_1_805' title='bbox 1152 5663 1300 5721; x_wconf 85' lang='lat' dir='ltr'>proventus</span> <span class='ocrx_word' id='word_1_806' title='bbox 1312 5660 1399 5709; x_wconf 84' lang='lat' dir='ltr'>italiae</span> <span class='ocrx_word' id='word_1_807' title='bbox 1411 5660 1540 5710; x_wconf 83' lang='lat' dir='ltr'>llomnnnc</span> <span class='ocrx_word' id='word_1_808' title='bbox 1552 5663 1613 5723; x_wconf 90' lang='lat' dir='ltr'>post</span> <span class='ocrx_word' id='word_1_809' title='bbox 1625 5662 1674 5710; x_wconf 86' lang='lat' dir='ltr'>tria</span> <span class='ocrx_word' id='word_1_810' title='bbox 1694 5660 1797 5711; x_wconf 86' lang='lat' dir='ltr'>saccula</span> <span class='ocrx_word' id='word_1_811' title='bbox 1816 5663 1842 5709; x_wconf 92' lang='lat' dir='ltr'>ct</span> <span class='ocrx_word' id='word_1_812' title='bbox 1858 5660 1937 5714; x_wconf 82' lang='lat' dir='ltr'>ultra.</span> 
     </span>
     <span class='ocr_line' id='line_1_119' title="bbox 1154 5721 1383 5801; baseline 0.004 -16"><span class='ocrx_word' id='word_1_813' title='bbox 1154 5721 1383 5801; x_wconf 76' lang='lat' dir='ltr'>extingucbaniur.</span> 
     </span>
    </p>
   </div>
   <div class='ocr_carea' id='block_1_13' title="bbox 1632 5844 1645 5888">
    <p class='ocr_par' dir='ltr' id='par_1_16' title="bbox 1632 5844 1645 5888">
     <span class='ocr_line' id='line_1_120' title="bbox 1632 5844 1645 5888; baseline 0 0"><span class='ocrx_word' id='word_1_814' title='bbox 1632 5844 1645 5888; x_wconf 74' lang='lat' dir='ltr'>l</span> 
     </span>
    </p>
   </div>
   <div class='ocr_carea' id='block_1_14' title="bbox 0 0 2250 6856">
    <p class='ocr_par' dir='ltr' id='par_1_17' title="bbox 0 0 2250 6856">
     <span class='ocr_line' id='line_1_121' title="bbox 0 0 2250 6856; baseline 0 0"><span class='ocrx_word' id='word_1_815' title='bbox 0 0 2250 6856; x_wconf 95' lang='lat' dir='ltr'> </span> 
     </span>
    </p>
   </div>
  </div>
 </body>
</html>
