4492 6859
292 650 403 738 litat)
766 650 1048 716 PONTlPle'PUS
1067 649 1288 715 lNNOCENTll
1309 649 1460 713 uetari.
1895 649 1936 709 89

254 868 260 876 ’
294 793 497 851 malefactores
518 788 726 866 comprehensi,
745 788 860 864 detenti,
878 801 908 851 et
928 809 980 869 per
1000 792 1083 869 eapi-
1152 791 1258 868 ipsum,
1277 806 1343 849 curn
1366 788 1400 850 de
1422 805 1498 848 noro
1521 788 1641 860 reniret,
1661 798 1778 866 portare
1793 806 1848 849 non
1868 807 1938 868 per·

299 894 397 953 tulum
427 890 559 949 similiter
589 887 692 948 ibidem
719 890 898 951 condemnati
930 891 967 949 ad
1001 908 1083 948 mor·
1152 889 1223 948 misi.
1243 888 1351 949 Habuit
1368 899 1466 949 autem
1481 887 1642 966 cappellum
1657 889 1773 967 nigrum
1790 890 1818 947 in
1834 889 1937 968 eapite,

295 999 374 1062 tem3
390 985 475 1065 eujus
496 988 649 1048 sententiae
664 989 683 1048 ii
699 1001 825 1067 quotuor
840 1002 1005 1051 executores
1017 990 1084 1049 lue·
1152 1000 1185 1049 ut
1212 988 1301 1047 moris
1321 998 1372 1047 est.
1397 986 1531 1065 Episcopi
1553 986 1802 1060 transmeasset
1822 986 1937 1047 bismo·
2047 986 2052 995 '

259 1121 263 1127 ·
294 1099 375 1147 runt.
1114 1104 1118 1207 q
1152 1088 1340 1164 rensrs,'quia
1357 1085 1418 1164 jatn
1434 1085 1542 1163 antiqui
1567 1086 1595 1144 in
1613 1084 1693 1147 Urbe
1708 1086 1837 1159 luerunt,
1854 1078 1955 1164 equi·'

341 1186 470 1246 Sabbato
490 1185 520 1243 in
541 1185 641 1258 Albis,
659 1187 710 1246 El.
731 1190 851 1268 aprilis,
876 1185 955 1248 linita
981 1188 1083 1258 blissa,
1152 1197 1250 1247 mrunt
1264 1187 1291 1246 in
1307 1187 1366 1246 suis
1381 1186 1525 1245 mantellis
1541 1186 1644 1264 longis,
1654 1196 1684 1246 et
1699 1187 1842 1266 capucciis
1854 1198 1938 1245 tran·

294 1285 373 1366 Papa
390 1286 421 1345 in
441 1295 551 1344 secreta
573 1305 687 1347 camera
707 1306 776 1359 sua,
796 1289 900 1348 stolam
914 1306 1001 1367 super
1030 1306 1082 1347 ro·
1152 1288 1268 1358 aversis,
1288 1298 1318 1347 et
1339 1287 1475 1366 cappellis
1497 1304 1578 1346 more
1598 1286 1693 1346 solito.
1709 1285 1797 1347 Prior
1810 1285 1938 1347 Cantau-

293 1386 412 1447 cbetum
442 1396 560 1458 tenens,
582 1390 694 1447 creavit
724 1390 752 1448 in
774 1387 893 1448 militem
921 1388 952 1447 S.
980 1388 1082 1459 Petri,
1153 1388 1253 1448 niensis
1273 1388 1301 1447 in
1322 1388 1458 1448 mantello
1480 1387 1656 1465 nigrocum
1678 1388 1817 1465 capuccio
1835 1405 1938 1465 parvo,

293 1485 479 1565 spectabilem
499 1485 597 1544 virum
619 1487 829 1546 bernardinum
851 1486 886 1547 N.
909 1530 918 1546 .
941 1532 948 1546 .
973 1533 979 1545 .
1002 1505 1083 1548 more
1152 1501 1181 1549 et
1201 1490 1312 1568 capello
1332 1488 1427 1567 nigro.
1449 1488 1528 1550 Alios
1545 1505 1643 1549 omnes
1658 1487 1686 1547 in
1700 1489 1760 1547 suls
1780 1487 1938 1560 ordinibus,

294 1588 403 1658 solito,
432 1595 522 1664 prout
548 1586 577 1645 in
601 1585 770 1661 ordinario;
802 1587 997 1647 interfuerunt
1024 1586 1084 1651 duo
1152 1589 1260 1667 primos
1281 1588 1354 1648 duos
1375 1590 1449 1648 inter
1471 1598 1598 1666 quatuor
1624 1589 1765 1665 praelatos
1792 1585 1895 1646 Palatii
1920 1606 1937 1647 a

293 1683 461 1746 Cardinale's
481 1696 605 1756 tantum,
628 1687 762 1748 videlicet
781 1687 816 1749 de
834 1687 957 1749 Sabellis
975 1698 1004 1747 ct
1023 1687 1083 1748 Co·
1152 1688 1291 1762 dexteris,
1312 1700 1341 1749 et
1360 1685 1503 1749 Oratores
1524 1688 1685 1767 Hispaniae,
1699 1699 1728 1748 et
1748 1686 1901 1747 laudenses
1921 1708 1939 1747 a

294 1787 409 1858 lamara,
429 1795 459 1845 et
481 1784 541 1846 duo
559 1788 701 1866 episcopi,
723 1788 854 1849 videlicet
876 1788 1029 1848 bleriensis
1057 1798 1086 1849 et
1152 1788 1286 1861 sinistris,
1296 1788 1424 1866 singulos
1442 1790 1513 1848 alios
1536 1789 1609 1848 inter
1631 1787 1703 1848 duos
1717 1789 1860 1867 praelatos
1879 1787 1939 1847 Pa·

295 1887 453 1946 Auriensis.
474 1886 517 1946 ue
537 1886 607 1948 Colu
625 1887 790 1961 Caletranus,
811 1890 891 1950 miles
913 1889 1025 1963 laicus,
1057 1901 1085 1950 et
1154 1888 1214 1949 latii
1230 1884 1316 1969 (quio
1332 1888 1430 1947 nullus
1449 1908 1482 1948 ex
1501 1888 1565 1947 aliis
1580 1887 1704 1965 antiquis
1721 1884 1895 1947 Oratoribus
1911 1889 1939 1947 in

297 1985 440 2045 Dominus
450 1986 721 2066 Turebopcllerius,
732 1990 813 2049 miles
824 1987 1000 2048 S..lobannis
1013 1989 1085 2049 lile·
1154 1988 1290 2048 eomitira
1312 1985 1392 2067 luit)
1413 1988 1546 2064 equitare
1566 1987 1643 2059 leei3
1662 1986 1757 2048 omnia
1784 1987 1839 2046 alia
1865 1987 1939 2047 lacta

295 2086 506 2164 rosolymitani,
522 2088 719 2165 imposuerunt
738 2088 877 2150 calcearia
899 2106 974 2148 noro
992 2089 1085 2162 militi,
1153 2097 1222 2146 sunt
1241 2105 1322 2147 more
1342 2086 1437 2145 solito.

295 2184 344 2245 cui
364 2183 442 2263 Papa
462 2197 525 2264 post
549 2189 723 2248 creationem
744 2189 862 2249 donarit
882 2190 992 2267 insigne
1019 2200 1086 2249 ante
1194 2188 1281 2248 Faria
1302 2196 1403 2258 sexta,
1429 2184 1475 2245 ll.
1497 2187 1588 2256 maii,
1611 2186 1684 2247 hora
1706 2204 1761 2248 xx.
1786 2189 1831 2248 rel
1860 2188 1939 2248 circa

295 2298 397 2363 pectus
418 2286 592 2365 portmdum
615 2289 724 2347 valoris
743 2305 796 2349 xv.
823 2288 1018 2361 ducatorum,
1040 2289 1085 2348 vel
1153 2306 1205 2367 per
1225 2299 1338 2367 portam
1365 2286 1502 2347 viridarii
1536 2288 1683 2347 intrarunt
1709 2298 1768 2348 tres
1800 2285 1941 2347 Oratores

295 2384 398 2458 circa3
413 2404 473 2463 quo
486 2386 539 2445 sibi
560 2388 692 2466 imposito
707 2390 851 2448 osculatus
867 2387 966 2467 pedem
981 2387 1086 2466 Papae,
1153 2387 1254 2447 Seren.
1275 2386 1362 2465 Regis
1383 2386 1521 2448 Uratislai
1541 2388 1673 2448 boemiae
1694 2387 1781 2464 Regis
1800 2405 1853 2466 pro
1870 2386 1941 2446 obe·

340 2586 425 2645 Faria
445 2585 546 2659 tertia,
566 2588 596 2646 8.
619 2588 723 2647 mensis
745 2588 836 2659 maii,
859 2585 930 2645 bora
951 2601 1007 2645 xro
1041 2584 1085 2643 rel
1154 2601 1219 2649 erat
1238 2606 1314 2667 mag.
1333 2587 1368 2646 D.
1390 2588 1482 2647 Bassa
1505 2587 1539 2647 de
1560 2586 1730 2666 Risembcrg
1754 2588 1893 2648 Dominus
1913 2589 1941 2648 in

295 2689 389 2758 etam,
411 2705 461 2765 per
483 2698 597 2766 portam
619 2686 757 2747 viridarii
784 2689 932 2747 intrarunt
946 2683 1087 2746 Oratores
1155 2688 1296 2762 Simicbo,
1318 2686 1410 2766 llegni
1429 2688 1562 2748 boemiae
1577 2708 1729 2768 supremus
1749 2688 1941 2762 instillarlus3

296 2786 424 2847 Serantis.
445 2787 532 2864 Regis
552 2787 673 2867 Angliae
686 2810 698 2860 ς
720 2790 831 2867 primus
851 2796 914 2848 crat
936 2786 968 2845 tt
995 2784 1027 2843 P.
1048 2786 1086 2845 D.
1119 2805 1122 2855 l
1154 2788 1298 2849 secundus
1328 2806 1405 2866 mag.
1426 2788 1461 2847 D.
1484 2788 1628 2851 lohannes
1653 2790 1687 2852 de
1706 2789 1818 2850 Loscbe
1839 2789 1943 2850 Domi-

297 2887 426 2948 Tbomas
446 2888 594 2965 episcopus
612 2888 838 2959 flector-niensis,
859 2885 1005 2947 secundus
1033 2884 1086 2945 lo·
1119 2865 1123 3018 q
1156 2906 1209 2949 nus
1227 2888 1258 2947 in
1279 2888 1501 2961 Kassenstaria3
1525 2890 1628 2950 tertius
1653 2891 1819 2951 venerabilis
1838 2891 1943 2951 Domi·

297 2987 408 3047 baanes
428 2989 578 3066 episeopus
596 2987 810 3060 Dunelmensis,
823 2987 925 3048 tertius
943 2986 1087 3048 lohannes
1156 3006 1209 3047 nus
1230 2987 1339 3048 Paulus
1360 2989 1540 3067 praepositus
1558 2987 1705 3050 Ecclesiae
1726 2990 1894 3067 Progensis,
1914 3001 1944 3050 ct

295 3088 449 3167 episcopus
464 3085 665 3161 Lismorensis,
677 3098 798 3165 quartus
819 3086 852 3148 N.
872 3086 959 3147 Prior
980 3087 1012 3145 8.
1034 3086 1088 3147 io·
1155 3085 1286 3162 ejusdem
1307 3087 1453 3147 Ecclesiae
1487 3088 1742 3152 administratura
1767 3090 1841 3151 Sede
1861 3091 1943 3170 ›lpo-

295 3188 399 3249 hannis
420 3187 672 3267 Hierosolymitani
693 3200 774 3248 extro
796 3205 897 3247 muros
922 3185 1088 3246 Londinen·
1156 3190 1256 3250 stolica
1278 3189 1457 3268 deputatus3
1481 3190 1532 3267 qui
1561 3192 1668 3269 recepti
1689 3202 1755 3251 sunt
1782 3209 1799 3248 a
1829 3190 1945 3251 lamiliis

296 3307 354 3361 ses,
369 3286 672 3365 quintusGullielnrus
689 3287 776 3348 Prior
798 3287 944 3349 Ecclesiae
959 3286 1088 3347 Cantau-
1156 3289 1220 3350 iili.
1242 3290 1304 3350 tm.
1325 3290 1523 3350 Cardinalium
1545 3301 1573 3350 et
1594 3290 1649 3349 SS.
1672 3290 1707 3348 D.
1733 3288 1767 3348 N.
1789 3288 1895 3368 Papae,
1916 3300 1945 3350 ct

297 3388 400 3448 riensis
425 3385 544 3449 Ordinis
564 3387 596 3446 8.
618 3388 784 3462 Benedicti,
806 3391 855 3467 qui
881 3408 917 3447 ex
937 3389 1089 3468 privilegio
1156 3392 1287 3452 associati
1308 3391 1344 3449 ad
1366 3390 1484 3451 domum
1515 3409 1619 3450 noram
1652 3401 1733 3451 retro
1760 3389 1944 3462 lllinervam,

297 3495 388 3549 mitra
417 3502 447 3551 et
476 3490 538 3551 aliis
569 3488 780 3568 pontificalibus
814 3489 941 3570 insigniis
973 3493 1088 3562 utitur,
1153 3491 1235 3570 juxta
1257 3492 1409 3552 ecclesiam
1433 3491 1463 3550 S.
1486 3492 1594 3563 illorci,
1614 3491 1662 3552 ubi
1696 3490 1835 3570 hospitari
1855 3489 1945 3551 debe·

297 3590 514 3669 ascenduntque
534 3590 648 3650 iruetus
677 3593 825 3671 prioratus
847 3593 891 3650 sui
913 3590 948 3649 ad
966 3590 1089 3650 ducatos
1158 3595 1236 3667 bant,
1255 3612 1336 3653 more
1351 3604 1495 3653 consueto.
1518 3593 1610 3653 Primi
1633 3593 1690 3654 duo
1710 3591 1880 3671 equitarunt
1897 3595 1944 3653 in·

300 3709 350 3753 ru.
377 3694 454 3752 milia
474 3695 502 3752 in
524 3694 624 3764 circa,
648 3704 681 3752 ut
712 3693 840 3765 dicitur3
861 3704 956 3753 sextus
981 3691 1095 3751 iliaco-³
1121 3660 1126 3789 Ι
1158 3702 1202 3754 ter
1222 3704 1349 3771 quatuor
1369 3694 1512 3772 praelatos
1528 3692 1749 3766 Palatii,tcrtius
1765 3695 1839 3752 inter
1853 3709 1945 3751 unum

297 3812 355 3854 nus
371 3794 518 3855 Ecclesiae
539 3793 772 3865 salisburiensis,
792 3795 930 3873 septimus
951 3791 1089 3853 'Purebo-
1121 3794 1126 3877 l
1158 3794 1320 3874 praelatum
1341 3792 1443 3853 Palatii
1464 3813 1481 3852 a
1499 3793 1622 3867 dextris,
1641 3804 1670 3853 et
1691 3789 1847 3852 Oratorem
1858 3790 1946 3870 Regis

300 3896 438 3975 pellarios
449 3893 719 3955 milesS..lobannis
730 3894 995 3973 lli-erosolymitoni,
1006 3903 1089 3954 oeta·
1156 3881 1325 3972 ilungariac
1345 3911 1362 3952 a
1383 3893 1515 3953 sinistris.
1537 3894 1601 3953 blla
1628 3892 1722 3953 omnia
1752 3911 1833 3953 more
1859 3893 1945 3953 solito

300 4015 357 4055 vus
377 4007 406 4056 et
425 4012 516 4054 nonus
536 3993 595 4053 duo
617 3994 720 4054 milites
739 3995 814 4064 laici,
834 4006 863 4053 et
883 3992 1010 4053 decimus
1024 3992 1110 4072 Ugo¹
1157 4004 1226 4053 sunt
1242 3994 1394 4056 observata

300 4095 443 4174 Spaldnig
466 4102 564 4154 rector
578 4093 769 4173 parrochialis
782 4094 917 4154 ecclesiae
931 4092 965 4155 de
983 4094 1091 4155 Conni·
1122 4042 1127 4157 Ι
1199 4095 1284 4155 Feria
1305 4094 1441 4165 secunda,
1465 4094 1512 4155 li.
1536 4094 1602 4154 maii
1623 4094 1650 4153 in
1670 4111 1762 4167 rnane,
1778 4094 1852 4154 bora
1873 4111 1944 4154 con·
1972 4153 1978 4165 ,

299 4197 373 4273 gion
398 4193 586 4253 Eboraeensis
607 4192 759 4265 Dioecesis,
778 4195 829 4271 qui
848 4195 955 4273 recepti
972 4193 1091 4254 luerunt
1157 4208 1238 4258 sueta
1260 4198 1287 4255 in
1309 4197 1403 4275 prima
1419 4195 1485 4256 nula
1501 4193 1605 4254 Palatii
1619 4205 1729 4255 tentum
1743 4193 1944 4273 estpublieurn

297 4315 357 4375 per
377 4294 499 4353 familias
519 4293 582 4353 llll.
604 4293 667 4353 ΙΝ).
697 4293 905 4367 Cardinalium,
926 4306 954 4356 et
973 4293 1027 4354 88.
1054 4295 1089 4355 D.
1159 4299 1383 4368 consistorium,
1405 4297 1433 4354 in
1465 4313 1524 4374 quo
1549 4294 1648 4357 decem
1672 4292 1814 4355 Oratores
1843 4294 1944 4355 Seren.

300 4396 338 4459 N.
357 4396 463 4476 Papae,
480 4408 509 4456 ct
528 4397 661 4456 associati
683 4415 734 4475 per
755 4397 896 4477 Campum
917 4399 1024 4458 Florae
1039 4416 1090 4477 per
1159 4398 1303 4477 Principis
1334 4398 1452 4458 ilenrici
1484 4397 1603 4476 Angliae
1624 4407 1651 4457 et
1683 4397 1824 4457 Franciae
1858 4394 1947 4475 liegis

302 4501 381 4557 riam
402 4497 535 4568 Orottae,
557 4496 703 4558 redeundo
721 4516 772 4576 per
794 4498 912 4558 domum
931 4497 1092 4559 cardinatis
1160 4498 1365 4579 praestiterunt
1383 4496 1570 4558 obedientiam
1585 4496 1720 4569 debitam,
1733 4514 1768 4556 ac
1789 4495 1903 4555 solitam
1918 4507 1947 4555 et

301 4598 516 4677 Andagarensis
530 4614 622 4675 usque
637 4598 715 4657 ultra
732 4598 872 4678 hospitale
891 4598 1092 4678 Anglicorum,
1159 4609 1325 4661 consuetam
1348 4597 1403 4657 SS.
1426 4597 1461 4656 D.
1483 4596 1517 4657 N.
1545 4597 1658 4677 Papae,
1686 4616 1766 4657 more
1798 4607 1944 4657 consueto.

301 4699 341 4758 ad
364 4698 519 4776 quamdam
537 4698 656 4758 domum
678 4697 793 4769 ibidem,
816 4700 843 4758 in
865 4718 922 4778 qua
942 4702 1092 4780 episcopus
1159 4701 1227 4762 Feci
1247 4698 1361 4761 eosdem
1383 4718 1417 4758 ex
1436 4699 1504 4757 aula
1526 4697 1683 4759 Secretnrii
1708 4680 1945 4759 antecameram

302 4798 515 4860 Herlordiensis
528 4800 639 4879 primus
653 4796 762 4859 Orator
782 4799 940 4880 hospitatus
954 4812 1014 4874 est;
1032 4800 1092 4874 ubi,
1160 4801 1354 4879 Apostolicam
1372 4799 1514 4858 associare
1532 4816 1583 4879 per
1605 4816 1649 4859 rx.
1670 4799 1812 4878 praelatos
1832 4796 1947 4866 Palatii,

302 4902 416 4961 amissis
435 4913 500 4962 ante
521 4900 626 4960 ostium
643 4900 776 4960 omnibus
792 4900 891 4961 decem
908 4902 1093 4977 Oratoribus,
1161 4900 1305 4972 videlicet,
1321 4900 1350 4959 ὅ.
1371 4900 1530 4959 assistentes
1551 4902 1601 4978 qui
1625 4900 1745 4960 iuerttnt
1763 4898 1947 4959 Florentinus

302 5020 403 5064 omnes
431 5003 550 5084 praelati
581 5018 609 5063 et
648 5004 772 5064 familiae
801 5016 985 5065 recesserunt
1011 5024 1093 5067 more
1160 5012 1189 5061 et
1208 5000 1381 5060 Arelatensis
1402 4997 1627 5077 archiepiscopi,
1648 4998 1817 5068 aleriensis,
1840 4997 1944 5057 Vulte-

303 5115 450 5165 eonsueto.
470 5102 578 5163 Deinde
596 5100 747 5175 Oratores,
766 5124 799 5166 ea
813 5104 968 5184 praedictis
982 5105 1094 5177 decem,
1161 5101 1301 5171 canensis,
1318 5099 1492 5160 blenerensis
1506 5098 1545 5181 (i)
1556 5101 1679 5179 episcopi
1693 5120 1700 5158 ε
1713 5118 1768 5159 non
1786 5098 1947 5159 assistentes

306 5208 357 5284 qui
377 5206 405 5264 in
427 5201 572 5283 praedicta
588 5202 673 5264 domo
687 5204 819 5284 bospitati
835 5223 891 5263 non
912 5204 1042 5277 luerunt,
1057 5207 1092 5264 ad
1162 5220 1233 5262 vero
1245 5202 1285 5272 4.,
1299 5200 1534 5280 archiepiscopus
1555 5199 1789 5271 Cusentinensis3
1814 5198 1947 5259 Glande-

304 5326 358 5367 sua
381 5305 501 5384 hospitia
521 5305 574 5364 soii
596 5322 662 5363 cum
687 5307 745 5365 suis
774 5306 889 5365 larriulis
902 5306 1091 5381 equitarunt.
1160 5304 1262 5373 censis,
1275 5301 1472 5372 Cumanensis,
1491 5298 1638 5360 aur-tensis
1655 5300 1777 5380 episcopi
1791 5322 1800 5373 3
1816 5299 1942 5360 aliorum

306 5408 466 5488 Episcopus
481 5404 702 5475 Herlordiensis,
715 5407 765 5483 qui
781 5407 982 5484 religiosusest
1002 5403 1094 5464 Ordi·
1161 5420 1264 5464 norem
1291 5401 1395 5480 singuli
1428 5399 1591 5460 babuerunt
1610 5417 1627 5458 a
1648 5400 1767 5459 sinistris
1795 5417 1885 5460 unum
1912 5420 1946 5461 ex

306 5512 352 5569 nis
373 5509 404 5569 8.
425 5506 580 5579 Eettedicti‚
601 5508 739 5583 equitavit
759 5509 787 5566 in
809 5508 945 5567 mantello
978 5505 1012 5565 de
1041 5523 1094 5564 ca·
1161 5502 1342 5583 supradietis.
1360 5503 1393 5561 ln
1414 5502 1533 5562 introitu
1549 5499 1721 5575 consistorii,
1739 5512 1768 5562 et
1788 5503 1850 5560 aliis
1866 5500 1947 5575 loeis,

306 5610 440 5670 mellotto
461 5610 546 5687 nigro
568 5608 655 5686 longo
676 5606 736 5666 sine
757 5610 909 5687 capuccio,
934 5619 962 5668 et
983 5626 1095 5686 capue·
1163 5604 1211 5664 ubi
1233 5603 1291 5664 duo
1312 5605 1397 5664 simul
1419 5604 1461 5664 ire
1492 5622 1548 5664 non
1577 5615 1732 5685 poterant,
1757 5603 1947 5683 praecedebat

308 5712 392 5784 aino,
412 5712 479 5787 quia
508 5710 620 5770 nullum
644 5709 814 5788 capuccium
836 5708 980 5782 babebat,
1008 5724 1094 5785 quem
1161 5704 1394 5785 archiepiscopus
1420 5705 1624 5779 Florentium,
1655 5705 1828 5783 sequebatur
1855 5706 1946 5784 ipsum

1154 5814 1158 5833 ¹
1666 5824 1693 5868 rt

295 2487 358 2563 egit
377 2484 431 2545 sibi
452 2487 573 2564 gratias,
593 2498 623 2548 et
643 2488 770 2548 recessit.
1155 2486 1260 2548 dientia
1286 2487 1341 2546 88.
1370 2486 1405 2545 O.
1438 2485 1471 2545 N.
1495 2486 1589 2566 Papae
1619 2485 1798 2566 praestanda.
1825 2487 1942 2547 Primus
