4492 6859
279 624 321 688 9
584 662 587 667 -
731 617 936 685 coactiva
956 616 1057 682 rost
1079 616 1228 682 suttuu
1249 613 1450 688 nutatura.

274 761 473 824 cardiaelium
485 758 612 822 officium
626 758 746 821 calicem
759 777 848 841 supra
863 776 990 820 menmm
1006 756 1061 819 de·

274 873 392 941 tegere,
412 872 443 924 et
462 872 569 940 tegere.
591 857 699 920 'lamen
720 859 788 937 quia
812 859 971 922 cardinalis
992 857 1056 918 lle-

1811 604 1926 693 (⁴⁴8⁴)

1129 754 1299 816 Ascanium
1319 754 1462 826 clausum,
1482 750 1571 831 possit
1589 748 1662 810 liber
1683 746 1822 810 electioni
1845 747 1925 808 inte·

1129 874 1217 929 resse,
1229 865 1258 915 et
1269 854 1298 914 iu
1312 870 1347 914 ca
1357 863 1458 914 votum
1473 851 1553 923 dare,
1567 859 1597 910 et
1610 866 1644 910 aa
1658 846 1819 909 obsarrma
1834 844 1926 907 inisse

273 960 451 1033 diulanensis,
461 976 563 1021 corum
579 958 673 1038 prior,
691 955 856 1019 infirmitate
866 968 1017 1037 gravatus,
1032 958 1061 1018 id
1129 956 1159 1015 iu
1179 954 1251 1015 alib.
1266 952 1299 1014 Si
1313 962 1410 1013 sutem
1432 950 1562 1030 praelato
1572 947 1694 1010 meanto
1705 946 1861 1009 cardinali
1871 964 1927 1025 per

272 1059 368 1123 lacere
386 1077 444 1122 noa
458 1068 583 1139 poterat,
599 1057 859 1136 vicecancellarius
876 1055 940 1135 ejus
962 1057 990 1118 in
1005 1057 1061 1120 boc
1128 1054 1176 1116 lel.
1189 1053 1369 1116 rcc.Sixtum
1380 1050 1489 1129 Papam
1504 1058 1641 1128 quartum
1652 1065 1684 1108 os
1695 1048 1833 1108 clausurn
1847 1045 1927 1105 iuis·

273 1162 351 1222 sices
364 1160 518 1240 supplerit
531 1157 624 1218 Erant
639 1168 736 1220 autem
753 1157 909 1220 schedulae
924 1169 1060 1221 rotarum

273 1257 438 1337 hujusmodi
457 1259 581 1331 tenaciae
601 1259 724 1321 scilicet:

316 1385 333 1417 ι
349 1360 414 1439 ligo
429 1359 490 1421 lul.
506 1359 656 1439 episcopus
678 1355 828 1430 Ostiensis,
849 1357 1010 1420 cardinalis
1027 1356 1059 1418 S.

274 1463 354 1524 Petri
364 1462 400 1522 ad
410 1463 542 1537 Vincula,
553 1463 629 1542 eligo
641 1462 669 1522 in
679 1479 826 1522 summum
839 1460 1008 1522 Pontificem
1022 1460 1059 1520 tt.

272 1564 309 1625 ll.
329 1583 427 1627 meum
435 1563 472 1624 Ι).
487 1564 532 1625 lo.
547 1564 591 1624 tit.
606 1560 729 1623 Sanctae
746 1560 892 1623 Caeciliae
909 1560 1061 1642 presbyte-

273 1684 341 1728 rum
355 1665 536 1729 cardinalem
550 1662 746 1735 Melitensem,
761 1673 791 1723 et
808 1660 844 1722 ll.
864 1661 901 1722 ll.
912 1679 1007 1722 meum
1022 1660 1058 1721 ll.

273 1766 448 1847 llapbaelem
470 1766 512 1826 tit.
539 1764 571 1825 S.
593 1763 712 1843 Georgii
739 1761 775 1821 ad
797 1764 893 1824 velum
915 1780 1058 1835 aureum,

273 1867 426 1929 diaconum
446 1865 645 1938 cardinalem,
666 1875 696 1926 et
715 1863 752 1924 lt.
777 1863 811 1924 Ι).
836 1882 933 1925 meum
954 1862 990 1923 ll.
1012 1862 1058 1924 lo.

273 1966 428 2047 baptistam
447 1966 552 2027 nesrac
565 1963 675 2026 Mariae
697 1962 726 2023 in
744 1963 829 2024 Dora.
852 1964 938 2025 etiam
960 1962 1059 2024 diaeo·

272 2083 342 2128 num
359 2065 542 2129 cardinalem
560 2064 596 2125 de
613 2063 728 2127 Ursinis
748 2088 777 2124 s.
789 2063 865 2126 cum
880 2062 917 2122 ll.
931 2062 967 2123 ll.
982 2061 1059 2124 car·

272 2166 373 2227 dinalis
385 2164 517 2227 Senensis
530 2163 656 2243 singulas
666 2160 818 2226 schedulas
833 2162 997 2243 hujusmodi
1014 2165 1059 2224 le-

272 2278 367 2347 geret,
379 2266 486 2345 singuli
498 2262 562 2325 RR.
578 2262 641 2324 llll.
655 2262 827 2326 Cardinales
841 2264 871 2324 in
885 2264 972 2338 loliis,
985 2281 1059 2343 quae

271 2379 338 2429 anta
354 2386 385 2429 sc
403 2365 557 2441 habebant,
575 2368 748 2429 annotabam
772 2365 971 2429 continuando.
990 2364 1059 2426 Post

272 2466 356 2551 iil).
367 2467 549 2530 cardinalem
560 2466 865 2542 bicldtensem,notant
874 2466 1057 2529 cardinalem

273 2566 443 2630 Ostiensem.
462 2566 539 2628 ldem
554 2568 696 2630 iaciebant
717 2569 746 2629 in
767 2567 881 2629 nomine
899 2566 1058 2628 cardinalis

273 2666 306 2730 8.
329 2668 459 2747 Georgii,
479 2679 508 2730 et
525 2666 561 2729 dc
581 2668 705 2742 Ursinis,
720 2678 749 2729 et
765 2670 807 2729 sic
826 2666 861 2729 de
879 2667 944 2728 aliis
965 2668 1059 2743 lectis,

272 2778 307 2830 ut
332 2785 431 2848 supra.
457 2766 649 2848 Singulorum
670 2771 762 2843 rotis,
784 2779 966 2849 compertum
993 2777 1057 2840 est,

273 2869 387 2929 nullum
407 2885 443 2928 ex
460 2865 663 2928 cardinalibus
684 2869 763 2929 ultra
788 2867 887 2930 decem
915 2878 981 2929 rota
1003 2866 1060 2927 ba·

274 2966 360 3039 bere3
376 2967 435 3025 imo
448 2966 528 3026 solus
541 2963 701 3028 cardinalis
719 2966 752 3028 S.
768 2966 860 3029 llarci
876 2967 974 3030 deoem
991 2979 1057 3028 rota

272 3063 382 3126 babuit.
395 3062 470 3125 cum
483 3074 581 3125 autem
595 3068 752 3128 necessaria
763 3080 856 3131 assem
866 3068 967 3130 lutura
977 3066 1058 3129 Pon-

273 3162 342 3226 tilici
368 3175 434 3226 vota
454 3180 539 3237 xvir,
562 3166 670 3228 scilicet
695 3166 767 3228 duas
787 3179 885 3248 partes
907 3168 1057 3230 extribus

271 3264 469 3328 Cardinalium
499 3267 709 3346 praesentium,
730 3288 787 3330 non
808 3270 864 3331 luit
890 3270 946 3331 hoc
974 3286 1058 3330 mane

272 3367 455 3447 crrnulusum,
474 3365 523 3427 sed
543 3368 620 3429 rotis
641 3370 722 3431 lectis
745 3380 935 3432 surrexerunt
960 3386 1057 3430 omnes

272 3465 446 3530 cardinales.
462 3463 585 3535 Quidam
601 3468 719 3531 iverunt
733 3469 769 3529 ad
788 3487 919 3533 cameras
937 3486 1004 3530 suas
1021 3469 1058 3530 ad

272 3567 444 3647 prandium,
461 3568 510 3629 alii
525 3566 561 3627 ad
580 3569 808 3648 practicsndum.

313 3666 385 3729 iteri
410 3665 569 3729 cardinalis
596 3668 812 3731 Mediolanensis
835 3668 983 3743 infirmus,
1007 3669 1056 3748 qui

270 3780 333 3838 ,tres
353 3769 510 3831 servitores
529 3768 652 3830 babebat
672 3770 700 3829 in
725 3769 867 3843 conclavi,
889 3768 958 3829 mibi
988 3768 1058 3828 dixit

272 3868 430 3933 iohannem
449 3870 484 3932 de
502 3868 632 3944 cumbis,
651 3888 742 3931 unum
758 3871 864 3933 axillis
882 3870 986 3943 tribus,
1003 3868 1056 3929 sibi

272 3971 366 4032 minus
390 3983 531 4051 oportune
557 3970 678 4033 servire.
706 3970 863 4051 Propterea
899 3970 991 4051 ipsum
1021 3989 1056 4032 ex

275 4071 406 4133 conclavi
426 4073 607 4146 emitterem,
633 4083 663 4135 et
687 4070 749 4150 ejus
776 4072 841 4134 loco
863 4071 1055 4133 lastinianum

272 4176 442 4233 Amerinum
457 4171 687 4233 intromitterem.
702 4171 857 4252 Respondi,
872 4172 900 4232 id
915 4173 985 4234 milri
1000 4191 1055 4234 non

273 4271 359 4333 licere
378 4271 438 4332 sine
461 4268 582 4350 collegii
606 4272 698 4344 scitu,
718 4284 746 4334 et
767 4272 909 4333 mandato.
934 4272 1056 4334 curarit

272 4371 362 4450 igitur
387 4370 465 4449 quod
488 4370 524 4431 li.
548 4370 584 4431 l).
609 4370 868 4434 vicecancellarius
895 4391 973 4441 cum,
987 4373 1056 4451 qui·

273 4470 678 4533 urracamntncarmursus
689 4453 1057 4551 mercennariorum

274 4572 477 4644 committeret,
488 4570 525 4631 ad
543 4569 628 4650 cujus
645 4572 810 4636 mandatum
831 4574 991 4653 praelatum
1009 4573 1054 4635 Jo.

272 4671 307 4735 de
328 4670 448 4733 Gualbis
469 4672 561 4745 emisi,
581 4683 610 4735 at
627 4670 693 4749 ejus
714 4673 779 4735 loco
797 4674 975 4754 praedictum
998 4674 1055 4736 Ju-

270 4774 425 4835 stiuianum
446 4772 596 4835 intromisi.

311 4874 382 4936 Fuit
399 4872 443 4933 bis
463 4871 562 4933 diebus
578 4892 594 4933 a
614 4872 759 4934 nonnullis
777 4872 951 4947 dubitatum,
966 4893 1003 4936 an
1017 4875 1053 4935 li.

270 4972 307 5033 D.
322 4971 482 5035 carditulis
496 4974 646 5045 Ascanius,
661 4974 711 5051 qui
726 4985 791 5053 post
804 4975 915 5036 obitum
929 4977 977 5039 iel.
994 4995 1053 5040 rec.

273 5072 344 5135 Sixti
357 5073 451 5154 Papae
462 5075 570 5152 quarti,
582 5072 742 5136 cardinalis
752 5073 788 5134 ad
801 5074 909 5138 Urbem
924 5078 1013 5151 venit,
1026 5088 1055 5140 ct

271 5175 320 5236 cui
335 5174 514 5255 postmodum
528 5192 561 5235 os
575 5185 708 5254 apertum
728 5191 785 5235 uon
798 5187 873 5250 erat,
888 5176 916 5238 in
935 5178 1055 5239 electio-

274 5291 339 5336 nem
359 5271 453 5337 laturi
468 5271 614 5335 Pontificis
638 5285 739 5335 votum
761 5272 830 5336 dare
852 5275 976 5352 deberet,
988 5295 1054 5339 cunr

273 5392 329 5436 non
343 5384 417 5439 esset
435 5373 484 5434 illa
499 5373 661 5435 cere-onia
676 5373 711 5435 dc
727 5374 786 5435 oris
800 5371 966 5457 aperitione.
981 5396 1055 5456 quae

276 5472 305 5534 in
326 5474 407 5533 noris
417 5472 617 5535 cardinalibus
639 5474 824 5551 observatur,
844 5478 873 5538 iu
892 5498 928 5542 eo
946 5498 1055 5542 consu·

273 5584 359 5636 mata.
371 5574 500 5635 Tandem
515 5573 569 5635 luit
584 5593 636 5655 per
651 5559 715 5635 lili.
726 5575 789 5636 Dl).
804 5576 968 5642 cardinales
982 5599 1054 5642 con-

273 5676 399 5748 clusum,
423 5674 500 5753 quod
526 5693 593 5736 cum
615 5691 672 5735 nou
692 5674 728 5736 sit
757 5680 889 5757 praetura
910 5680 1057 5743 Cardinali

1128 1166 1182 1228 sat,
1197 1165 1227 1216 ct
1245 1164 1373 1233 ternpore
1391 1151 1543 1213 clausurae
1562 1158 1715 1225 autequam
1729 1146 1807 1208 idem
1823 1143 1926 1206 Sixtus

1130 1254 1222 1316 eidem
1250 1272 1282 1315 os
1308 1251 1488 1331 aperuisset,
1505 1250 1563 1329 ipse
1588 1247 1685 1309 Sixtus
1714 1246 1793 1309 diem
1823 1255 1925 1308 extre·

1130 1372 1213 1415 mum
1226 1353 1383 1424 clausisset,
1405 1348 1486 1428 quod
1507 1360 1587 1421 tunc,
1607 1358 1726 1428 propter
1744 1344 1809 1407 oris
1830 1343 1926 1423 baju-

1129 1451 1225 1518 smodi
1249 1451 1427 1521 clausuram,
1449 1447 1654 1529 nonpotuisset
1673 1444 1824 1525 praelatus
1844 1441 1924 1505 car·

1128 1551 1230 1614 atmiis
1262 1552 1402 1613 inanius
1428 1550 1458 1610 in
1479 1549 1617 1611 electione
1642 1544 1793 1627 praedicte
1821 1555 1925 1606 votum

1127 1653 1207 1714 dare.

1170 1767 1304 1837 Qualiter
1325 1765 1401 1827 enim
1422 1766 1452 1826 in
1473 1763 1717 1825 administratione
1740 1761 1924 1823 cibariorum

1126 1882 1156 1933 ct
1175 1881 1259 1952 potus
1280 1867 1344 1929 lili.
1358 1866 1422 1929 Dl).
1443 1864 1640 1927 cardinalium
1660 1873 1759 1923 aetum
1776 1862 1830 1935 sit,
1842 1872 1873 1924 et
1895 1865 1924 1923 in

1129 1971 1191 2034 aliis
1211 1968 1384 2048 quibusdam
1403 1967 1431 2027 in
1453 1966 1590 2027 conclave
1602 1963 1777 2035 observatis,
1789 1960 1924 2024 breviter

1128 2068 1344 2150 subjungemus.
1367 2066 1428 2128 l’ro
1447 2064 1513 2126 llll.
1529 2064 1592 2127 nt).
1610 2062 1825 2136 Cardlnaiibus,
1839 2072 1926 2123 mrte-

1131 2189 1219 2250 quam
1244 2168 1382 2231 concluse
1407 2168 1559 2239 mirarem,
1581 2174 1694 2246 recepta
1721 2161 1869 2235 luerunt,
1896 2177 1926 2227 et

1126 2270 1258 2333 ordinata
1278 2270 1344 2330 lcca
1364 2268 1471 2349 palatio
1493 2266 1640 2328 conclavis
1660 2261 1852 2346 propinqua,
1865 2265 1927 2325 sci·

1131 2373 1199 2434 lieet
1219 2372 1248 2432 in
1267 2370 1299 2434 8,
1313 2368 1495 2440 catbcrinac,
1508 2369 1536 2428 in
1555 2366 1729 2429 §.Marcelli
1749 2365 1876 2444 palatiis,
1897 2366 1926 2425 in

1129 2470 1216 2533 domo
1242 2469 1279 2530 li.
1300 2470 1337 2531 D.
1358 2468 1518 2531 Cardinalis
1543 2466 1576 2529 S.
1598 2467 1706 2527 llariae
1724 2466 1755 2525 lu
1776 2463 1926 2540 Portica,

1125 2570 1154 2629 in
1170 2569 1293 2632 camera
1313 2568 1513 2642 Thesaurarii,
1524 2570 1552 2627 in
1566 2564 1711 2644 aliquibus
1730 2564 1857 2627 muueris
1871 2581 1927 2623 ea·

1125 2672 1298 2732 canicorum
1327 2667 1461 2730 basilicae
1485 2667 1518 2729 S.
1544 2666 1626 2728 Petri
1647 2684 1702 2747 pro
1726 2664 1926 2743 decoquendis

1126 2769 1240 2830 cibariis
1259 2788 1314 2849 pro
1332 2769 1402 2848 ipsis
1421 2767 1485 2829 ΗΒ.
1507 2766 1570 2829 bu.
1592 2766 1802 2831 cardinalibus.
1821 2766 1855 2826 la
1876 2766 1925 2828 lo-

1125 2868 1165 2929 cis
1186 2868 1351 2948 huiusmodi
1368 2879 1452 2930 erant
1474 2868 1605 2948 magistri
1625 2869 1818 2940 aularum,et
1832 2870 1922 2945 coqui

1125 2969 1254 3050 ipsorum
1263 2967 1472 3039 cardinalium,
1482 2967 1596 3047 singula
1609 2976 1823 3048 praeparantes.
1831 2965 1920 3029 circs

1125 3081 1223 3131 autem
1238 3069 1327 3130 boras
1347 3068 1459 3149 prandii
1479 3080 1508 3132 et
1529 3084 1635 3129 coenae
1655 3066 1922 3131 reaicbcuterdc-

1125 3171 1219 3247 mjbus
1242 3167 1439 3232 cardinalium
1457 3168 1494 3229 ad
1515 3169 1578 3231 loca
1606 3167 1752 3248 praedicta
1784 3166 1922 3247 magistri

1124 3269 1278 3331 domorum
1290 3272 1436 3331 canavmii
1451 3287 1521 3331 eum
1536 3270 1620 3342 sinis,
1639 3281 1667 3330 et
1685 3268 1775 3347 aliqui
1795 3287 1832 3330 ex
1847 3285 1924 3349 eap-

1126 3370 1296 3450 pellanis,et
1315 3368 1458 3431 scutiferis
1474 3369 1547 3445 allis,
1565 3370 1669 3451 palatia
1691 3370 1822 3449 ipsorum
1840 3366 1921 3430 car·

1126 3470 1264 3531 dinalium
1275 3470 1506 3532 emtodientibue.
1525 3470 1605 3531 llora
1619 3468 1720 3531 deinde
1734 3467 1919 3541 adveniente,

1127 3570 1362 3653 praecedentibus
1382 3569 1524 3633 scutiferis
1543 3570 1616 3631 binis
1637 3581 1666 3632 at
1685 3568 1769 3641 binis,
1795 3578 1826 3629 et
1846 3585 1923 3649 cap-

1125 3670 1350 3751 pellaniseodem
1362 3672 1463 3734 ordina
1482 3670 1686 3750 sequentibus,
1705 3668 1919 3750 paralraeuarii

1132 3791 1207 3835 unus
1220 3784 1296 3847 ante,
1305 3773 1378 3833 alter
1397 3782 1489 3845 retro,
1503 3771 1577 3833 inter
1593 3789 1622 3833 sa
1635 3787 1723 3851 super
1734 3768 1857 3851 spatulis
1867 3788 1922 3849 per

1133 3874 1269 3937 baculum
1290 3871 1444 3954 portabant
1464 3883 1612 3945 cornutas,
1631 3872 1660 3932 in
1683 3869 1789 3950 quibus
1808 3869 1922 3930 cibaria

1129 3988 1161 4038 ct
1173 3988 1258 4058 potus
1277 3991 1345 4036 cum
1363 3990 1436 4053 pane
1454 3972 1563 4033 inclusa
1584 3969 1764 4032 cronacum
1784 3979 1877 4030 essent
1891 3968 1922 4028 in

1129 4088 1214 4158 porta
1225 4074 1366 4138 secundae
1379 4071 1524 4135 custodiae
1541 4071 1650 4152 palatii,
1670 4069 1796 4131 scutiferi
1807 4077 1837 4128 et
1848 4084 1922 4147 cap-

1129 4177 1234 4257 pellani
1246 4194 1314 4237 eum
1324 4173 1463 4253 magistro
1481 4171 1582 4233 domus
1596 4169 1701 4232 ibidem
1719 4166 1921 4242 remanebant,

1124 4290 1153 4340 at
1179 4277 1217 4337 ibi
1246 4276 1453 4357 paralreeuarii
1481 4290 1549 4334 curn
1575 4282 1698 4333 cornuta
1724 4266 1921 4330 ascendebant

1125 4396 1177 4458 par
1190 4377 1309 4450 scalam,
1324 4372 1360 4433 ad
1372 4372 1486 4435 tertiam
1507 4390 1600 4451 usque
1617 4381 1648 4433 et
1664 4378 1800 4448 quartam
1810 4376 1921 4427 custa-

1123 4477 1195 4551 dlas,
1217 4476 1266 4537 ubl
1286 4486 1368 4537 extra
1384 4474 1491 4536 ostium
1507 4470 1665 4544 conclavis,
1682 4478 1837 4531 cornutam
1858 4464 1918 4526 lir-

1124 4577 1246 4638 mabant.
1276 4576 1405 4639 cmuuta
1433 4570 1601 4651 hujusmodi
1629 4588 1717 4631 unam
1743 4569 1920 4630 clausuram

1123 4697 1192 4741 eum
1208 4678 1320 4738 duabus
1342 4674 1473 4738 claribus
1494 4673 1612 4755 paribus
1633 4670 1766 4742 babebat,
1789 4683 1920 4746 quarum

1123 4796 1211 4839 unam
1232 4778 1369 4857 magister
1390 4776 1485 4848 aulea,
1504 4775 1626 4835 alteram
1642 4788 1712 4831 raro
1726 4765 1922 4830 conclauistac

1123 4898 1191 4941 cum
1211 4878 1247 4939 ll.
1268 4878 1303 4939 Ι).
1321 4877 1475 4941 cardinale
1492 4872 1640 4937 existentes
1659 4868 1821 4932 retinebant
1831 4888 1842 4941 3
1857 4866 1922 4939 ille,

1123 4997 1192 5039 cum
1214 4978 1373 5040 cluniset
1395 4978 1494 5038 vinum
1515 4978 1544 5034 iu
1566 4981 1688 5033 cornuta
1721 4967 1920 5048 imposuisset,

1123 5080 1198 5141 iacta
1209 5078 1290 5159 prius
1306 5078 1341 5140 de
1359 5076 1480 5157 singulis
1501 5072 1656 5146 credentis,
1668 5079 1821 5131 cornutam
1844 5066 1924 5126 clari

1123 5180 1266 5253 serrabat,
1278 5190 1317 5253 et,
1339 5188 1372 5239 ut
1391 5196 1479 5257 supra
1500 5172 1675 5244 dictumest,
1690 5170 1725 5229 ad
1752 5166 1922 5230 conclavem

1124 5280 1276 5354 mittebat3
1295 5287 1490 5339 cornum-um
1515 5272 1589 5336 duae
1607 5280 1701 5343 eraut,
1715 5283 1840 5348 quarum
1863 5280 1924 5323 una

1125 5382 1319 5453 mittebatur,
1337 5388 1370 5440 ut
1390 5394 1501 5457 supra,
1522 5384 1550 5436 et
1576 5368 1803 5453 reportabatur,
1828 5364 1923 5426 altera

1125 5503 1197 5546 rero
1225 5483 1253 5543 in
1274 5477 1405 5541 conclavi
1429 5485 1513 5546 erat,
1536 5475 1566 5535 in
1589 5489 1677 5552 quam
1699 5467 1795 5532 omnia
1815 5465 1923 5535 axilla,

1126 5584 1162 5645 ab
1192 5592 1272 5645 extra
1303 5576 1437 5641 existente
1471 5584 1617 5646 extructa,
1641 5571 1706 5631 data
1729 5570 1756 5628 in
1784 5566 1924 5627 coactare

1127 5704 1178 5765 per
1197 5681 1382 5762 sportellam,
1405 5674 1615 5758 reponebantur
1627 5692 1637 5744 3
1667 5679 1696 5730 et
1717 5666 1752 5727 ad
1774 5680 1920 5725 cmncram
