4492 6859
236 639 350 725 (¹⁴⁸⁸)

231 776 270 838 de
286 778 380 849 Faxo,
397 787 426 835 el
440 776 584 837 deducant
598 778 634 837 ad
649 782 851 842 consistorium
866 782 1026 861 publicum,

231 886 268 937 ut
289 875 378 938 moris
397 887 449 936 est.
468 863 584 938 Eadem‘
597 878 654 953 die,
668 880 830 954 Oominica,
852 899 956 945 xxvia
975 880 1024 958 ja-

231 978 340 1042 nuarii,
354 977 425 1037 bora
439 994 561 1050 xxiiia,
577 981 621 1039 vel
634 982 727 1051 circa,
744 983 890 1059 praelatus
902 982 975 1043 Rev.
989 983 1024 1043 O.

231 1073 392 1137 Cardinalis
413 1077 448 1137 de
477 1078 560 1137 ano
582 1080 701 1140 intravit
729 1080 839 1142 Urbem
875 1082 904 1140 in
935 1100 1024 1162 cappa

231 1188 264 1237 et
289 1178 419 1256 cappello
441 1177 672 1241 cardinalaribus
691 1200 742 1260 per
767 1192 881 1260 portam
903 1182 1026 1244 Sanctae

231 1276 344 1337 blaviae
366 1276 400 1337 dc
418 1278 550 1356 Populo,
571 1291 601 1339 et
625 1280 663 1340 ibi
685 1282 828 1358 descendit
860 1280 897 1339 ad
918 1282 1026 1359 gradus

233 1389 301 1439 ante
337 1378 511 1449 ecclesiom3
545 1378 664 1439 introvit
694 1383 789 1459 primo
815 1383 965 1442 ecclesiam
997 1394 1026 1442 et

231 1475 403 1555 genuflexus
423 1488 489 1537 urrte
509 1479 600 1540 altare
622 1482 736 1551 oravit,
758 1481 859 1543 deinde
879 1485 1026 1544 osculatus

233 1588 279 1637 est
300 1577 415 1648 altare,
435 1587 465 1637 et
485 1577 589 1638 obtulit
618 1595 708 1639 unum
730 1593 849 1642 scutum
879 1603 1024 1658 aureum,

233 1675 356 1736 intravit
376 1676 549 1749 claustrum,
571 1677 702 1757 deposuit
722 1698 846 1760 cappam
868 1693 898 1743 et
916 1683 968 1742 ivit
989 1684 1025 1743 ad

232 1793 365 1837 cameras
383 1775 435 1834 sibi
446 1776 593 1836 ordinatas
610 1789 639 1838 et
657 1791 781 1857 paratas.
796 1783 917 1842 lverunt
929 1793 1025 1843 autem

232 1875 349 1935 obviam
367 1873 404 1933 lt
421 1874 457 1933 O.
476 1874 553 1936 Suae
573 1888 653 1937 extra
672 1892 787 1959 portam
805 1882 957 1941 Aemiliam
974 1903 1025 1963 per

235 1992 327 2034 unum
348 1976 455 2053 aliqui,
478 1995 530 2054 per
551 1976 610 2037 duc
631 1979 752 2039 miliaria
775 1983 858 2042 multi
879 1982 1025 2058 Praelati,

234 2074 420 2146 Arelatensis,
433 2086 463 2136 el
479 2076 657 2138 Massiliensis
673 2080 893 2161 archiepiscopi,
909 2102 943 2142 ac
957 2084 1025 2161 plu·

235 2174 1026 2254 recepiscopi,protbonotariusdebiedinaOratorRe·

192 2319 195 2327 .
235 2275 294 2353 gis,
310 2287 340 2336 ct
358 2276 406 2335 alii
428 2279 599 2357 complures.
623 2279 687 2358 ligo
707 2281 793 2340 etiam
816 2301 869 2359 per
889 2283 945 2342 tria
968 2284 1026 2342 mi·

236 2374 321 2434 liaria
345 2376 389 2435 vel
410 2378 489 2436 circa
504 2378 619 2438 obviarn
638 2381 700 2439 reni
720 2392 802 2440 extra
817 2382 937 2444 Urbem.
950 2382 1024 2443 cum

234 2486 310 2535 esset
338 2476 413 2535 intra
434 2489 549 2555 pontem
570 2480 723 2540 Aemiliam
748 2498 800 2560 per
818 2482 943 2542 medium
966 2483 1024 2541 mi·

237 2576 311 2636 liare
333 2578 379 2637 vel
398 2577 615 2648 circa,dimisso
635 2583 771 2640 mantello
793 2582 926 2653 itinerali‚
941 2601 1025 2642 rosa·

235 2677 279 2736 tio
295 2678 406 2756 capello
416 2677 451 2738 de
466 2676 577 2749 bivera,
590 2690 619 2740 et
630 2681 799 2759 capuccino,
820 2682 931 2760 accepit
949 2700 1027 2761 cap·

236 2793 305 2855 pam
326 2787 356 2837 et
375 2779 536 2856 cappellum
564 2778 781 2852 cardinalares,
803 2782 831 2839 in
853 2780 958 2857 quibas
979 2782 1025 2839 in·

236 2874 330 2936 travit
352 2874 480 2947 Urbem,
509 2888 541 2936 ut
567 2879 755 2957 praesertum
779 2882 947 2940 mantellum
968 2897 1025 2938 au-

236 2984 308 3047 tem,
328 2987 358 3037 et
378 2978 567 3054 capuccinum
588 2996 643 3056 ego
664 2979 783 3058 accepi,
807 2992 836 3039 et
856 2998 911 3058 pro
932 2998 978 3039 nse
996 2991 1024 3040 et

236 3075 322 3134 sociis
341 3076 457 3145 retinui,
468 3073 551 3151 juata
566 3078 800 3138 consuetudinem
824 3079 961 3138 hactenus
979 3080 1026 3138 in·

236 3173 413 3234 traductam.
432 3174 498 3236 Ouo
518 3178 642 3255 episcopi
659 3221 667 3250 ,
683 3178 814 3238 videlicet
829 3179 1027 3256 Segurbicen·

236 3274 322 3345 sia,et
332 3273 674 3354 Ursellenensis,liispani
685 3295 720 3337 ex
730 3276 815 3337 doma
826 3277 890 3337 llll.
903 3278 938 3337 O.
950 3278 1027 3339 car-

236 3370 341 3432 dinalia
361 3372 466 3433 Vicarii
490 3374 647 3435 obviarunt
669 3377 750 3435 Paxo
762 3388 943 3454 usqueeatra
955 3397 1028 3457 por·

237 3484 299 3531 tam
320 3473 508 3552 praedictam,
530 3475 578 3533 ubi
600 3475 781 3553 praedictum
804 3475 839 3534 lt.
855 3476 890 3534 O.
907 3494 1026 3556 recepe-

237 3582 331 3644 runt;
351 3572 401 3633 aed
432 3590 469 3631 an
496 3591 550 3633 sao
571 3576 715 3653 proprio,
735 3592 772 3633 an
795 3576 1026 3637 vicecancellarii

237 3677 353 3735 nomine
373 3691 430 3732 non
457 3673 606 3746 intellexi3
627 3675 752 3733 aliorum
778 3672 842 3732 alt.
862 3672 923 3733 Ol).
950 3674 1026 3734 car·

236 3771 377 3832 dinalium
397 3773 495 3833 nullus
518 3774 602 3835 venit.

281 3872 334 3933 Oie
351 3875 448 3946 lances
463 3890 576 3935 xxrrn.
584 3874 725 3952 januarii,
747 3873 825 3933 circa
843 3871 947 3932 boram
959 3889 1027 3933 ιιιιι.

239 3959 407 4034 Cardinales
440 3976 627 4053 incoeperunt
642 4051 644 4053 Ι
660 3975 759 4033 venire
794 3973 830 4032 ad
867 3974 1027 4034 claustram

240 4071 421 4150 praedictum
441 4073 478 4131 ad
500 4073 695 4151 recipiendum
718 4073 878 4151 praelatum
900 4071 935 4130 R.
952 4072 1029 4132 car-

240 4172 366 4233 dinalena
387 4172 422 4233 de
442 4174 533 4235 Fuso.
554 4173 659 4233 Parata
676 4171 733 4232 luit
754 4190 807 4251 pro
828 4171 1030 4232 Cardinalibus

243 4290 337 4351 parva
356 4273 499 4351 cappella,
514 4272 551 4331 ad
572 4290 659 4350 qnam
680 4272 739 4332 itur
761 4292 813 4351 per
834 4271 1029 4351 capitularem

241 4374 343 4433 locum
377 4371 448 4431 dicti
481 4373 601 4433 claustri
642 4373 671 4430 in
706 4373 843 4444 ambitu,
876 4372 1029 4432 constituta

241 4472 374 4549 spalcriis
394 4489 482 4551 supra
503 4471 648 4544 banchus,
669 4472 717 4533 sed
740 4474 767 4532 in
787 4484 865 4534 terra
888 4490 944 4532 non
964 4472 1030 4533 iue-

241 4581 314 4629 runt
330 4582 421 4631 atrata
443 4574 564 4651 tapetia,
579 4572 657 4649 quod
679 4574 754 4632 male
773 4572 838 4631 latr.
853 4572 955 4633 Primo
977 4591 1031 4632 ve·

242 4679 351 4730 revoat
369 4669 536 4732 cardinales
556 4672 592 4733 de
613 4673 752 4744 Sabellis,
770 4682 799 4732 et
820 4672 854 4732 de
868 4673 1030 4747 Columna,

243 4769 346 4831 de'asda
364 4772 578 4851 Andegavensis
598 4774 696 4844 solua,
719 4783 782 4851 post
802 4791 868 4832 eum
891 4772 1031 4833 Vicecan·

244 4872 396 4946 cellarius,
416 4871 517 4934 Sancti
538 4874 642 4947 dlarci,
662 4872 760 4933 Sancti
782 4873 895 4952 Angeli‚
910 4874 1032 4935 Ulixbo·

244 4982 362 5054 nensis,
383 4979 616 5049 llacbanatensis,
636 4987 664 5036 et
686 4993 790 5054 parum
812 4985 877 5054 post
897 4992 976 5046 enm,
997 4973 1033 5033 de

243 5080 416 5142 cnmitlbna.
428 5079 505 5140 'Pam
519 5077 660 5149 Senensis,
672 5076 703 5136 S.
721 5075 851 5154 Georgii,
862 5084 889 5134 et
899 5073 1033 5147 Ursinus,

244 5182 351 5258 quibus
365 5178 546 5258 congregatis
559 5181 586 5237 in
598 5178 694 5236 locum
705 5193 773 5235 suae
785 5174 930 5252 cappellae
945 5190 1033 5253 prae·

245 5280 341 5343 dietae
364 5282 515 5341 exiverunt
536 5296 649 5350 omnes,
676 5287 704 5337 et
731 5274 921 5335 ascenderunt
944 5293 1034 5351 equos

246 5381 320 5442 ituri
337 5379 374 5440 ad
396 5377 556 5452 Palatium3
571 5396 638 5437 cnm
659 5386 751 5437 essem
770 5361 851 5435 entra
873 5376 1034 5434 cinnanum

246 5479 429 5561 praedictum
449 5488 596 5557 equestres
618 5487 759 5536 venerunt
778 5474 945 5536 cardinales
970 5473 1035 5534 lle·

247 5580 429 5655 diolanensis,
447 5591 475 5640 et
496 5577 674 5649 Parmensis,
690 5575 786 5635 simoli
804 5574 902 5635 deinde
921 5573 1035 5653 Neapo-

248 5680 356 5743 litanus
375 5682 466 5754 solus,
488 5680 601 5741 tandem
621 5675 653 5738 S.
673 5674 780 5737 blaviae
802 5675 831 5735 in
851 5673 988 5748 Portica,
1006 5684 1035 5734 et

699 641 984 710 PONTlPlclTUS
1006 645 1229 712 maoeaaatl
1250 644 1402 709 OchVl.
1840 652 1881 712 al
1892 729 1895 736 Ι

1095 781 1195 843 Sancti
1217 781 1392 855 clementis,
1421 782 1472 859 qai
1505 784 1669 845 successive
1704 802 1802 847 omnes
1832 805 1884 865 per

1097 882 1171 941 viam
1191 900 1304 953 manus,
1323 892 1470 959 equestres
1491 881 1632 945 dederant
1656 886 1786 964 praelato
1807 885 1883 948 car·

1094 981 1182 1042 dinali
1200 982 1235 1042 de
1253 982 1351 1054 Faxo,
1370 992 1400 1043 et
1419 999 1486 1043 eum
1505 985 1628 1045 osculati
1649 995 1725 1045 sunt.
1757 984 1884 1063 Equita-

1094 1092 1163 1140 rant
1191 1091 1286 1142 autem
1312 1080 1349 1139 od
1373 1081 1516 1142 Palatium
1545 1082 1601 1144 boc
1633 1084 1755 1145 ordine:
1786 1087 1883 1166 prima

1094 1180 1355 1242 vicecancellarius
1374 1193 1405 1243 et
1423 1181 1624 1262 Neapolitanus
1635 1207 1645 1256 ;
1675 1197 1740 1263 post
1759 1204 1808 1247 eos
1834 1187 1883 1249 alii

1093 1281 1218 1359 episcopi
1241 1282 1338 1352 simul,
1355 1281 1487 1342 videlicet
1507 1281 1605 1343 Sancti
1626 1284 1737 1355 Marci,
1760 1284 1882 1349 Sanctae
1975 1292 1976 1295 ’

1093 1378 1202 1437 ldariae
1223 1381 1251 1438 in
1280 1379 1398 1440 Portica
1420 1391 1449 1441 ct
1469 1381 1690 1459 andegavensis.
1719 1382 1794 1443 Tum
1817 1383 1883 1445 bie·

1094 1478 1279 1553 diolanensis,
1291 1490 1319 1541 el
1335 1480 1434 1541 Sancti
1456 1480 1569 1560 Angeli,
1591 1481 1690 1543 deinde
1704 1482 1881 1544 Uliabonen·

1093 1580 1143 1652 sis,
1163 1591 1192 1639 et
1210 1578 1447 1653 Racbanatensis,
1469 1592 1565 1661 postea
1588 1582 1691 1642 Sancti
1710 1581 1882 1660 clementis,

1094 1689 1122 1739 et
1141 1678 1176 1737 de
1196 1677 1377 1753 comitibus3
1400 1692 1462 1740 tum
1483 1680 1662 1753 Parmensis,
1683 1679 1785 1758 junior
1807 1681 1884 1745 Pre·
1905 1711 1908 1716 ¹

1093 1778 1193 1857 abvter
1225 1796 1243 1837 a
1274 1778 1394 1839 sinistris
1424 1779 1531 1840 babens
1565 1780 1705 1842 Ursinum
1735 1778 1883 1856 juniorem

1093 1877 1266 1951 Diaconum,
1281 1878 1380 1940 deinde
1398 1878 1432 1941 de
1446 1878 1568 1941 Sabellis
1589 1890 1618 1940 et
1636 1879 1795 1952 columna,
1816 1890 1884 1941 tan·

1093 1978 1159 2039 dem
1172 1978 1302 2039 Senensis
1320 1989 1349 2039 et
1370 1978 1468 2038 Sancti
1487 1978 1608 2058 Georgii
1632 1979 1758 2041 mediam
1773 1979 1883 2040 baben·

1094 2092 1135 2141 tes
1148 2078 1333 2140 cardinalem
1345 2080 1379 2140 de
1390 2080 1471 2140 Faxo
1479 2101 1489 2153 3
1513 2091 1578 2159 post
1593 2099 1641 2141 eos
1656 2081 1788 2158 praelati,
1802 2077 1884 2140 Ora·

1095 2189 1188 2251 tores,
1210 2179 1432 2258 archiepiscopi,
1443 2177 1570 2258 episcopi
1593 2197 1673 2239 more
1696 2180 1790 2251 solito,
1803 2175 1884 2238 Ora·

1096 2289 1173 2340 tores
1191 2281 1271 2351 laici,
1283 2290 1312 2340 et
1331 2278 1429 2339 clerici
1449 2274 1513 2357 (qai
1528 2295 1585 2338 non
1603 2276 1762 2359 praeibunt)
1779 2289 1808 2337 et
1831 2296 1885 2338 ve·

1096 2381 1190 2440 nimus
1211 2390 1291 2440 recta
1313 2379 1359 2438 via
1384 2377 1469 2457 juxta
1490 2377 1596 2439 llumen
1617 2395 1718 2439 versus
1742 2376 1886 2438 castrum

1095 2471 1196 2539 Sane'ti
1217 2480 1329 2557 Angeli.
1351 2478 1426 2540 cum
1457 2479 1709 2558 permansissemus
1742 2476 1884 2550 Pontem,

1094 2578 1261 2641 cardinales
1282 2577 1413 2639 Senensis
1431 2588 1460 2639 et
1481 2578 1580 2639 Sancti
1603 2577 1721 2656 Georgii
1758 2577 1884 2637 medium

1095 2676 1231 2738 habentes
1247 2676 1431 2739 cardinalem
1451 2677 1486 2738 de
1507 2678 1590 2739 Faxo
1608 2678 1705 2738 locum
1726 2687 1884 2747 cesserunt,

1071 2840 1074 2863 1
1096 2787 1124 2837 ct
1141 2776 1308 2837 cardinales
1322 2775 1356 2835 de
1371 2776 1512 2837 columna
1526 2788 1555 2838 ct
1569 2776 1603 2837 de
1618 2776 1741 2847 Ursinis,
1753 2773 1885 2852 juniores

1094 2874 1214 2937 Diaconi
1234 2874 1360 2936 medium
1375 2888 1557 2955 receperunt,
1572 2877 1670 2953 sicque
1687 2876 1722 2935 ad
1742 2876 1884 2936 Palatium

1094 2984 1301 3054 pervenerunt,
1319 2974 1366 3035 nbi
1384 2991 1451 3035 cum
1463 2988 1555 3037 essent
1571 2978 1598 3035 in
1614 2976 1680 3036 aula
1697 2993 1801 3053 magna
1820 2987 1885 3037 ante

1095 3076 1201 3134 ostium
1214 3093 1320 3154 parvae
1332 3077 1489 3153 cappellae,
1503 3095 1601 3137 omnes
1613 3076 1780 3137 cardinales
1792 3079 1885 3137 intra·

1096 3186 1165 3235 runt
1182 3192 1282 3235 versus
1295 3173 1476 3244 Pontificem,
1491 3176 1615 3254 exceptis
1635 3175 1835 3236 cardinalibus
1850 3178 1886 3240 de

1095 3273 1238 3337 Columna
1256 3274 1334 3334 etde
1355 3273 1467 3334 Ursinis
1484 3271 1649 3350 junioribus
1670 3274 1814 3347 Oiaconis,
1836 3279 1887 3352 qni

1095 3375 1259 3435 ambacum
1272 3372 1426 3434 cardinale
1447 3373 1481 3434 de
1501 3375 1582 3435 Faxo
1597 3375 1744 3435 intrarant
1764 3392 1886 3454 parvam

1096 3475 1257 3553 cappellam
1274 3473 1376 3551 inqua
1396 3473 1522 3545 baneba,
1542 3474 1579 3533 ad
1597 3476 1740 3535 sinistram
1756 3476 1890 3537 intrantis

1097 3574 1201 3653 posita,
1218 3584 1318 3653 parata
1334 3583 1397 3633 erat
1415 3574 1549 3652 spalevia‚
1570 3585 1599 3634 et
1620 3574 1773 3645 banchata,
1795 3584 1887 3652 tapete

1096 3676 1181 3735 etiam
1197 3691 1303 3751 magno
1317 3692 1369 3752 per
1385 3684 1492 3734 terram
1511 3685 1666 3757 prostrato,
1680 3673 1784 3734 ibidem
1800 3694 1888 3754 expe·

1097 3784 1215 3834 stantes.
1232 3771 1287 3832 SS.
1306 3769 1341 3833 O.
1364 3770 1399 3831 ll.
1417 3783 1567 3852 postquam
1582 3772 1748 3834 cardinales
1761 3774 1889 3835 advene·

1096 3883 1177 3944 runt,
1195 3883 1313 3951 paratus
1330 3873 1406 3933 venit
1427 3870 1463 3929 ad
1484 3872 1597 3931 tertiam
1619 3873 1716 3930 aulam
1739 3890 1794 3949 pro
1812 3891 1888 3932 con-

1096 3972 1211 4032 sistorio
1230 3981 1379 4051 paratum,
1398 3969 1448 4028 abi
1467 3987 1564 4028 omnes
1585 3969 1753 4029 cardinales
1778 3973 1888 4049 recepit

1097 4072 1133 4131 ad
1153 4070 1345 4133 reverentiam
1367 4087 1450 4129 more
1470 4070 1553 4130 solito
1564 4091 1575 4141 3
1595 4069 1651 4129 snit
1676 4070 1819 4130 contentio
1839 4070 1886 4128 in·

1098 4181 1143 4232 ter
1173 4169 1209 4230 R.
1238 4167 1271 4228 P.
1303 4166 1338 4228 D.
1367 4167 1502 4229 Ulricum
1532 4166 1731 4245 Prandisbcrg
1763 4168 1885 4227 electum

1098 4269 1311 4337 Tridentinum,
1325 4265 1482 4328 Oratorem
1494 4267 1573 4326 llius.
1587 4264 1762 4344 sigismundi
1778 4265 1886 4326 Archi·

1098 4371 1181 4432 ducis
1198 4368 1333 4430 Aristrioe
1353 4379 1383 4430 et
1404 4367 1476 4428 daos
1503 4365 1645 4429 Oratores
1663 4368 1753 4428 Oncis
1774 4379 1803 4428 ct
1822 4368 1886 4428 Oo-

1099 4472 1180 4531 minii
1199 4469 1407 4539 Veneriorum,
1434 4485 1468 4526 ac
1496 4478 1714 4528 conservatores
1745 4467 1886 4530 Camerae

1099 4571 1196 4634 Urbis.
1212 4570 1286 4631 llam
1298 4566 1438 4630 Oratores
1459 4567 1568 4640 Veneti,
1588 4569 1712 4628 electum
1731 4566 1887 4628 Oratorem

1099 4671 1272 4734 Archidacis
1292 4668 1436 4747 negabant
1459 4679 1488 4728 et
1512 4667 1737 4728 Conservatores
1772 4667 1888 4742 utrique

1100 4774 1206 4834 cedere
1225 4771 1374 4841 nolebant;
1396 4768 1444 4829 sed
1467 4768 1521 4828 SS.
1542 4767 1577 4826 D.
1600 4765 1633 4826 N.
1656 4767 1691 4826 O.
1721 4764 1832 4827 Venetis
1850 4764 1888 4823 b·

1101 4872 1166 4933 dem
1192 4872 1260 4932 iecit
1286 4870 1410 4930 electum
1442 4867 1617 4927 Archiducis
1649 4864 1806 4926 Oratorem
1825 4868 1888 4924 exi·

1100 4970 1244 5040 stere,cui
1266 4979 1418 5047 propterea
1439 4966 1495 5028 hoc
1516 4968 1661 5028 intellecto
1679 4965 1775 5025 Veneti
1798 4965 1888 5026 libere

1101 5079 1249 5132 cesserunt
1264 5110 1273 5141 ,
1291 5079 1320 5127 et
1337 5066 1364 5128 ei
1386 5070 1514 5145 primam
1542 5068 1638 5126 locum
1666 5065 1830 5137 dederunt,
1859 5075 1889 5125 et

1101 5168 1373 5239 conservatoribus,
1394 5179 1428 5227 ut
1448 5177 1477 5228 et
1494 5166 1546 5245 ipsi
1567 5184 1621 5244 pro
1642 5164 1697 5224 bac
1720 5164 1783 5223 vice
1802 5162 1889 5223 cede·

1102 5282 1190 5342 rent,
1213 5267 1374 5328 orandavit:
1398 5264 1482 5343 cujus
1505 5265 1645 5324 mandatis
1665 5263 1890 5324 conservatores

1101 5388 1204 5449 parere
1225 5369 1367 5439 nolentes,
1389 5365 1591 5426 consistorium
1612 5365 1772 5427 exiverunt.
1801 5364 1889 5423 Pacta

1103 5469 1263 5531 reverentia
1284 5488 1302 5528 a
1323 5466 1549 5540 cardinalibus,
1569 5465 1704 5528 sederunt
1722 5480 1840 5535 omnes,
1861 5473 1892 5524 et

1102 5570 1260 5629 advocatas
1280 5568 1438 5631 Perusinus
1449 5565 1599 5645 proposuit
1611 5562 1755 5642 quandam
1773 5579 1890 5622 cnumm

1104 5682 1206 5731 contra
1230 5686 1396 5749 processum
1422 5668 1450 5727 in
1476 5684 1507 5725 ea
1535 5655 1564 5724 in
1587 5663 1770 5725 Perlamento
1801 5662 1889 5723 Pari·

1618 5783 1644 5830 ι3
