4492 6859
384 640 422 697 vo
855 637 1137 704 Pountrtcartts
1159 636 1379 703 lNNOCENTll
1401 638 1552 704 OCTAVl.

381 784 491 838 tantum
497 796 507 845 3
529 772 664 835 diaconus
686 787 715 837 et
739 774 930 835 subdiaconus
950 774 1107 853 cappellae,
1128 792 1163 835 ex

383 874 495 936 levitate
516 873 625 935 abbatis
648 873 793 937 sacristae
818 873 920 947 nostri,
941 876 984 935 usi
1004 884 1071 934 sunt
1091 872 1166 933 Dal·

381 975 485 1035 matiea
509 986 538 1035 et
560 975 692 1037 tunicella
710 976 866 1055 paramenti
893 973 989 1055 Papae
1014 972 1166 1046 Bonilacii,

380 1076 467 1156 nigri,
481 1074 601 1137 boribus
625 1075 761 1138 viridibus
781 1077 913 1149 cantasti,
933 1087 961 1137 et
981 1086 1121 1138 cantores.
1158 1118 1166 1133 .

433 1224 440 1237 .
485 1221 492 1233 .
535 1177 615 1240 albae
637 1188 665 1238 et
685 1179 765 1238 stolis
786 1177 883 1239 rubeis
910 1178 1000 1257 nigris
1021 1188 1050 1238 et
1071 1176 1167 1237 viola·

380 1278 460 1348 cels,
490 1275 566 1355 quod
587 1295 643 1337 non
666 1277 745 1357 potui
765 1278 795 1338 in
817 1287 949 1358 tempore
983 1295 1166 1360 praecavere.

378 1378 443 1437 atta
467 1376 561 1437 omnia
584 1396 667 1438 more
687 1379 772 1439 solito
792 1388 856 1438 acta
876 1389 944 1439 sunt
947 1422 1165 1439 .....

380 1477 443 1538 lloc
464 1496 546 1538 mane
564 1473 575 1556 (
590 1492 686 1539 xxtn.
710 1477 812 1539 mensis
834 1476 950 1560 martii)
972 1489 1067 1540 autem
1089 1477 1167 1538 eirca

382 1581 427 1641 vel
448 1590 514 1640 aute
535 1578 668 1639 diurnam
689 1579 783 1640 lucem
805 1577 879 1639 Rev.
901 1577 1042 1640 Dominus
1060 1574 1168 1637 Cardi-

382 1681 452 1743 nolis
474 1680 573 1741 Sancti
595 1679 673 1740 Petri
691 1679 728 1738 ad
749 1678 869 1740 Vincula
890 1680 1032 1757 equitavit
1056 1678 1093 1737 ad
1122 1675 1171 1738 O-

381 1784 476 1852 stiam,
488 1781 609 1852 nemine,
625 1780 669 1841 vel
681 1777 756 1859 Papa
773 1789 898 1853 tantum,
918 1791 969 1840 aut
989 1780 1065 1840 forte
1082 1778 1169 1839 etiam

381 1882 450 1944 Rev.
466 1880 588 1942 Domino
603 1879 756 1942 Cmdinale
775 1878 984 1959 Andegarensi,
1006 1878 1035 1939 id
1050 1880 1169 1951 sciente,

381 1982 477 2043 iturus
498 1981 597 2043 deinde
623 1999 673 2042 seu
691 1981 881 2060 navigaturus
903 1981 1024 2041 ianuam
1042 1989 1070 2040 et
1093 1978 1169 2038 Avi-

382 2085 494 2144 nionem
513 2100 567 2162 pro
581 2081 668 2142 rebus
687 2080 806 2153 bellicis,
819 2099 892 2159 quae
914 2081 989 2141 inter
1003 2079 1168 2141 Romanam

382 2180 542 2244 Ecclesiam
563 2192 592 2242 et
612 2181 721 2260 Regem
742 2180 957 2241 Perdinandnm
980 2179 1095 2242 Siciliae
1112 2190 1169 2240 etc.

381 2299 415 2342 ac
430 2281 571 2343 Gentilem
588 2281 756 2360 virgineum
768 2280 929 2343 Ursinunm
949 2281 1025 2360 ligae
1042 2291 1097 2341 etc.
1116 2297 1168 2339 ca-

382 2382 529 2462 pitaneum
549 2392 646 2460 partes
666 2380 753 2461 Regis
774 2381 947 2442 Perdinandl
974 2380 1169 2442 defendentem

384 2494 513 2562 aguntur
530 2477 584 2564 (l).
629 2527 636 2542 .
677 2528 686 2541 .
732 2527 740 2541 .

426 2583 489 2644 lloc
510 2599 594 2642 mane
616 2578 628 2662 (
647 2579 698 2642 88.
721 2580 824 2642 mansis
846 2580 975 2663 martii)
1000 2577 1055 2640 88.
1076 2577 1112 2638 Ι).
1134 2576 1168 2639 Ν.

383 2684 564 2744 innocentius
596 2682 674 2762 Papa
692 2682 766 2745 tittt.
789 2684 819 2743 iu
848 2681 972 2743 secunda
1000 2679 1087 2751 aula,
1108 2677 1169 2739 sive

383 2782 662 2863 camerasnperiori
676 2801 764 2863 snpra
779 2794 892 2863 portam
914 2781 1051 2842 introitus
1066 2778 1170 2839 Palatii

385 2886 566 2946 consecravit
593 2884 621 2943 in
650 2883 798 2963 episcopos
833 2882 868 2942 il.
901 2881 1003 2942 Patres
1033 2878 1171 2939 Dominus

385 2982 535 3044 Nicolaum
552 2981 800 3062 archiepiscopum
818 2980 1017 3054 Cnscntinum,
1035 2977 1171 3039 Lauren·

384 3085 457 3144 tium
477 3082 726 3162 archiepiscopum
746 3081 989 3154 Beneventanum,
1010 3091 1040 3140 et
1059 3076 1171 3139 dobeo·

385 3202 450 3245 nem
470 3181 635 3265 episcopum
657 3181 867 3245 Tornaeensem
887 3180 1050 3262 hujusmodi
1072 3178 1171 3242 ordine

385 3296 439 3347 eie.

427 3386 480 3448 Die
500 3401 563 3447 xvv.
588 3385 689 3444 mensis
711 3382 849 3445 februarii
869 3384 998 3462 proxime
1022 3370 1173 3463 praeteriti

386 3484 451 3546 Ser.
472 3496 502 3545 et
536 3484 743 3543 invictissimus
763 3482 900 3562 Princeps
932 3481 1087 3544 Pedericns
1107 3478 1172 3539 Ro·

387 3602 539 3645 manorum
557 3584 718 3661 imperator
738 3600 850 3662 semper
871 3584 1020 3661 Augustus
1050 3580 1173 3641 obtinuit

387 3685 423 3745 ab
443 3682 626 3746 Electoribus
647 3700 694 3743 sex
715 3682 841 3761 imperii,
862 3682 994 3744 videlicet
1020 3680 1084 3741 itti.
1107 3679 1171 3742 ut).

386 3784 567 3865 blaguntino,
586 3782 768 3855 Coloniensi,
788 3793 818 3843 et
839 3782 1004 3844 Trevirensi
1024 3783 1172 3864 arehiepi-

387 3885 491 3964 scopis,
505 3883 615 3945 Gemite
634 3882 777 3956 Palatino,
795 3882 877 3945 Duce
892 3882 1030 3946 Saxoniae
1047 3896 1076 3945 ct
1090 3883 1172 3945 lilar-

389 3979 490 4039 cltione
509 3976 782 4057 brandeburgensi,
802 3976 881 4058 Rege
898 3978 1052 4039 bohemiae
1071 3990 1104 4039 ut
1125 3977 1173 4038 di·

390 4080 510 4141 oebatur
531 4097 588 4139 non
610 4088 751 4140 vocatoet
763 4078 890 4151 absente,
908 4079 936 4138 in
955 4078 1059 4160 oppido
1075 4080 1172 4140 Fran·

388 4176 552 4249 clordiensi,
564 4178 632 4256 eligi
653 4176 681 4236 in
702 4177 865 4239 Romanum
887 4178 995 4259 liegem
1018 4182 1064 4243 ΙΙΙ.
1084 4180 1169 4242 Prin·

389 4277 481 4357 cipem
501 4276 723 4337 maximilianum
747 4276 939 4339 Archiduceua
961 4278 1094 4342 ,lustriae
1114 4294 1170 4345 etc.

391 4373 483 4436 filium
510 4394 617 4450 sunna,
638 4374 723 4452 cujus
745 4373 856 4438 Orator
876 4389 944 4439 tunc
965 4378 993 4439 in
1016 4380 1095 4443 Urbe
1118 4400 1172 4443 ro·

392 4475 755 4552 manser-a13qui,andita
777 4476 891 4539 Domini
913 4480 956 4539 sui
983 4482 1172 4559 promotione,

393 4574 486 4638 voluit
506 4575 631 4636 aliorum
654 4575 766 4655 Regum
785 4574 925 4640 Oratores
945 4584 973 4641 in
992 4580 1072 4644 Urbe
1099 4571 1172 4643 assi·

392 4688 496 4737 stentes
521 4676 702 4756 praecedere.
730 4676 786 4738 Sed
821 4681 935 4741 illinon
968 4683 1170 4761 permiserunt.

392 4765 460 4838 Fuit
481 4796 527 4837 res
547 4777 576 4835 in
597 4775 765 4839 consistorio
792 4781 883 4859 posita
904 4793 934 4842 et
954 4784 1069 4861 agitatu.
1092 4781 1173 4844 Tan·

391 4876 456 4938 dem
469 4877 636 4937 conclusum
653 4878 730 4955 quod
748 4878 864 4941 deberet
878 4885 1023 4961 expectari
1042 4901 1172 4962 quosque

392 4979 554 5039 mitteretur
573 4975 609 5037 ad
629 4977 808 5053 Pontificem,
827 4994 854 5042 et
876 4994 1021 5061 peteretur
1039 4983 1172 5045 blaximi·

392 5078 501 5139 lianum
522 5097 576 5160 pro
596 5080 688 5141 electo
708 5091 737 5142 et
757 5081 886 5144 Romano
907 5083 985 5163 ilege
1008 5085 1107 5148 baberi
1135 5085 1171 5146 ad

392 5181 481 5244 instar
502 5178 600 5241 Caroli
629 5179 732 5251 Ouarti
764 5181 848 5261 cujus
875 5185 974 5247 literae
1003 5204 1070 5247 cum
1100 5205 1172 5267 pen·

392 5278 467 5343 denti
495 5282 633 5362 imperiali
652 5284 746 5363 sigillo
765 5284 884 5346 luerunt
909 5285 1046 5350 adductae
1067 5288 1103 5348 ad
1125 5290 1171 5349 in·

392 5391 451 5441 star
464 5381 554 5443 Clem.
576 5379 701 5459 dejure,
715 5397 744 5446 et
758 5395 826 5447 tuno
842 5385 958 5449 daretur
974 5389 1053 5451 locus
1067 5391 1169 5470 petitis.

424 5629 460 5686 (tl
482 5629 645 5681 Monumenta
668 5632 701 5682 ds
717 5632 766 5682 boc
782 5631 852 5684 bello
872 5638 1071 5700 quamplurima,
1087 5636 1171 5689 adbuc

395 5708 502 5771 inedita,
519 5714 620 5761 suntin
637 5712 789 5775 appendice.

1906 639 2021 722 (rasa)

1275 773 1383 837 Eadm
1398 786 1526 853 tempore
1544 772 1606 834 Rex
1615 774 1778 855 ilungariae
1794 772 1935 837 Oratores
1949 795 2016 837 snos

1234 875 1269 935 ad
1281 874 1448 935 Pontilicrm
1456 876 1595 934 missurus
1605 877 1684 954 petiit
1698 894 1753 954 pro
1764 877 1805 936 eis
1816 877 1929 936 salvum
1945 895 2018 937 aon-

1234 974 1363 1037 ductum.
1379 976 1412 1036 ln
1423 976 1596 1037 consistorio
1609 975 1664 1035 luit
1678 975 1816 1048 decisum,
1832 976 1861 1034 id
1882 977 2019 1048 alienum,

1233 1088 1262 1138 et
1276 1094 1342 1147 pon
1362 1075 1499 1148 dandum,
1519 1093 1587 1135 cum
1611 1076 1743 1135 omnibus
1762 1076 1893 1155 gentibus
1913 1088 1943 1137 et
1964 1096 2022 1136 na-

1236 1176 1363 1237 tionibus
1384 1174 1545 1236 tutissimns
1559 1185 1654 1254 pateat
1664 1175 1700 1236 ad
1710 1174 1813 1237 Sedent
1824 1176 2019 1255 apostoticam

1232 1294 1363 1337 accessus
1391 1276 1498 1354 absque
1518 1276 1618 1353 aliquo
1637 1275 1848 1356 impedimento.

1275 1377 1360 1438 Faria
1380 1386 1494 1455 quarta,
1515 1392 1592 1437 xvn.
1614 1375 1693 1448 maii,
1715 1375 1787 1436 bora
1808 1392 1865 1436 xx.
1880 1376 1928 1436 vel
1943 1377 2023 1436 eirca

1242 1476 1389 1537 intrarunt
1409 1475 1519 1538 Urbem
1541 1476 1659 1553 quidam
1679 1475 1715 1537 Ι).
1736 1476 1902 1548 iohannes,
1924 1494 1942 1534 a
1965 1475 2024 1537 ca·

1239 1578 1333 1669 pitulo
1353 1576 1562 1638 Praemisliensi
1582 1576 1619 1635 ad
1639 1577 1800 1640 Ecclesiam
1818 1576 2025 1638 Praemislien·

1237 1693 1297 1737 sem
1315 1677 1423 1737 eiectus
1436 1675 1485 1735 sed
1500 1677 1626 1737 nondum
1642 1697 1693 1757 per
1712 1678 1816 1740 Sedena
1830 1678 2024 1756 Apostolieam

1236 1775 1434 1849 confirmatus,
1447 1788 1477 1837 et
1497 1777 1613 1854 quidam
1633 1779 1733 1839 Antias
1754 1781 1856 1853 laicus,
1882 1776 2025 1840 Oratores

1236 1877 1327 1938 lllust.
1350 1877 1490 1938 Kazimiri
1510 1876 1645 1939 Poloniae
1677 1879 1765 1960 Regis
1786 1900 1841 1960 pro
1866 1876 2024 1939 obedientia

1238 1974 1292 2039 88.
1313 1978 1349 2038 Ι).
1370 1976 1404 2037 Ν.
1427 1978 1607 2056 praestanda,
1628 1980 1689 2056 qni,
1711 1980 1792 2057 equis
1812 1980 1847 2040 de
1868 1979 1928 2039 suis
1944 1978 2023 2039 eirea

1235 2092 1348 2138 xxm
1365 2076 1498 2156 pluribus
1516 2077 1682 2139 Curialibus
1701 2079 1818 2141 Polonis
1832 2080 1974 2142 associati.
1987 2079 2026 2139 lli

1236 2188 1377 2240 venerunt
1393 2176 1516 2239 Romam
1535 2178 1580 2239 die
1596 2182 1724 2259 proxime
1743 2181 1900 2261 praeterita
1915 2184 1944 2241 in
1960 2200 2026 2241 sero

1236 2279 1296 2340 sine
1316 2296 1439 2358 pompa3
1457 2288 1487 2339 et
1513 2278 1637 2359 hospitio
1658 2282 1765 2361 recepti
1789 2292 1857 2341 sunt
1881 2283 1911 2342 in
1939 2282 2026 2343 domo

1236 2378 1419 2452 Bnialornm,
1434 2378 1483 2439 ubi
1501 2392 1670 2441 moruerunt
1690 2395 1799 2443 secrete
1814 2401 1905 2460 usque
1924 2384 1954 2443 in
1970 2383 2027 2446 bo-

1236 2478 1366 2541 diernum
1380 2477 1467 2551 diem
1487 2498 1559 2558 quo,
1575 2481 1654 2541 cirea
1669 2481 1772 2544 boram
1790 2501 1895 2557 xviia,
1909 2486 2026 2563 equita·

1236 2591 1307 2641 runt
1326 2600 1377 2660 per
1398 2579 1474 2641 viam
1495 2578 1751 2661 Transtyberinam
1790 2583 1928 2645 secretius
1958 2603 2025 2645 cnm

1237 2681 1296 2740 suis
1315 2681 1412 2743 amieis
1425 2681 1461 2740 ad
1476 2682 1592 2741 domum
1608 2680 1643 2742 de
1657 2681 1796 2762 spinellis
1815 2695 1896 2745 extra
1912 2696 2025 2764 portam

1238 2778 1375 2840 Viridarii
1389 2825 1398 2854 ,
1425 2779 1475 2840 ubi
1503 2792 1696 2859 expectarunt
1722 2781 1825 2843 boram
1854 2795 2026 2846 conventam

1237 2896 1293 2958 pro
1313 2880 1436 2941 introitu
1462 2897 1515 2940 suo
1526 2901 1537 2952 3
1558 2897 1616 2957 qua
1642 2881 1832 2953 adveniente,
1857 2884 2027 2960 equitarunt

1238 2979 1380 3058 usquead
1398 2979 1560 3041 Ecclesiam
1582 2980 1614 3040 8.
1635 2980 1741 3042 Lazari
1763 2985 1954 3062 leprosorum.
1967 2983 2027 3043 Sn-

1238 3092 1433 3159 pervenerunt
1466 3080 1588 3141 familiae
1618 3081 1812 3145 cardinalium
1845 3087 2028 3159 successise,

1239 3183 1352 3243 tandem
1379 3181 1486 3242 lamilia
1513 3181 1608 3263 Papae
1633 3201 1738 3262 parum
1760 3185 1837 3244 ultra
1866 3183 2026 3245 Ecclesiam

1240 3279 1339 3342 Sancti
1360 3281 1606 3361 Pelegriniextra
1632 3294 1745 3362 portam
1769 3283 1969 3363 praedictam,
1999 3295 2028 3345 et

1240 3393 1416 3462 aeceperunt
1436 3402 1484 3444 eos
1503 3393 1531 3443 et
1546 3400 1638 3460 usque
1659 3385 1695 3443 ad
1716 3384 1834 3445 domum
1851 3383 2027 3464 praedictam

1240 3484 1435 3557 Bulalorum,
1458 3484 1486 3542 in
1508 3502 1566 3562 quo
1587 3482 1722 3563 hospitati
1743 3495 1830 3549 sunt.
1848 3485 2030 3545 associarunt

1240 3594 1273 3643 ut
1291 3584 1380 3644 moris
1399 3594 1450 3644 est.

1281 3684 1365 3746 Peria
1386 3683 1521 3757 metanda,
1540 3699 1624 3744 inxit.
1644 3684 1711 3743 maii
1727 3685 1905 3764 interrogavi
1922 3681 1979 3743 88.
1994 3683 2030 3743 Ι).

1239 3784 1274 3846 Ν.
1296 3804 1381 3864 quem
1395 3783 1526 3846 ordinem
1546 3781 1633 3845 vellet
1651 3785 1800 3846 observari
1819 3786 1893 3845 inter
1915 3785 2030 3846 officia·

1239 3892 1279 3953 les
1293 3889 1438 3950 Romanae
1452 3884 1559 3947 Curiae
1575 3886 1603 3944 in
1618 3886 1801 3964 processione
1812 3884 1875 3945 testi
1886 3884 2029 3963 Corporis

1238 3989 1367 4062 Christi,
1388 4005 1445 4066 qua
1467 4005 1579 4066 semper
1609 3988 1701 4047 solent
1733 3986 1905 4048 contendere
1936 4005 2027 4065 super

1239 4087 1445 4172 praecedentis.
1467 4086 1499 4146 8.
1520 4086 1582 4147 Sua
1603 4087 1712 4149 remisit
1732 4106 1777 4148 me
1797 4087 1833 4146 ad
1854 4086 1890 4146 tt.
1912 4086 1952 4146 Ι).
1972 4086 2028 4147 Jo-

1238 4191 1361 4251 bsnnem
1374 4188 1539 4270 episcopum
1554 4187 1764 4248 Tornaeensem
1783 4188 1955 4266 Magistrum
1972 4187 2027 4248 do·

1240 4308 1304 4349 mus
1324 4308 1404 4363 suae,
1423 4299 1451 4349 et
1473 4287 1521 4348 ille
1541 4286 1577 4346 ad
1604 4286 1640 4346 li.
1661 4287 1697 4346 Ι).
1717 4287 1898 4348 Cardinalem
1925 4287 2028 4350 Sancti

1239 4390 1358 4470 Georgii
1378 4389 1602 4460 Camerarium,
1622 4400 1654 4447 ut
1674 4388 1718 4449 illi
1735 4388 1860 4450 dicerem
1882 4390 1962 4467 quod
1991 4390 2027 4450 de

1239 4490 1372 4551 mandato
1394 4489 1449 4550 88.
1471 4489 1506 4549 Ι).
1533 4488 1567 4549 Ν.
1588 4488 1683 4568 Pipae
1703 4490 1838 4550 officiales
1857 4489 1895 4548 ad
1915 4508 1946 4551 se
1976 4509 2028 4550 re·

1241 4603 1373 4663 vocaret,
1387 4602 1416 4652 et
1436 4608 1484 4651 eos
1503 4589 1707 4662 concordaret3
1727 4593 1776 4668 qui
1794 4590 1864 4650 mibi
1880 4590 2028 4669 respondit

1239 4709 1270 4753 se
1289 4692 1317 4750 in
1335 4689 1470 4751 olliciales
1488 4686 1653 4764 hujusmodi
1672 4689 1780 4749 nnllam
1796 4688 2027 4777 jurisdictionem

1240 4791 1356 4863 babere,
1376 4791 1425 4852 sed
1446 4790 1538 4868 magis
1558 4788 1586 4847 id
1605 4794 1760 4850 convenire
1775 4789 1811 4849 li.
1828 4790 1863 4850 Ι).
1885 4791 2029 4866 Viceean·

1240 4891 1358 4952 cellario
1376 4892 1425 4967 qui
1444 4890 1472 4951 in
1493 4908 1542 4949 eos
1563 4889 1682 4950 baberet
1698 4888 1938 4967 jurisdictionem.
1967 4892 2029 4952 Re·

1239 5008 1341 5069 sponso
1353 4988 1419 5050 dato
1437 5007 1454 5047 a
1471 4989 1507 5047 D.
1522 4991 1655 5068 episeopo
1669 4989 1855 5062 Tornaeensi‚
1867 4989 1922 5050 88.
1940 4991 1977 5051 Ι).
1993 4991 2027 5053 Ν.

1239 5091 1382 5151 ordinavit
1400 5089 1477 5168 quod
1498 5088 1561 5148 itit.
1584 5089 1698 5149 Domini
1720 5090 1985 5152 vicecancellarius
2001 5106 2030 5155 et

1238 5191 1434 5262 Camerarius,
1449 5202 1600 5270 propterea
1616 5191 1701 5251 iidem
1713 5189 1784 5252 Ner.
1796 5190 1974 5266 Cardinalea,
1985 5194 2030 5255 die

1239 5309 1341 5354 xxiiii.
1365 5292 1431 5351 tnaii
1455 5290 1593 5372 praedicti
1613 5302 1642 5353 et
1663 5291 1732 5370 qnid
1752 5291 1925 5361 laciendum,
1947 5305 1976 5355 et
1995 5313 2030 5356 ea

1239 5392 1284 5455 die
1299 5397 1378 5455 circa
1390 5392 1617 5473 praecedentiam
1629 5393 1803 5474 praedictam
1815 5394 2029 5456 observandum

1239 5494 1435 5556 decernerent.
1449 5493 1555 5573 Accepi
1567 5492 1667 5555 deinde
1688 5494 1847 5555 lormnlam
1867 5494 1979 5555 ordinis
2002 5498 2031 5556 in

1238 5594 1313 5656 dicta
1333 5594 1516 5674 processione
1537 5593 1708 5655 observandi
1734 5614 1751 5653 a
1785 5594 1938 5674 praedicto
1966 5596 2029 5656 Do-

1238 5698 1316 5760 mino
1346 5695 1478 5776 episcopo
1503 5694 1702 5768 Tornaceosi,
1723 5696 1916 5758 continentem
1948 5697 2028 5775 quod
