4492 6859
294 628 358 690 sot

296 764 366 826 iicet
384 782 438 844 pro
462 760 589 841 qualibet
611 762 773 841 paniarum
790 780 866 822 unus
887 763 992 824 nobilia
1013 783 1085 844 por·

294 964 386 1025 speuie
411 975 441 1011 ac
471 962 594 1012 studeant
619 964 773 1025 perquirere
801 968 827 1012 et
854 975 1015 1012 coacervare
1043 975 1086 1012 ea·

295 1052 346 1102 que
364 1039 439 1089 nobis
457 1040 564 1089 tradere
576 1039 674 1101 quibus
690 1040 740 1102 ipsi
758 1039 865 1090 affluunt
877 1046 903 1090 et
917 1054 965 1089 nos
978 1053 1086 1102 magno·

298 1130 363 1179 pere
391 1117 546 1180 indigemus.
568 1118 670 1169 Nullam
688 1117 705 1166 ii
722 1122 817 1168 norunt
845 1118 1010 1167 idolatriam:
1034 1131 1086 1166 imo

298 1194 448 1245 firmissime
467 1194 579 1244 credunt
596 1208 699 1245 omnem
716 1197 786 1245 vim:
805 1209 909 1246 omnem
927 1199 1086 1259 potentiam:

239 1288 241 1292 ’
296 1276 383 1325 omnia
400 1275 513 1336 denique
530 1273 598 1323 bona
616 1287 676 1324 esse
694 1276 719 1323 in
738 1275 816 1324 Ceto:
831 1287 925 1337 tneque
946 1275 1006 1324 inde
1027 1287 1085 1324 cum

296 1352 339 1403 his
356 1352 471 1402 navibus
488 1357 515 1401 et
532 1354 618 1402 nautis
635 1353 818 1403 descendisse:
837 1359 916 1416 atque
934 1354 983 1402 hoc
1000 1355 1087 1402 animo

299 1430 397 1493 ubique
410 1430 446 1480 tui
458 1433 598 1493 susceptus
606 1437 744 1493 postquam
756 1437 854 1481 metum
867 1431 1087 1495 repuleranttie:

300 1515 361 1558 sunt
386 1521 480 1571 segnes
505 1513 549 1558 aut
574 1509 671 1558 rudes:
688 1512 750 1572 quin
767 1515 862 1561 summi
879 1524 909 1561 sc
927 1511 1088 1573 perspicacis

301 1588 412 1651 ingeriit
430 1592 457 1638 et
474 1588 593 1638 homines
610 1590 655 1651 qui
678 1590 849 1640 transtretant
867 1603 939 1641 mara
956 1574 1088 1639 iliud'uou

302 1668 360 1716 sine
383 1666 555 1716 admiratione
579 1668 785 1731 uniuscuiusque
810 1672 848 1719 rei
873 1672 1001 1719 rationem
1028 1669 1089 1717 red·

302 1742 369 1792 dunt
394 1744 443 1793 sed
469 1757 600 1808 uunquam
619 1746 742 1797 viderunt
758 1753 848 1812 gentes
870 1751 981 1798 vestitas
1003 1761 1089 1810 neque

305 1834 388 1872 naves
412 1823 576 1872 huiusmodi.
592 1823 645 1887 Ego
672 1827 759 1875 statim
784 1832 862 1889 atque
880 1828 913 1876 ad
931 1840 1004 1877 mare
1026 1828 1090 1877 iliud

304 1900 414 1961 perveni
441 1904 523 1962 prima
548 1902 633 1952 insula
652 1904 779 1965 quosdam
798 1904 874 1955 iudos
896 1907 1026 1955 violenter
1045 1920 1090 1955 ar·

302 1978 370 2041 ripui
380 2000 387 2026 :
399 1980 443 2041 qui
455 1981 603 2030 ediscerent
615 1994 629 2029 a
641 1982 716 2033 nobis
733 1988 761 2033 et
777 1996 825 2033 uos
847 1989 947 2047 pariter
963 1985 1090 2035 docerent

305 2068 337 2104 ea
362 2070 472 2118 quorum
495 2057 546 2119 ipsi
567 2059 592 2107 iu
617 2058 683 2110 iisce
708 2063 829 2123 partibus
846 2064 1020 2126 cognitionem
1042 2065 1091 2112 ha-

302 2133 415 2186 bebant:
432 2141 459 2186 et
475 2149 507 2186 ex
526 2142 588 2187 voto
604 2142 749 2190 successit:
767 2154 827 2190 nam
844 2141 919 2191 brevi
936 2145 1087 2205 nosipsos:

302 2218 330 2263 et
346 2216 363 2264 ii
381 2229 428 2264 uos
453 2220 508 2265 tum
530 2222 606 2279 gestu
630 2231 662 2267 ac
685 2220 783 2281 signis:
804 2227 857 2269 tum
876 2221 964 2271 verbis
989 2223 1091 2272 intelle·

303 2298 419 2343 xerunt:
447 2308 592 2357 magnoque
620 2296 696 2346 nobis
723 2296 797 2347 tuere
824 2300 1021 2348 emolumento:
1043 2314 1091 2350 ve-

304 2374 378 2420 niunt
401 2372 478 2422 modo
506 2385 606 2422 mecum
638 2376 682 2436 qui
710 2388 815 2438 semper
836 2382 929 2439 putant
953 2391 994 2428 me
1018 2378 1091 2428 desi·

303 2449 385 2499 luisse
402 2464 416 2499 e
433 2453 505 2500 ceto:
523 2454 634 2513 quanvis
651 2453 696 2503 diu
713 2455 849 2506 uobiscum
873 2461 971 2507 versati
994 2459 1091 2508 tuerint

303 2530 434 2592 hodieque
461 2535 601 2579 versentur
622 2536 648 2581 et
670 2533 687 2580 ii
712 2539 787 2583 erant
809 2537 886 2597 primi
912 2536 957 2597 qui
981 2536 1008 2585 id
1024 2549 1092 2598 quo·

303 2619 405 2668 cunque
422 2608 620 2670 appellabamus
636 2611 806 2661 nuntiabant:
826 2614 869 2661 atii
885 2613 1012 2676 deinceps
1033 2615 1091 2664 aliis

304 2688 373 2735 elata
390 2698 452 2735 voce
469 2686 598 2736 diceutes:
614 2687 801 2741 Veniteveuite
819 2697 846 2741 et
862 2692 988 2743 videbitis
1000 2699 1091 2757 gentes

306 2764 438 2813 ethereas.
458 2765 634 2825 Quamobrem
656 2772 708 2817 tarn
731 2769 826 2819 iemiue
847 2784 929 2834 quant
946 2774 1014 2821 viri:
1037 2777 1090 2823 tam

305 2842 457 2904 impuberes
482 2856 560 2905 quam
586 2844 687 2894 adutti=
704 2850 756 2897 tam
782 2848 894 2899 iuvenes
919 2862 996 2911 quam
1014 2863 1091 2901 senes

305 2920 426 2983 deposita
452 2921 590 2972 tormidine
618 2925 695 2986 paulo
712 2930 773 2975 aute
790 2932 917 2990 concepta
942 2943 990 2979 uos
1007 2935 1092 2980 certa·

306 3000 352 3048 tim
369 2998 490 3049 visebant
516 3013 607 3063 magua
632 3005 682 3052 iter
702 3007 817 3068 stipante
834 3012 959 3057 caterva:
977 3010 1033 3059 aliis
1054 3011 1092 3058 ci·

306 3076 384 3127 bum:
401 3080 459 3129 aliis
475 3085 565 3142 potum
582 3081 753 3134 afferentibus
778 3088 892 3136 maximo
918 3100 976 3137 cum
1001 3102 1092 3138 amore

305 3169 335 3204 ac
352 3157 530 3208 benivolentia
546 3162 701 3211 incredibili.
725 3163 810 3213 Habet
831 3178 986 3229 unaqueque
1007 3168 1092 3217 insuta

306 3237 402 3286 multas
419 3238 530 3299 scaphas
548 3240 623 3289 solidi
640 3240 714 3303 ligni:
732 3246 759 3291 et
776 3246 798 3291 si
820 3249 961 3307 angustas.
984 3246 1093 3309 longitu-

304 3315 365 3365 dino
381 3321 468 3365 tamen
479 3330 510 3366 sc
522 3316 605 3366 torma
623 3321 719 3369 nostris
737 3320 882 3373 biremibus
894 3322 1003 3373 similes:
1014 3337 1092 3374 cursu

306 3400 394 3445 autem
411 3398 568 3447 velociores.
587 3398 720 3460 lteguutur
738 3403 817 3450 remis
835 3405 1024 3453 tantummodo.
1042 3404 1094 3453 ila·

307 3487 366 3523 rum
393 3475 504 3536 quedam
530 3480 591 3524 sunt
616 3490 733 3540 magne:
761 3480 872 3541 quedam
900 3494 1002 3543 parve:
1028 3496 1094 3545 que·

254 3621 256 3624 v
307 3553 367 3602 dam
386 3555 410 3601 iu
429 3554 513 3604 medio
530 3557 688 3606 consistunt.
706 3556 796 3608 Plures
813 3569 900 3610 tamen
923 3561 1016 3610 biremi
1042 3576 1094 3625 que

307 3634 436 3693 remigant
447 3634 627 3696 duodeviginti
645 3640 768 3687 transtris
781 3640 907 3690 maiores:
919 3653 977 3690 cum
999 3642 1093 3703 quibus

307 3710 334 3759 iu
352 3725 443 3762 omues
467 3714 523 3764 illas
544 3716 644 3766 insutas
657 3737 663 3763 :
678 3730 730 3780 que
748 3719 883 3769 innumere
901 3725 976 3770 sunt:
996 3722 1096 3771 traiici-

309 3794 365 3838 tur:
383 3803 493 3853 cumque
504 3792 537 3842 iis
554 3805 627 3843 susm
645 3799 819 3846 mercaturam
842 3803 968 3849 exercent
985 3804 1011 3849 ei
1027 3802 1095 3850 iuter

310 3881 357 3919 eos
381 3872 508 3921 comertia
533 3872 607 3922 liunt.
630 3875 737 3938 siliquas
764 3889 811 3939 ego
838 3877 930 3927 harum
957 3879 1094 3929 biremium

308 3960 355 3997 seu
380 3950 536 4012 scapharum
564 3954 618 4001 vidi
643 3966 693 4015 que
725 3955 857 4005 vehebant
881 3959 1046 4021 septuaginta
1068 3963 1095 4008 et

308 4029 460 4091 octuaginta
484 4032 605 4093 remiges.
622 4032 650 4082 ln
673 4034 794 4085 omnibus
812 4037 842 4085 iis
859 4037 952 4087 insulis
969 4038 1038 4087 nulia
1054 4042 1095 4088 est

311 4106 450 4158 diversitas
469 4111 537 4159 iuter
553 4112 638 4173 gentis
657 4112 769 4177 effigies.
785 4117 854 4165 nulia
878 4116 904 4166 in
921 4117 1039 4167 moribus
1056 4123 1094 4168 at·

307 4200 358 4248 que
382 4188 503 4250 loquela:
521 4192 585 4252 quin
603 4203 694 4242 omnes
711 4206 739 4243 se
756 4194 905 4259 intelligunt
929 4197 1094 4248 adinvicem:

308 4277 359 4327 que
378 4279 422 4316 res
439 4270 557 4331 perutilis
575 4273 615 4319 est
637 4271 670 4320 ad
697 4272 722 4321 id
741 4274 812 4334 quod
836 4276 1023 4326 serenissimos
1044 4278 1095 4328 lte-

306 4356 351 4406 ges
377 4350 485 4396 nostros
515 4351 643 4410 exoptare
672 4354 798 4413 precipue
825 4366 902 4402 reor:
924 4356 1025 4404 scilicet
1047 4368 1094 4405 eo-

307 4435 365 4472 rum
393 4425 426 4475 ad
454 4432 571 4475 sanctam
601 4428 697 4478 Christi
713 4429 791 4480 tidem
812 4435 1031 4483 conversionem.
1052 4438 1095 4485 cui

306 4502 414 4561 quidem
440 4510 567 4566 quantum
590 4508 735 4573 intelligere
757 4512 831 4573 potui
859 4513 962 4563 iaciiimi
985 4518 1046 4563 sunt
1067 4518 1094 4563 et

307 4582 393 4640 proni.
421 4580 479 4630 Dixi
507 4585 726 4645 quemadmodum
754 4583 811 4639 sum
839 4605 996 4655 progressus
1017 4596 1094 4645 autea

308 4659 419 4707 insulam
444 4659 564 4721 tonnam,
587 4676 635 4725 per
659 4670 759 4716 rectum
782 4669 914 4719 tramitem
940 4684 1049 4722 occasus
1067 4676 1094 4722 in

308 4739 436 4787 orientem
453 4741 562 4790 miliaria
579 4752 692 4791 cccxxix.
709 4747 853 4797 secundum
876 4762 953 4811 quam
975 4752 1045 4800 viam
1068 4756 1095 4802 et

310 4816 476 4868 intervalium
490 4819 591 4869 itineris
607 4833 714 4883 possum
727 4824 814 4875 dicere
832 4828 899 4877 hanc
914 4830 1017 4878 loauam
1035 4843 1094 4880 esse

308 4898 434 4959 maiorem
451 4898 542 4961 Angiia
559 4903 585 4948 et
600 4901 686 4951 Scolia
703 4905 793 4954 simut:
810 4920 923 4970 namque
939 4910 1007 4958 ultra
1024 4908 1093 4958 dicta

308 4988 421 5026 cccxxii.
441 4990 566 5040 passuum
585 4980 656 5030 milia
673 4983 698 5032 in
715 4994 745 5033 ea
761 4989 837 5047 parte
853 4999 904 5049 que
922 4987 954 5036 ad
970 4987 1095 5037 occiden-

310 5060 362 5105 tem
389 5064 543 5121 prospectat
570 5060 644 5110 due:
672 5075 739 5125 quas
762 5078 814 5115 non
841 5067 929 5128 petii:
951 5070 1094 5129 supersunt

309 5138 447 5198 provincie
471 5151 581 5200 quarum
599 5143 706 5191 alteram
723 5143 777 5192 iudi
793 5146 868 5194 tinen
889 5150 1001 5205 vocant,
1019 5146 1095 5195 cuius

308 5218 398 5266 accole
423 5218 526 5266 caudati
550 5224 702 5270 nascuntur.
725 5221 880 5273 Tenduntur
905 5224 931 5273 iu
958 5224 1095 5287 iongitudi·

308 5307 369 5344 nem
386 5295 418 5344 ad
436 5297 546 5345 miliaria
562 5310 658 5347 ccxxx.
675 5305 703 5350 ut
720 5301 753 5350 ab
771 5302 811 5352 his
827 5315 895 5364 quos
906 5302 973 5352 veho
991 5315 1094 5353 mecum

310 5372 380 5423 indis
398 5378 519 5437 percepi:
532 5377 577 5439 qui
594 5380 679 5428 omnis
696 5380 743 5429 has
761 5381 858 5430 callent
874 5383 988 5432 insulas:
1003 5382 1095 5445 Hispa·

310 5464 342 5500 ne
365 5466 430 5503 vero
452 5457 565 5506 ambitus
583 5459 665 5507 maior
682 5463 723 5508 est
740 5464 793 5509 tota
808 5460 930 5523 Hispania
947 5476 961 5510 a
982 5461 1094 5526 Cciogna

311 5536 444 5593 usquead
461 5535 566 5585 Fontem
587 5536 723 5589 liabidum.
744 5538 861 5602 ilincque
883 5542 959 5592 tacite
977 5543 1095 5604 arguitur

309 5611 380 5672 quod
389 5618 511 5673 quartum
528 5618 584 5665 eius
596 5618 744 5681 iatusquod
753 5622 810 5682 ipse
821 5635 869 5684 per
890 5627 987 5674 rectam
1000 5624 1093 5672 lineam

312 5689 459 5742 occidentis
476 5695 500 5744 in
517 5697 645 5746 orientem
661 5698 882 5761 traieci,miiiaria
898 5704 1015 5754 continet
1033 5710 1094 5751 bxn.

786 624 1074 692 Postuminus
1095 624 1321 691 ahsxsnbnt
1341 618 1467 685 sexti.

1841 603 1949 689 (attat

1155 765 1235 824 tubat
1272 761 1411 823 vexilium
1448 770 1585 834 magnum
1622 766 1710 829 quem
1749 744 1946 823 sequebantur

1153 960 1205 1009 Hec
1223 960 1306 1008 insula
1324 959 1365 1006 est
1378 951 1521 1003 affectanda
1533 953 1560 998 et
1576 947 1697 997 aiiectata
1713 956 1768 993 non
1786 938 1946 1004 spernenda.

1153 1040 1177 1088 in
1195 1051 1245 1101 qua
1273 1041 1299 1086 et
1316 1036 1339 1085 si
1357 1036 1467 1084 alierum
1490 1029 1605 1081 emnium
1627 1032 1657 1077 ut
1677 1024 1734 1075 dixi
1762 1034 1813 1085 pro
1833 1019 1946 1068 invictis

1152 1121 1217 1165 simo
1242 1116 1309 1177 Rege
1334 1117 1425 1163 nostro
1450 1111 1594 1159 solenniter
1614 1106 1818 1170 possessiouem
1839 1099 1946 1159 accepi:

1153 1207 1297 1256 earumque
1314 1194 1451 1251 imperium
1462 1191 1533 1239 dicto
1548 1189 1609 1250 ltegi
1626 1187 1731 1248 penitus
1751 1179 1944 1231 committitur:

1155 1275 1180 1323 in
1207 1274 1370 1335 oportuniori
1399 1275 1485 1319 tamen
1512 1270 1569 1317 ioco
1603 1271 1682 1327 atque
1710 1263 1786 1313 omni
1815 1261 1893 1307 lucro
1924 1262 1946 1305 et

1155 1355 1281 1403 comertin
1315 1349 1470 1399 condecenti
1502 1345 1639 1396 cuiusdam
1666 1353 1762 1404 megae
1792 1339 1883 1388 viiie:
1909 1339 1945 1385 cui

1154 1433 1304 1485 Nativiintis
1329 1428 1430 1478 Domini
1458 1439 1553 1476 nomen
1581 1425 1715 1475 dedimus=
1748 1418 1945 1483 possessionem

1155 1512 1325 1576 peculiariter
1342 1509 1448 1570 accepi:
1464 1506 1554 1568 ibique
1579 1515 1666 1554 arcem
1683 1499 1822 1564 quandam
1850 1497 1946 1559 erigere

1156 1590 1290 1653 externplo
1314 1587 1396 1638 iussi:
1421 1596 1472 1648 que
1501 1584 1579 1634 modo
1607 1584 1658 1633 iam
1682 1580 1766 1632 debet
1792 1589 1858 1627 esse
1889 1588 1946 1637 per·

1156 1674 1224 1719 acta:
1243 1672 1269 1717 in
1286 1681 1336 1731 qua
1354 1667 1473 1715 homines
1489 1666 1533 1728 qui
1558 1661 1703 1714 necessarii
1725 1661 1791 1709 sunt
1815 1657 1869 1707 visi
1894 1669 1946 1704 cun

1157 1752 1225 1799 omni
1250 1760 1382 1798 armorum
1402 1758 1499 1809 genere
1512 1748 1538 1793 et
1555 1744 1624 1793 ultra
1644 1752 1741 1790 aunum
1760 1739 1837 1787 victu
1857 1749 1948 1799 oppor-

1158 1832 1220 1877 tuno
1245 1827 1348 1888 reliqui.
1371 1826 1434 1875 item
1451 1823 1583 1886 quandam
1600 1820 1759 1871 caraveiiam
1782 1823 1812 1866 et
1832 1814 1948 1878 proeliis

1156 1906 1341 1957 construendis
1365 1910 1418 1955 tam
1435 1905 1461 1952 iu
1478 1904 1527 1951 hac
1544 1907 1602 1951 arte
1627 1911 1707 1962 quam
1724 1899 1752 1947 in
1777 1899 1882 1945 ceteris
1907 1906 1950 1956 pe·

1158 1989 1238 2037 ritos:
1261 1999 1290 2035 ac
1314 1984 1432 2035 eiusdem
1458 1984 1559 2032 insulae
1583 1980 1657 2043 ttegis
1679 1991 1742 2040 erga
1766 1987 1817 2025 eos
1835 1974 1950 2023 benero-

1158 2066 1262 2115 ientiam
1288 2069 1314 2114 et
1337 2064 1540 2113 familiaritatem
1572 2056 1767 2109 incredibilem.
1792 2054 1864 2103 Sunt
1886 2054 1950 2101 euim

1158 2150 1249 2204 gentes
1266 2144 1309 2191 iile
1326 2141 1451 2191 amabiles
1468 2139 1607 2190 admodum
1625 2141 1652 2187 et
1667 2135 1806 2198 benigne:
1826 2144 1861 2182 eo
1884 2132 1949 2194 quod

1158 2224 1211 2273 ltex
1235 2222 1370 2284 predictus
1394 2232 1436 2271 me
1461 2220 1570 2269 tratrem
1594 2229 1670 2267 suum
1696 2215 1749 2264 dict
1777 2210 1950 2277 gloriabatur.

1158 2302 1227 2351 Etsi
1244 2304 1356 2349 animum
1375 2301 1532 2349 revocarent
1553 2301 1579 2346 et
1606 2298 1637 2344 iis
1653 2296 1698 2357 qul
1715 2295 1743 2342 in
1760 2304 1828 2341 arce
1848 2302 1950 2340 manae·

1159 2387 1218 2431 runt
1231 2393 1327 2433 nocere
1339 2381 1434 2429 veiint:
1444 2380 1576 2439 nequeunt
1586 2396 1591 2423 ι
1603 2375 1663 2438 quis
1676 2375 1758 2422 armis
1770 2376 1869 2421 carent
1878 2391 1885 2417 :
1894 2370 1951 2418 nudi

1159 2461 1284 2509 incedunt
1301 2465 1327 2507 et
1343 2459 1449 2507 nimiurn
1474 2455 1574 2504 timidi:
1595 2453 1654 2503 ideo
1676 2451 1777 2502 dictam
1799 2462 1895 2499 arcem
1911 2452 1952 2496 te·

1159 2544 1251 2588 nentes
1274 2536 1538 2597 duntaxat,possnnt
1555 2536 1638 2582 totam
1660 2542 1717 2580 eam
1744 2529 1862 2577 insulam
1884 2527 1951 2576 nullo

1159 2620 1208 2669 sibi
1225 2620 1376 2667 imminente
1392 2617 1543 2665 discrimine
1568 2612 1688 2675 populari
1711 2609 1862 2659 dummodo
1885 2609 1951 2669 teges

1159 2710 1224 2761 quas
1252 2696 1372 2745 dedimus
1398 2707 1428 2743 ac
1454 2694 1569 2755 regimen
1593 2703 1645 2739 non
1669 2687 1801 2738 excedant
1824 2689 1833 2749 (
1855 2686 1953 2735 inelit't

1159 2776 1307 2827 editionibus
1333 2786 1382 2836 pro
1409 2772 1531 2835 populari
1547 2769 1640 2831 tegitvr
1661 2769 1737 2817 tacite
1759 2768 1903 2822 detinere).
1928 2766 1953 2814 tn

1159 2856 1279 2906 omnibus
1307 2855 1338 2903 iis
1365 2854 1457 2902 insutis
1484 2855 1512 2901 ut
1540 2848 1655 2900 intellexi
1679 2848 1793 2911 quisque
1823 2846 1869 2894 uni
1897 2849 1954 2893 tan·

1161 2938 1215 2984 tum
1239 2933 1341 2995 coniugi
1365 2931 1525 2994 acquiescit:
1547 2932 1652 2992 praeter
1676 2927 1815 2989 principes
1840 2928 1885 2974 aut
1907 2925 1953 2972 lte·

1160 3027 1232 3075 ges:
1255 3011 1351 3075 quibus
1378 3011 1466 3073 viginti
1495 3008 1594 3057 habere
1624 3005 1695 3055 iicet.
1728 3004 1838 3054 Femina
1872 3004 1953 3064 magis

1161 3105 1239 3156 quam
1264 3092 1315 3140 viri
1341 3090 1462 3140 laborare
1478 3089 1613 3138 videntur:
1630 3097 1679 3136 nac
1694 3085 1764 3135 bene
1781 3084 1860 3146 potui
1877 3084 1954 3132 intet-

1162 3174 1241 3234 iigere
1266 3184 1298 3219 an
1325 3170 1440 3219 babeant
1465 3168 1533 3217 boun
1559 3166 1686 3229 propria:
1707 3163 1760 3213 vidi
1776 3160 1851 3212 enim
1884 3160 1953 3224 quod

1161 3265 1228 3301 unus
1246 3249 1357 3301 habebat
1377 3249 1435 3299 aliis
1460 3247 1601 3309 impartiri:
1630 3246 1771 3307 presertim
1797 3243 1884 3306 dapes
1909 3241 1954 3291 ob·

1161 3332 1234 3380 sonia
1266 3337 1292 3380 et
1318 3328 1474 3379 huiusmodi.
1501 3327 1606 3377 Nullum
1630 3323 1700 3387 apud
1724 3336 1770 3373 eos
1800 3332 1948 3373 monstrum

1163 3412 1249 3473 reperi
1273 3412 1302 3458 ut
1327 3407 1446 3472 plerique
1464 3405 1663 3456 existimabant:
1689 3403 1736 3453 sed
1754 3403 1876 3452 homines
1900 3414 1954 3451 ma·

1160 3498 1210 3547 gne
1238 3485 1387 3534 reverentie
1421 3486 1500 3543 atque
1538 3479 1672 3542 benignos
1704 3478 1760 3531 Nec
1795 3483 1859 3528 sunt
1886 3478 1951 3540 nigri

1162 3564 1234 3612 vetut
1253 3565 1388 3625 ethiopes.
1409 3562 1506 3611 habent
1523 3562 1612 3609 crines
1636 3560 1730 3621 planos
1753 3569 1784 3607 ac
1802 3558 1951 3607 demissos:

1163 3658 1213 3694 non
1231 3643 1328 3705 degunt
1345 3642 1389 3691 uhi
1407 3641 1540 3690 radiorum
1563 3639 1658 3688 solaris
1675 3638 1770 3687 emicat
1787 3637 1880 3685 calor:
1897 3648 1955 3697 per·

1163 3736 1255 3785 magna
1271 3733 1383 3783 namque
1400 3721 1442 3769 hic
1460 3724 1501 3769 est
1518 3719 1582 3768 eolis
1599 3717 1781 3766 vehementia=
1809 3720 1954 3777 propterea

1163 3801 1235 3865 quod
1248 3800 1281 3850 ab
1293 3798 1463 3862 equinoctiaii
1477 3799 1544 3848 tinea
1556 3798 1654 3846 distat:
1671 3799 1700 3845 ut
1716 3795 1844 3845 videtur:
1859 3792 1956 3856 gradus

1163 3896 1210 3933 sex
1227 3886 1254 3931 et
1271 3882 1369 3943 viginti.
1392 3878 1431 3929 Ex
1456 3878 1582 3926 montium
1606 3872 1787 3924 cacuminibus
1811 3872 1953 3921 maximum

1162 3972 1265 4024 quoque
1282 3962 1352 4023 viget
1367 3956 1519 4019 trigus2sed
1536 3956 1562 4005 id
1578 3956 1684 4018 quidem
1703 3953 1877 4003 moderantur
1900 3949 1953 3998 ludi

1164 4046 1216 4089 ium
1246 4040 1295 4088 loci
1320 4034 1511 4088 consuetudine
1541 4038 1595 4083 tunt
1620 4044 1710 4083 rerum
1731 4029 1954 4080 calidissimamm

1163 4119 1260 4181 quibus
1287 4118 1440 4179 frequenter
1464 4118 1490 4164 et
1506 4114 1640 4162 luxuriose
1663 4113 1809 4160 vescuntur
1831 4108 1955 4171 presidio.

1164 4196 1254 4258 itaque
1270 4200 1388 4243 monstra
1404 4193 1492 4254 aliqua
1509 4203 1560 4241 non
1572 4189 1637 4240 vidi·-
1648 4201 1733 4251 neque
1751 4200 1846 4236 eorum
1858 4187 1956 4236 alicubi

1164 4276 1241 4325 habui
1264 4274 1453 4335 coguitionem=
1478 4272 1590 4332 excepta
1611 4268 1723 4333 quadam
1751 4267 1840 4317 insula
1862 4265 1955 4315 Charis

1165 4358 1327 4415 nuncupeta=
1351 4365 1418 4415 quao
1443 4350 1557 4402 secunda
1585 4362 1619 4399 ex
1645 4347 1769 4411 Hispania
1800 4346 1828 4395 ln
1855 4344 1953 4394 ludiam

1163 4432 1395 4484 transtretantibus
1420 4430 1525 4480 existit:
1546 4441 1624 4492 quam
1645 4439 1707 4491 gens
1727 4424 1842 4488 quedam
1863 4424 1954 4473 adui-

1162 4514 1232 4562 timis
1250 4512 1337 4561 habita
1354 4510 1471 4561 ferocior
1495 4510 1603 4559 incolit:
1628 4510 1653 4557 hi
1677 4518 1757 4556 carne
1775 4505 1892 4555 humana
1909 4516 1956 4553 ve·

1163 4596 1281 4641 scuntur·
1304 4590 1407 4640 liabent
1428 4589 1540 4652 predicti
1556 4587 1696 4637 biremium
1723 4598 1823 4649 genera
1843 4585 1955 4647 plurime

1162 4670 1258 4732 quibus
1284 4671 1310 4718 in
1338 4669 1424 4718 omnis
1448 4667 1550 4717 indicas
1576 4667 1675 4716 insutas
1692 4667 1842 4715 traiicinnt.
1860 4644 1956 4727 depre-

1162 4751 1225 4801 dant
1255 4750 1453 4811 surripiuntque
1477 4759 1633 4810 quecunque
1660 4751 1782 4807 possunt.
1816 4744 1890 4796 Nihil
1923 4744 1954 4792 ab

1163 4832 1220 4880 aliis
1237 4829 1359 4879 differunt
1380 4828 1433 4877 nisi
1450 4827 1521 4890 quod
1547 4829 1641 4889 gerunt
1662 4836 1733 4875 more
1759 4822 1877 4873 temineo
1899 4824 1956 4873 lon·

1162 4923 1209 4974 gos
1235 4912 1340 4958 crines:
1365 4912 1475 4958 utuntur
1492 4905 1607 4955 arcubus
1623 4909 1649 4954 et
1666 4904 1775 4966 spiculis
1803 4903 1956 4953 arundineis

1162 4987 1221 5038 lixis
1248 4993 1276 5036 ui
1300 4987 1414 5036 diximus
1442 4986 1468 5034 in
1497 4983 1625 5047 grossiori
1647 4987 1722 5046 parta
1744 4984 1888 5033 attenuatis
1909 4983 1956 5032 ha·

1163 5068 1285 5119 stiiibus:
1315 5066 1426 5128 ideoque
1451 5064 1582 5114 habentur
1610 5064 1729 5113 feroces:
1761 5075 1845 5124 quare
1864 5063 1955 5121 ¹ceteri

1164 5146 1218 5196 indi
1237 5145 1394 5195 inexhausto
1412 5148 1482 5193 metu
1499 5144 1663 5205 plectuntur=
1686 5142 1734 5194 sed
1750 5144 1800 5191 hos
1817 5153 1867 5204 ego
1885 5140 1956 5190 nihili

1162 5227 1229 5275 facio
1247 5227 1305 5288 ptus
1323 5237 1401 5287 quam
1419 5224 1491 5272 alios.
1508 5221 1536 5271 Hi
1555 5225 1617 5271 eunt
1638 5222 1682 5284 qui
1699 5225 1796 5271 coeunt
1819 5232 1882 5270 cum
1901 5218 1957 5281 qui·

1164 5304 1273 5356 busdam
1302 5304 1419 5353 leminis:
1446 5314 1497 5364 que
1524 5302 1580 5351 soie
1608 5301 1720 5350 insulem
1745 5299 1879 5350 lieteuuin
1904 5302 1958 5361 pri·

1165 5398 1230 5433 mam
1257 5396 1289 5433 ex
1308 5382 1430 5444 Hispania
1449 5380 1474 5428 in
1492 5378 1590 5429 indiam
1612 5378 1806 5429 traiicienttbus
1828 5378 1956 5428 habitant.

1163 5466 1201 5517 lie
1224 5472 1310 5516 autem
1333 5466 1427 5514 lemine
1443 5464 1542 5513 nultum
1561 5464 1602 5512 sui
1618 5475 1699 5513 sexus
1723 5475 1791 5524 opus
1816 5467 1957 5513 exercent:

1164 5550 1273 5596 utuntur
1298 5546 1365 5595 enim
1395 5545 1509 5593 arcubus
1537 5547 1563 5592 et
1580 5542 1689 5605 spiculis
1714 5542 1783 5591 sicut
1806 5543 1839 5592 de
1868 5555 1957 5593 earum

1164 5624 1316 5684 coniugibus
1341 5624 1414 5673 dixi:
1442 5622 1562 5672 muniunt
1584 5635 1644 5673 sese
1660 5622 1763 5671 laminis
1787 5624 1863 5671 eneis
1898 5636 1959 5685 qua·

1165 5718 1223 5755 rum
1241 5705 1356 5754 maxima
1374 5701 1444 5765 apud
1460 5714 1506 5752 aas
1522 5702 1599 5765 copia
1622 5704 1719 5754 existit
1737 5701 1824 5751 Aliam
1842 5702 1907 5751 mihi
1926 5704 1961 5750 iu·
