4492 6859
233 638 344 723 (aaut)

236 779 370 859 recipere
390 785 487 857 petam
508 773 537 835 ia
556 774 674 851 eisdem,
695 776 742 839 vel
764 776 895 857 ipsorum
918 777 1028 854 aliquo,

236 896 289 941 aee
307 879 395 940 etiam
413 876 576 956 occupabo,
601 886 654 937 aut
675 894 819 957 occapare
841 876 1028 957 permittam,

235 997 287 1041 acu
308 980 410 1040 facim
432 978 599 1058 praemissa,
617 997 667 1039 seu
687 989 799 1059 partem
821 980 949 1056 aliquam
973 996 1028 1039 ea·

236 1079 382 1152 rumdam,
406 1081 529 1140 ascilla
554 1079 694 1140 offendam
718 1080 762 1140 vel
783 1080 953 1152 molestabo,
973 1097 1024 1139 nec

235 1184 323 1244 etiem
348 1171 511 1240 Romanam
533 1180 717 1253 Ecclesiam,
736 1197 853 1257 quoque
872 1179 926 1238 sub
959 1196 1027 1237 cen·

235 1284 333 1352 suria,
353 1280 510 1361 poenisque
537 1279 734 1359 spiritualibus
762 1291 794 1340 et
818 1279 1028 1358 temporalibus

236 1382 265 1441 in
297 1380 468 1461 supradictis
499 1380 736 1453 conditionibus,
772 1390 801 1441 et
834 1367 1027 1440 infeudatioae

237 1487 390 1556 cernentis,
412 1502 483 1561 qaas
505 1481 552 1542 bic
573 1469 671 1542 baberi
692 1482 759 1542 rolo
780 1482 809 1540 in
827 1481 951 1559 singulis
966 1479 1027 1539 suis

237 1584 369 1662 partibus
395 1602 449 1662 pro
479 1581 670 1660 specificatis,
690 1591 718 1641 et
740 1580 892 1661 repetitis,
917 1589 946 1639 et
975 1596 1027 1639 ex·

239 1687 353 1765 pressis:
376 1684 554 1755 scismatico,
572 1701 621 1742 seu
639 1680 768 1742 heretico
789 1683 963 1757 cuicumque
978 1678 1025 1740 vel

238 1782 324 1844 abde
344 1785 427 1844 devio
444 1786 488 1844 vel
510 1783 547 1842 ab
570 1785 629 1861 ipsa
647 1780 777 1842 Ecclesia
793 1779 924 1860 praeciso
945 1775 1027 1854 ejus·

238 1902 296 1963 que
331 1883 534 1963 seguacibus‚
567 1893 618 1941 aut
650 1881 782 1940 dantibus
814 1881 855 1941 eis
889 1878 1026 1938 auxilium

238 1984 390 2043 eonsilium
411 1984 456 2043 vel
478 1984 620 2051 levorem,
640 2000 696 2040 nou
717 1981 792 2040 dabo
813 1980 918 2057 qttoris
942 1976 1028 2038 moda

238 2103 291 2163 per
309 2102 354 2144 me
370 2084 414 2144 vel
430 2084 532 2154 aliam,
543 2100 594 2143 seu
608 2083 679 2142 alios
694 2082 803 2142 directe
816 2081 861 2139 rel
879 2077 1028 2152 indirecte,

239 2185 353 2266 publice
384 2185 429 2244 vel
462 2184 601 2255 occulte,
621 2181 785 2254 auxilium,
805 2176 958 2240 consilium
981 2176 1027 2238 vel

237 2286 380 2357 savorem,
399 2303 451 2345 nec
469 2284 506 2342 ab
524 2284 603 2356 aliis,
621 2293 762 2361 quantum
783 2281 811 2339 in
829 2297 874 2338 me
890 2278 1027 2351 luerit,si

237 2386 376 2465 impedire
395 2394 508 2464 potero,
523 2383 588 2442 dari
610 2384 790 2461 permittam,
806 2379 855 2441 sed
877 2397 927 2439 eos
945 2378 1028 2457 juxta

237 2504 320 2565 posse
342 2501 450 2555 meum,
471 2481 560 2543 donec
584 2491 801 2552 cosrvertantur‚
827 2495 985 2559 persequar
1000 2488 1028 2538 et

217 2654 221 2663 ,
237 2585 381 2646 invadam.
396 2583 477 2653 Quae
492 2583 600 2655 arania,
614 2594 643 2643 et
657 2583 783 2662 singula,
800 2590 832 2639 ut
844 2577 953 2655 jacent,
974 2578 1028 2637 sub

238 2684 294 2746 tide
319 2706 382 2748 anea
404 2686 493 2765 Regia
515 2686 635 2756 volens,
663 2683 735 2743 Rev.
757 2684 785 2742 in
812 2682 929 2742 Christo
945 2679 1026 2739 Patri

238 2790 269 2841 et
280 2781 314 2839 [l.
325 2781 361 2840 D.
375 2779 499 2841 Johanni
515 2780 592 2837 tituli
605 2778 729 2838 Sanctae
740 2776 888 2836 Susannae
904 2773 1027 2834 Sanctae

239 2880 384 2942 Romanae
398 2880 543 2941 Ecclesiae
565 2879 741 2960 Presbytero
766 2877 914 2940 cardinali
938 2875 1028 2936 Mon·

240 2983 277 3043 tis
285 2983 587 3063 Regalisdpostolicae
600 2981 680 3041 Sedis
695 2979 806 3060 Legata
820 2980 856 3039 ad
872 2978 944 3040 haec
960 2998 1028 3057 spe·

239 3084 349 3144 cialiter
376 3083 536 3162 deputato,
559 3083 621 3141 vice
650 3093 678 3141 et
706 3083 818 3141 notitiae
845 3079 900 3140 SS.
929 3079 966 3138 l).
992 3076 1027 3140 N.

241 3184 353 3264 Papae,
372 3183 554 3259 Semcleaque
573 3181 721 3241 Romanae
743 3180 888 3241 Ecclesiae
909 3177 1028 3257 praedi·

239 3296 368 3356 ciorum,
389 3282 547 3363 praesenti,
568 3281 717 3361 stipulanti
736 3291 765 3341 et
790 3278 951 3358 recipienti,
970 3296 1027 3339 cu-

240 3407 319 3459 rare,
340 3403 512 3468 procurare,
533 3394 562 3444 et
583 3383 678 3442 iacere
696 3380 905 3440 inviolabiliter
925 3379 1028 3440 obser·

241 3510 323 3561 vare,
344 3488 482 3568 promitto
504 3484 634 3563 pariter,
656 3494 684 3542 et
702 3478 783 3556 juro.
806 3479 856 3539 Sic
883 3498 928 3540 sne
949 3479 1028 3540 Deus

240 3590 375 3670 adjuvet,
397 3599 424 3647 et
447 3586 552 3645 Sancta
570 3583 640 3643 baec
662 3582 715 3642 llei
737 3581 894 3660 Evangelia
917 3603 944 3639 s.

283 3690 359 3751 Tum
382 3687 442 3748 Rex
469 3685 568 3745 ambas
592 3702 695 3763 ntanus
717 3700 804 3760 super
824 3680 935 3741 librum
957 3680 1028 3740 illis·

239 3793 319 3864 sale,
340 3809 425 3869 quem
451 3786 557 3847 Rever.
579 3785 706 3863 Legatos
738 3782 846 3843 tenebit
861 3825 870 3854 ‚
899 3780 1029 3841 videlicet

240 3901 371 3960 dextram
393 3911 479 3970 super
501 3889 698 3959 Cruciilxum,
722 3895 750 3945 et
775 3886 919 3944 sinistram
941 3902 1029 3962 super

241 4010 367 4077 quatmr
387 3989 547 4069 Evangelia
571 3988 697 4047 adhaec
722 3985 883 4065 specialiter
902 3986 931 4044 in
952 3984 1029 4045 dictu

240 4097 346 4159 Missali
366 4093 487 4174 depicta,
505 4100 534 4151 et
553 4089 679 4169 scripta,
700 4095 806 4167 ponat3
830 4085 928 4163 sicque
949 4085 1029 4164 legit,

198 4223 203 4232 ·
239 4210 270 4260 et
290 4194 383 4273 jurat.

284 4295 405 4358 lnterim
418 4336 428 4366 ,
450 4292 519 4351 dum
538 4287 739 4365 juramentum
765 4286 946 4367 praedictum
976 4303 1028 4366 per

244 4400 355 4479 Regem
378 4406 555 4479 praestatur,
577 4394 715 4456 vexillum
739 4392 862 4453 Sanctae
883 4390 1028 4453 Romanae

241 4499 412 4572 Ecclesiae,
436 4497 471 4556 ad
494 4496 549 4557 hoc
570 4517 621 4576 per
645 4498 782 4559 Sanctias.
805 4498 839 4556 l).
862 4496 896 4557 N.
919 4496 1027 4576 Papam

242 4601 361 4661 missam
382 4643 391 4672 ,
414 4601 578 4679 imponatur
600 4616 669 4659 suae
697 4599 817 4671 hastae,
844 4608 873 4659 et
899 4607 1028 4657 erectum

242 4711 374 4762 teneatur
394 4720 445 4779 per
461 4700 630 4778 religiosum
658 4710 685 4759 et
704 4710 855 4760 strenuum
878 4698 1028 4758 dominum

243 4803 442 4865 Calurandum
463 4800 506 4884 (i)
533 4800 639 4879 Borgia
663 4800 780 4859 militem
802 4798 911 4859 ordinis
930 4796 1027 4856 Sancti

243 4904 384 4966 lobannis
404 4901 671 4973 litorosolimirant,
693 4900 830 4980 praedicti
853 4898 924 4959 Rev.
942 4896 1027 4957 [iam.

241 5005 402 5068 cardinalis
419 5019 615 5081 germanum,
640 5003 690 5078 qui
718 5002 855 5061 vexillum
881 5002 974 5078 ipsum
994 5017 1028 5059 ea

242 5105 444 5168 commissione
467 5102 498 5161 S.
517 5101 551 5160 l).
564 5099 598 5160 tt.
622 5100 713 5180 Papae
734 5119 767 5161 ex
789 5100 868 5163 Urbe
889 5100 1027 5179 portavit.

287 5204 433 5266 Praestito
450 5202 615 5280 juramento
646 5222 697 5281 per
719 5200 849 5279 Regem,
879 5210 912 5258 ut
941 5218 1028 5279 prae·

245 5310 366 5377 fertur,
388 5305 523 5363 vetillum
553 5304 643 5380 ipsum
667 5320 766 5363 coram
789 5300 900 5379 Legata
926 5309 1029 5379 porta·

244 5423 309 5481 tur,
327 5407 377 5487 qui
395 5406 505 5465 itastaru
525 5405 553 5463 in
571 5404 670 5463 dextra
698 5404 848 5483 recipiens,
868 5400 939 5462 iilud
956 5400 1027 5481 Regi

244 5509 396 5591 recipienti
418 5506 531 5579 tradit,
562 5505 714 5585 ipsumque
746 5504 780 5565 de
811 5503 914 5583 Regno
943 5501 1028 5564 iare·

244 5614 383 5674 stiturum
403 5608 491 5669 dicit:

288 5737 305 5770 ι
323 5712 505 5776 Auctoritate
525 5706 691 5789 Apostoliea
709 5706 790 5769 cobis
812 5707 841 5769 in
863 5706 918 5768 hac
946 5712 1028 5786 parte

701 638 981 704 conculcabas
1002 637 1227 701 stamnum
1246 638 1373 702 santi.

1811 642 1872 703 atti

1096 795 1241 851 conemsa,
1256 796 1308 857 per
1326 777 1526 856 appensionem
1548 776 1636 854 hetjus
1660 779 1755 841 vexilli
1781 782 1879 842 ecele-

1094 878 1201 939 siastici
1225 880 1252 938 ln
1274 878 1330 940 tuis
1352 879 1497 953 manibus,
1519 891 1547 940 te
1568 879 1602 942 de
1624 880 1726 960 Regno
1742 880 1880 958 Siciliae,

1094 986 1124 1037 et
1148 990 1226 1039 terra
1242 979 1316 1038 citra
1331 978 1484 1052 Pharum,
1503 997 1595 1058 usque
1615 980 1652 1041 ad
1673 980 1796 1043 confinia
1816 995 1880 1045 ter·

1095 1095 1198 1136 raram
1232 1077 1355 1138 Sanctae
1377 1077 1522 1141 Romanae
1551 1080 1723 1158 Ecclesiae,
1754 1085 1880 1162 exceptis

1095 1177 1213 1238 civitate
1233 1177 1454 1251 Berterentana,
1474 1190 1503 1240 et
1517 1180 1679 1254 territorio,
1702 1183 1880 1244 districtibus

1094 1286 1126 1338 et
1147 1278 1323 1357 pertinentiis
1345 1280 1416 1353 sais,
1437 1279 1466 1339 ia
1488 1281 1622 1343 omnibus
1643 1281 1746 1362 Regni,
1765 1296 1795 1343 et
1816 1295 1880 1345 ter·

1095 1396 1145 1438 rae
1177 1377 1394 1457 praedictorum
1423 1380 1545 1456 juribus
1571 1391 1601 1443 et
1633 1383 1829 1462 pertinentiis,
1849 1386 1878 1444 in

1095 1476 1202 1552 quibus
1223 1480 1319 1540 clarae
1341 1481 1498 1542 memoriae
1525 1481 1708 1543 Perdinando
1730 1482 1802 1561 Regi
1824 1502 1879 1561 ge·

1096 1579 1189 1639 nitori
1211 1590 1273 1653 tuo,
1285 1579 1394 1662 rigore
1416 1582 1620 1655 investiturae,
1639 1595 1668 1644 et
1691 1586 1879 1645 concessionis

1095 1696 1148 1756 per
1168 1678 1260 1740 felicis
1293 1681 1504 1742 recordationis
1537 1683 1733 1744 Innocentium
1768 1684 1876 1763 Papam

1095 1774 1265 1852 Octavum,
1283 1778 1338 1840 sub
1355 1781 1442 1841 certis
1461 1781 1548 1843 moda
1569 1791 1598 1843 et
1616 1783 1710 1843 forma
1733 1784 1878 1844 saetarum

1095 1880 1283 1953 successisti,
1303 1881 1494 1953 investimus,
1513 1892 1597 1961 teque
1618 1885 1648 1943 in
1669 1885 1786 1945 iliorum
1810 1902 1880 1943 rea·

1096 1980 1176 2052 lem,
1198 1982 1404 2059 corporalem,
1435 1991 1465 2042 et
1496 1985 1639 2045 actualem
1672 1984 1876 2063 possessionem

1096 2079 1270 2141 inducimus.
1291 2083 1325 2142 ln
1348 2083 1460 2144 nomine
1482 2084 1577 2145 Patris
1596 2095 1625 2145 et
1650 2084 1717 2146 Filii
1742 2094 1771 2147 et
1797 2083 1877 2165 Spir.

1095 2180 1195 2240 Sancti
1219 2203 1245 2240 a.

1138 2280 1214 2341 Tam
1235 2281 1406 2361 magnificus
1427 2285 1462 2344 D.
1487 2284 1611 2346 lacobus
1629 2285 1805 2358 Carazolus,
1825 2305 1877 2347 cc·

1097 2398 1158 2439 mes
1179 2379 1393 2465 llurgensisffl)
1402 2383 1599 2446 cancellarius
1620 2384 1728 2464 Regni,
1745 2387 1880 2446 vexillum

1096 2478 1285 2541 demonibus
1308 2481 1398 2559 Regis
1419 2484 1587 2563 accipiens,
1612 2484 1682 2544 iilud
1705 2486 1733 2545 in
1753 2485 1881 2546 sacristia

1096 2598 1152 2657 pro
1174 2579 1254 2660 Rege
1275 2592 1376 2661 parata
1397 2592 1521 2662 portat,
1542 2595 1570 2644 et
1592 2585 1713 2664 reponit.
1944 2575 1946 2579 ’

1138 2678 1245 2760 Surgit
1280 2681 1371 2755 Rex,
1399 2695 1427 2743 et
1458 2686 1486 2743 in
1507 2683 1669 2744 faldistorio
1702 2704 1777 2757 suo,
1798 2685 1878 2762 quod

1097 2781 1154 2841 erit
1176 2782 1204 2839 in
1224 2783 1351 2861 opposito
1370 2781 1494 2863 Legati,
1523 2786 1695 2862 competenti
1731 2784 1880 2859 distantia,

1101 2880 1233 2942 ridelicet
1265 2884 1429 2961 palmorum
1460 2884 1646 2961 quindecim,
1669 2886 1714 2944 vel
1737 2888 1815 2945 circa
1828 2928 1837 2957 ‚
1864 2904 1882 2945 a

1097 2980 1193 3059 primo
1225 2981 1322 3059 gradu
1350 2982 1454 3043 altaris
1486 2985 1514 3042 in
1541 2984 1594 3045 illo
1625 2985 1709 3064 plano
1732 2986 1881 3063 positum,

1096 3080 1197 3154 sedet,
1226 3080 1337 3160 Legata
1357 3084 1430 3146 t'acie
1452 3102 1558 3156 versa,
1582 3095 1616 3145 -et
1645 3084 1723 3165 apud
1752 3104 1819 3146 eum
1851 3087 1882 3147 in

1097 3180 1211 3241 duobus
1232 3182 1363 3244 scabellis
1384 3183 1452 3243 binc
1473 3196 1501 3245 et
1527 3185 1590 3247 inde
1611 3185 1709 3265 positis
1730 3186 1879 3248 sedent...

1096 3279 1145 3337 ubi
1165 3280 1220 3340 sibi
1243 3281 1367 3343 invicem
1385 3284 1471 3343 iacies
1494 3285 1578 3360 qtaasi
1598 3296 1708 3346 vertent
1723 3283 1769 3367 (R)
1788 3287 1881 3365 magis

1136 3498 1171 3559 (tl
1185 3496 1262 3548 Conte
1278 3497 1305 3547 di
1318 3497 1442 3548 Briossus
1456 3498 1617 3549 snaaoara.

1142 3580 1176 3643 (2)
1192 3577 1291 3636 Codex,
1308 3577 1349 3626 bia
1361 3577 1394 3626 ab
1407 3579 1591 3640 exemplatore
1604 3579 1717 3641 turpiter
1728 3584 1880 3642 corruptus,

1095 3660 1276 3713 restituendus
1294 3662 1335 3707 est
1350 3658 1442 3707 verbis
1460 3663 1576 3708 turoam
1591 3663 1743 3710 saanoara
1758 3661 1808 3709 loc.
1824 3662 1868 3709 cit.

1139 3760 1149 3783 ι
1169 3739 1245 3789 Dette
1255 3739 1297 3786 clr'
1307 3737 1374 3787 ebbe
1390 3739 1409 3786 il
1425 3737 1624 3799 metropolitano
1642 3744 1735 3800 queste
1751 3741 1801 3790 due
1818 3753 1881 3789 ara·

1096 3821 1161 3869 tion‘r
1178 3820 1200 3868 si
1218 3830 1282 3879 pose
1300 3830 1314 3865 a
1332 3816 1427 3865 sedere
1452 3816 1492 3863 col
1517 3815 1664 3875 Gerulatis,
1680 3830 1729 3866 eoa
1746 3820 1770 3868 le
1788 3820 1881 3877 mitre,

1096 3900 1140 3947 nel
1156 3898 1199 3946 cai
1216 3898 1337 3957 cospetto
1355 3894 1545 3955 s’ingiaoccbid
1562 3895 1579 3942 il
1595 3896 1648 3949 iter
1666 3908 1680 3944 e
1697 3897 1757 3944 tutti
1773 3896 1807 3959 gl’
1818 3897 1880 3946 altri

1094 3977 1189 4026 Prolati
1207 3988 1256 4024 coa
1274 3975 1297 4022 le
1315 3974 1392 4022 mitro
1413 3973 1447 4034 gli
1472 3976 1582 4021 stavsno
1600 3973 1625 4021 d·
1638 3974 1742 4023 intorno
1760 3975 1836 4023 alesti
1853 3974 1881 4024 iu

1097 4054 1175 4103 modo
1186 4053 1211 4101 di
1223 4064 1329 4101 corona.
1340 4049 1389 4099 ntr
1399 4051 1462 4098 bora
1480 4051 1496 4098 l’
1505 4052 1695 4107 Aroivescovo,
1708 4053 1773 4101 tollo
1786 4052 1880 4113 l'oglln

1096 4135 1129 4184 de
1141 4131 1313 4189 Catecamiai,
1329 4131 1351 4179 si
1370 4143 1434 4180 unse
1452 4130 1469 4178 il
1486 4130 1548 4178 dcto
1560 4142 1652 4191 grosso
1664 4130 1731 4180 dolls
1745 4144 1791 4181 aaa
1804 4144 1881 4182 mano

1096 4214 1195 4268 destra,
1212 4216 1238 4261 et
1256 4212 1281 4259 iu
1299 4210 1376 4259 modo
1392 4209 1418 4257 di
1436 4208 1519 4257 Croce
1537 4221 1601 4257 unse
1617 4209 1634 4256 il
1652 4210 1687 4258 lla
1709 4210 1750 4258 nel
1774 4208 1880 4260 braccio

1096 4294 1189 4342 destro
1207 4295 1247 4339 tra
1266 4290 1289 4338 la
1307 4289 1427 4350 giuntura
1444 4287 1512 4336 della
1530 4300 1617 4345 mano,
1633 4298 1648 4335 e
1664 4286 1707 4335 del
1722 4286 1811 4336 cubito
1829 4288 1880 4338 alle

1095 4375 1172 4434 parte
1193 4370 1218 4420 di
1241 4370 1353 4427 dentro,
1370 4380 1384 4416 e
1401 4369 1557 4416 similmente
1576 4367 1599 4417 le
1617 4366 1701 4428 spallo
1716 4402 1724 4426 ,
1740 4380 1754 4416 e
1777 4371 1879 4417 mentre
1970 4413 1973 4420 .

1095 4462 1188 4514 unges,
1206 4450 1297 4497 dicere
1315 4449 1409 4509 questa
1425 4449 1560 4497 orationes

1135 4530 1202 4581 una
1218 4527 1265 4577 Dei
1277 4526 1345 4589 fliius
1361 4525 1431 4575 lesus
1448 4524 1563 4575 cbristus
1575 4523 1709 4583 Dominus,
1719 4525 1765 4585 put
1778 4535 1796 4574 a
1810 4524 1884 4575 Patre

1095 4608 1149 4659 oleo
1165 4606 1329 4658 manationis
1345 4608 1439 4652 unctas
1459 4607 1495 4652 est
1514 4603 1717 4666 praeparticibas
1732 4603 1807 4663 sais,
1829 4603 1884 4665 ipso

1093 4699 1142 4749 per
1155 4687 1312 4748 praesentem
1328 4686 1430 4732 soncme
1445 4682 1573 4732 unctionis
1587 4681 1758 4744 infusionem,
1774 4681 1884 4743 Spiritec

1094 4765 1215 4815 Paroctiti
1230 4776 1306 4824 saper
1322 4765 1345 4812 te
1366 4760 1558 4812 benedictionem
1580 4759 1717 4823 intendat,
1732 4761 1884 4819 eandemque

1093 4857 1173 4906 usqae
1188 4844 1222 4892 od
1233 4843 1352 4892 interiora
1363 4842 1449 4889 cordis
1462 4840 1499 4888 tsi
1513 4842 1646 4901 penetrare
1657 4838 1751 4900 {comis
1761 4839 1883 4897 pantenus

1094 4923 1142 4971 boc
1157 4920 1256 4979 vuibili,
1273 4923 1296 4970 et
1312 4918 1438 4968 tractabili
1453 4918 1516 4978 oleo,
1532 4918 1601 4966 dono
1617 4915 1752 4965 invisibilia
1766 4916 1883 4977 percipe·

1094 5015 1122 5052 re
1136 5038 1144 5063 ,
1158 5004 1181 5052 el
1195 4998 1332 5061 temporati
1345 5011 1425 5061 repno
1446 4999 1521 5061 iustis
1542 4996 1756 5047 moderationibus
1776 4996 1882 5045 executa

1093 5082 1251 5132 aeternaliter
1267 5091 1422 5140 conrepnore
1438 5076 1577 5135 merearis,
1595 5075 1638 5137 qai
1659 5074 1728 5124 solas
1749 5074 1801 5121 sine
1821 5084 1882 5133 pea-

1095 5165 1162 5220 cato,
1178 5162 1230 5210 lien
1247 5160 1340 5221 Rapum
1356 5157 1427 5216 aicit,
1444 5159 1466 5205 et
1481 5156 1610 5218 ploriotesr
1626 5166 1685 5202 cam
1703 5152 1752 5201 Deo
1769 5150 1840 5199 Patre
1856 5151 1882 5200 in
1926 5205 1931 5216 ¹

1093 5244 1190 5291 sinitote
1204 5239 1313 5301 Spiritus
1323 5237 1413 5288 Sancti
1429 5236 1494 5286 Deus
1508 5246 1556 5296 per
1572 5233 1658 5283 omnio
1674 5229 1776 5281 romula
1793 5240 1884 5279 samu·
1912 5231 1915 5236 '

1095 5320 1188 5371 lorum.
1207 5332 1229 5370 ι.
1248 5318 1333 5369 Amen.

1140 5400 1270 5449 oremus:
1293 5395 1453 5455 Omnipotens
1469 5392 1618 5452 sempiterne
1633 5389 1719 5446 Deus,
1735 5388 1780 5448 pai
1795 5385 1884 5437 Asabel

1094 5491 1172 5541 super
1186 5474 1489 5537 antonomasiam
1504 5470 1590 5523 lsrael.
1604 5482 1652 5532 per
1664 5468 1792 5517 Helisecm
1802 5466 1886 5518 David

1094 5570 1208 5621 puopae,
1225 5558 1247 5607 et
1263 5553 1364 5606 Saulem
1379 5564 1425 5615 per
1440 5550 1581 5602 Samuelem
1596 5548 1747 5611 propnetam
1762 5546 1789 5594 in
1805 5547 1884 5607 nepes

1095 5633 1185 5699 incnpi
1201 5633 1290 5697 terimi,
1306 5633 1386 5683 tribae
1401 5641 1554 5693 pascamus
1569 5628 1686 5679 monibrc
1702 5626 1794 5677 nostris
1810 5637 1885 5688 opem

1095 5718 1155 5768 taoe
1170 5714 1357 5777 bmedictionis,
1373 5713 1396 5768 el
1411 5709 1470 5762 bais
1486 5709 1583 5775 tomulo
1599 5712 1644 5759 teto
1660 5708 1797 5772 Alpbonso,
1811 5715 1885 5768 poem

1603 5805 1633 5857 ³8
