4492 6859
294 635 334 696 rs
768 625 1486 710 conenturrosrsrxronomarqu.

294 767 477 829 subscribere
493 767 578 840 velle,
590 777 620 828 et
634 766 711 845 quod
731 765 898 845 quieternos
913 765 941 825 in
956 765 1085 844 cappella

294 886 383 947 supra
401 886 528 929 memam
543 885 726 947 reponerem,
739 866 810 928 nihil
828 867 933 929 dicens.
949 866 1000 928 Sic
1015 867 1085 942 leci,

296 982 324 1031 et
343 987 427 1030 nemu
446 967 563 1047 quidem
595 986 642 1029 me
670 969 869 1049 interrogavit.
893 968 989 1029 Tenos·
1016 988 1087 1032 vero

293 1070 490 1149 capitulorum
513 1086 582 1128 cum
599 1068 658 1128 suis
678 1068 935 1149 subscriptionibus
955 1069 1086 1147 sequitur

295 1170 331 1230 de
354 1168 444 1231 verbo
466 1168 502 1227 ad
525 1168 659 1241 verbum,
680 1179 709 1229 et
728 1180 771 1229 est
793 1169 867 1228 talis.

335 1270 411 1331 Cum
426 1270 490 1329 lttt.
507 1271 535 1331 in
548 1267 667 1330 Christo
682 1268 785 1329 Patres
803 1280 833 1330 et
846 1268 908 1329 ab.
924 1268 1086 1332 Sacrosan·

294 1383 339 1432 tae
353 1370 500 1431 Romanae
524 1368 670 1430 Ecclesiae
695 1368 863 1429 cardinales
879 1370 1009 1431 membra
1031 1370 1087 1432 sint

293 1488 477 1531 summorum
492 1469 675 1543 Pontificum,
686 1473 783 1550 eisque
794 1474 928 1533 assisiam
939 1472 1086 1544 continuo,

293 1581 321 1630 et
347 1588 469 1631 onerum
495 1571 641 1643 omnium,
662 1582 691 1633 et
718 1573 905 1634 consiliorum
931 1573 1088 1653 participes

293 1669 360 1741 sint,
376 1688 502 1748 aequum
518 1671 691 1732 censendum
706 1683 761 1745 est,
781 1685 809 1733 et
830 1672 924 1735 udicio
945 1675 1036 1753 patris
1058 1676 1085 1734 iu

294 1767 369 1829 lilios
394 1783 632 1845 consentaneum,
653 1784 686 1832 ut
706 1774 851 1853 ampliori,
876 1793 963 1852 quam
987 1776 1088 1847 ceteri,

293 1869 438 1949 gaudeant
447 1873 701 1952 praerogativum
710 1891 770 1951 quo
780 1875 878 1954 plures
889 1875 1087 1937 sustentandae

295 1969 440 2049 dignitatis
455 1988 541 2031 causa
557 1973 681 2033 habeant
696 1974 852 2047 ministros,
871 1985 900 2036 et
918 1975 975 2035 illis
993 1976 1088 2055 majus

293 2068 330 2128 ad
351 2068 590 2131 berremerendum
606 2072 780 2152 praebeatur
801 2075 933 2136 facultas.
948 2076 1023 2138 llinc
1045 2090 1088 2138 est

294 2168 372 2245 quod
398 2186 450 2229 nos
469 2187 579 2239 onrnes,
600 2183 629 2231 et
643 2173 749 2251 singuli
765 2172 796 2233 S.
814 2173 851 2234 tt.
866 2174 901 2236 E.
919 2175 1088 2238 Cardinales

294 2268 494 2348 infrascripti,
522 2288 577 2348 pro
603 2270 679 2332 bono
706 2284 735 2333 et
761 2274 836 2336 lelici
862 2278 1024 2356 regimine,
1053 2297 1087 2339 ac

294 2367 391 2444 quiete
415 2378 511 2428 nostra
537 2367 682 2446 juramus,
698 2384 727 2433 et
750 2392 888 2436 vovemus
909 2376 971 2437 Deo
992 2378 1089 2436 omni-

294 2467 418 2547 potenti,
432 2478 462 2529 ct
480 2468 594 2530 Sanctis
608 2472 751 2551 Apostolis
772 2472 862 2536 Petro
880 2488 910 2537 ct
930 2477 1033 2551 Paulo,
1053 2497 1087 2540 ac

293 2567 427 2629 omnibus
443 2568 567 2645 Sanctis,
581 2571 786 2653 Ecclesiaequc
801 2596 870 2638 suae
888 2590 1003 2638 sanctae
1015 2598 1087 2657 pro·

295 2668 446 2743 mittimus,
462 2672 539 2749 quod
559 2674 583 2733 si
599 2674 705 2752 aliquis
720 2694 754 2736 ex
773 2677 854 2738 nobis
873 2680 982 2741 electus
1000 2682 1088 2744 luerit

294 2767 323 2827 in
351 2767 471 2847 Papam,
494 2772 552 2843 ille,
573 2776 669 2835 statim
688 2789 753 2837 ante
779 2779 1001 2855 publicationem
1026 2782 1088 2844 ele·

294 2866 395 2927 ctiottis
414 2869 450 2928 de
466 2889 495 2930 se
510 2871 681 2946 celebratae,
693 2872 806 2952 jurabit
821 2888 850 2939 et
865 2879 982 2940 vovebit
1003 2900 1091 2960 pure,

294 2965 475 3044 simpliciter,
489 2986 524 3029 ac
537 2969 611 3029 bona
629 2970 686 3033 lide
703 2994 821 3039 servare
843 2979 949 3050 lacere,
970 2992 999 3041 et
1020 3000 1087 3043 cum

294 3066 396 3125 ellectu
422 3065 580 3148 adimplere
600 3073 695 3133 omnia
715 3086 744 3135 et
765 3077 877 3157 singula
896 3084 1020 3161 capitula
1041 3085 1088 3144 in·

294 3164 463 3246 lunseripta,
482 3186 535 3230 nec
564 3188 624 3231 non
651 3184 709 3235 tres
732 3167 883 3240 schedulas
903 3183 1087 3264 infrascripta

294 3265 419 3343 capitula
440 3271 615 3332 continentes
630 3290 718 3334 manu
738 3282 858 3357 propria
873 3282 1018 3359 signabit,
1033 3288 1088 3347 sab

294 3363 386 3424 forma
405 3368 826 3451 verborumsubsequentiam,
842 3379 983 3443 videlicet:

336 3463 401 3542 Ego
419 3464 453 3525 ll.
470 3467 580 3528 clectus
594 3470 622 3529 iu
641 3490 786 3536 summunt
804 3475 986 3554 Pontificem,
999 3502 1087 3563 prae·

294 3564 380 3623 mhsu
391 3565 485 3624 omnia
499 3570 636 3646 promitto
641 3614 651 3643 ,
662 3591 768 3647 voveo,
785 3587 814 3636 et
830 3574 903 3653 juro
921 3580 1087 3657 observate,

295 3661 453 3744 adimplere
472 3666 500 3724 in
515 3667 659 3744 omnibus,
674 3685 703 3733 et
720 3693 773 3754 per
789 3676 896 3751 omnia,
911 3682 1042 3754 realiter,
1058 3697 1087 3746 et

295 3782 364 3823 cum
377 3765 490 3840 effectu,
505 3766 541 3827 ad
555 3768 668 3830 literam
681 3773 741 3835 sine
754 3776 851 3854 aliqua
866 3781 1042 3861 exceptione,
1058 3796 1088 3845 et

295 3864 543 3943 tergiversatione,
557 3880 587 3930 et
605 3870 838 3953 interpretatione
854 3880 1011 3942 verborum
1032 3884 1086 3944 sub

294 3983 384 4044 poena
413 3965 534 4047 perjurii
560 3982 590 4032 et
616 3972 821 4051 anathematis,
841 3998 858 4039 a
881 3967 1015 4059 qua'nec
1041 4001 1086 4046 me

294 4065 388 4145 ipsum
401 4068 561 4145 absolvam,
571 4090 623 4135 nec
634 4075 840 4140 absolutionem
851 4082 939 4141 alicui
950 4085 1087 4145 commit-

295 4178 369 4242 tam,
390 4170 431 4229 sic
449 4188 496 4231 ma
516 4170 593 4232 Deus
619 4172 749 4251 adjuvet,
769 4190 798 4239 et
821 4178 890 4242 haec
912 4194 1010 4243 sancta
1032 4184 1084 4244 Dei

293 4267 453 4345 evangelia3
466 4286 501 4329 ac
517 4271 584 4331 volo
597 4273 675 4350 quod
687 4274 780 4337 dictae
794 4278 924 4352 cedulae,
938 4292 967 4341 et
981 4301 1083 4343 earum

294 4364 439 4441 quaelibet
455 4367 514 4428 vim
534 4368 683 4434 decretalis
703 4387 732 4435 et
752 4378 961 4440 constitutionis
979 4401 1085 4462 perpe·

295 4471 361 4525 tuae
378 4465 580 4531 inviolabiliter
596 4471 793 4537 observandae
811 4497 879 4537 cunr
901 4480 1018 4542 decreto
1040 4483 1085 4541 ir·

293 4562 392 4623 ritanti
417 4563 547 4628 babeam
573 4569 655 4631 Etsi
677 4575 835 4654 quidquam
858 4599 909 4658 per
932 4600 977 4643 me
999 4602 1082 4645 sectas

292 4660 401 4723 lactum
415 4666 523 4742 luerit,
538 4680 567 4728 et
583 4669 611 4728 in
632 4671 729 4750 aliquo
744 4680 944 4741 contravenire
969 4682 1013 4741 rel
1035 4682 1082 4741 di-

292 4766 420 4845 spensari
444 4778 610 4843 tentavero,
636 4771 664 4830 id
692 4774 801 4835 nullius
824 4779 860 4838 sit
886 4780 1016 4855 roboris,
1037 4784 1081 4844 vel

293 4866 440 4939 momenti,
454 4878 484 4927 et
497 4868 681 4932 nibilominus
701 4875 759 4954 ipsa
782 4878 917 4958 capitula,
935 4892 964 4941 et
985 4882 1082 4959 quod·

293 4959 361 5025 libet
375 4964 504 5045 ipsorum
518 4967 547 5028 in
562 4988 616 5032 suo
630 4972 747 5049 robore,
762 4988 790 5037 et
807 4977 943 5043 firmitate
964 5003 1081 5063 perma-

293 5075 388 5138 neant,
400 5067 536 5146 quodque
546 5071 662 5132 cedulas
672 5077 832 5154 praedictas
847 5091 954 5156 tenere,
968 5096 997 5144 ct
1008 5103 1081 5145 coa·

291 5180 410 5228 servare
420 5169 498 5248 apud
507 5191 537 5232 se
549 5171 667 5236 debeant
678 5188 736 5238 tres
751 5179 917 5241 cardinales
928 5183 1081 5263 cujuslibet

292 5263 400 5325 ordinis
416 5267 537 5347 priores,
551 5272 587 5332 ad
605 5277 770 5354 petitionem
781 5284 858 5342 sacri
871 5285 997 5363 collegii,
1008 5288 1079 5347 nulli

292 5379 475 5442 unquameas
488 5372 658 5452 assignaturi
672 5380 733 5441 sine
742 5383 871 5443 omnium
882 5382 1077 5447 cardinalium

292 5480 424 5542 expresso
442 5486 579 5533 cousemu
586 5496 597 5549 3
612 5496 664 5538 nec
688 5498 744 5542 non
764 5482 839 5543 inira
859 5494 919 5543 tres
934 5484 993 5547 dies
1013 5500 1077 5566 post

292 5568 504 5632 coronationem
534 5593 625 5638 meam
653 5580 727 5643 dabo
749 5595 807 5645 tres
831 5583 924 5646 bullus
948 5582 1075 5662 ejusdem

291 5666 410 5742 terroris,
427 5674 581 5736 servandas
595 5698 646 5758 per
663 5683 773 5760 priores
789 5686 940 5765 cujuslibet
955 5687 1074 5764 ordinis,

1831 618 1964 703 (¹⁴⁸⁴)

1155 773 1299 842 utsupra.
1317 760 1414 823 Tenor
1429 779 1501 822 vero
1515 760 1713 839 capitulorum
1728 756 1961 837 praedictorum

1155 864 1299 942 sequitur,
1316 874 1346 924 et
1364 874 1405 923 ast
1424 862 1500 932 talis,
1516 860 1659 923 videlicet:

1197 961 1262 1040 Ego
1277 960 1311 1022 ll.
1327 963 1435 1024 electus
1453 960 1481 1019 in
1500 959 1609 1039 Papam
1627 978 1732 1036 voveo,
1751 958 1917 1039 praemitto,
1930 970 1959 1020 et

1152 1060 1223 1140 juro
1246 1062 1432 1140 omnipotenti
1450 1060 1523 1132 Deo,
1542 1069 1571 1120 et
1590 1059 1703 1121 Sanctis
1719 1058 1872 1138 Apostolis
1893 1054 1959 1134 ejus

1155 1163 1244 1225 Petro
1261 1174 1290 1223 et
1304 1161 1407 1233 Paulo,
1423 1172 1451 1221 et
1467 1160 1600 1221 omnibus
1620 1160 1682 1220 aliis
1697 1158 1826 1235 Sanctis,
1839 1179 1879 1221 ac
1895 1159 1958 1223 Ec·

1154 1263 1257 1323 clasiae
1273 1274 1387 1323 sanctae
1403 1262 1455 1323 Dei
1471 1261 1638 1340 praelatae,
1659 1261 1766 1333 lacere,
1785 1260 1956 1333 attendere,

1153 1373 1182 1423 ct
1203 1362 1370 1434 observare,
1390 1373 1419 1423 et
1446 1362 1601 1423 efficaciter
1623 1361 1782 1441 adimplere
1803 1360 1909 1422 omnia
1925 1373 1955 1422 et

1155 1463 1267 1542 singula
1289 1463 1489 1543 inlrascr·ipta;
1510 1462 1620 1523 scilicet
1639 1459 1707 1546 (ὓς

1196 1564 1228 1623 lu
1245 1564 1346 1644 primis
1361 1562 1396 1625 de
1411 1562 1598 1643 proventibus
1612 1562 1751 1624 Gamerae
1764 1560 1955 1642 apostolicae

1155 1667 1224 1726 dare
1242 1675 1270 1726 et
1286 1665 1409 1736 solvere,
1424 1681 1475 1723 seu
1491 1663 1554 1723 dari
1574 1674 1605 1723 et
1624 1662 1812 1723 salvifacere
1831 1673 1954 1724 umatum

1157 1767 1279 1827 florenos
1289 1764 1354 1823 auri
1368 1761 1403 1824 de
1414 1762 1535 1825 Camers
1548 1764 1625 1823 omni
1636 1781 1732 1824 rueme
1739 1761 1865 1823 cuilibet
1875 1763 1954 1825 Car-

1155 1865 1242 1925 dinali
1258 1880 1318 1925 non
1334 1862 1449 1923 habenti
1466 1865 1578 1942 integra
1595 1862 1630 1925 de
1646 1863 1836 1943 proventibus
1852 1864 1954 1925 eccle·

1153 1966 1323 2037 siasticis‚et
1340 1965 1455 2043 capitali
1471 1962 1517 2047 (2)
1529 1974 1655 2042 quatuor
1666 1962 1756 2024 millis
1766 1962 1952 2024 librariorum

1153 2065 1321 2137 annuatim,
1346 2082 1498 2142 quousque
1523 2066 1549 2124 ei
1579 2063 1728 2142 provisum
1754 2064 1792 2124 sit
1812 2062 1850 2124 de
1873 2064 1953 2126 dicta

1154 2182 1267 2224 summa
1289 2164 1317 2222 in
1339 2163 1506 2224 redditibus.
1528 2161 1567 2224 Et
1587 2162 1752 2225 Cardinales
1770 2180 1877 2224 omnes
1896 2163 1953 2223 ha·

1154 2265 1251 2325 bentes
1271 2280 1472 2342 quaecumque
1489 2262 1625 2325 beneficia
1646 2263 1837 2325 ecclesiastica
1863 2265 1952 2326 etiam

1156 2363 1379 2444 incompatibilia
1404 2363 1433 2422 in
1464 2362 1597 2435 titulum,
1624 2365 1671 2425 vel
1695 2365 1724 2425 in
1744 2366 1949 2427 commendam

1155 2463 1346 2525 manutenebo
1365 2474 1394 2524 et
1414 2462 1561 2525 delendam
1583 2463 1610 2522 in
1632 2466 1807 2543 possessione
1825 2464 1877 2547 (3)
1896 2485 1951 2527 eo·

1156 2566 1300 2627 rumdam.

1197 2666 1289 2737 ltem,
1313 2674 1347 2723 ut
1366 2662 1434 2723 mihi
1454 2664 1490 2723 ab
1512 2664 1610 2725 iisdem
1630 2663 1833 2727 cardinalibus
1855 2664 1949 2727 libera

1156 2767 1324 2844 perveniunt
1334 2765 1462 2835 consilia,
1474 2782 1530 2824 non
1541 2782 1694 2844 apponam,
1709 2783 1761 2825 nec
1776 2784 1829 2845 per
1840 2783 1949 2843 quetu-

1155 2866 1232 2942 piam
1252 2865 1355 2943 apponi
1376 2866 1540 2944 permittam
1560 2882 1678 2924 matrum
1697 2865 1725 2923 in
1745 2884 1880 2945 persona,
1901 2870 1948 2928 acl

1156 2964 1235 3025 bonis
1246 2964 1369 3042 alicujus
1383 2964 1476 3035 exeis,
1486 2982 1538 3024 nec
1548 2964 1656 3043 aliquid
1666 2967 1694 3024 in
1707 2984 1810 3026 eorum
1821 2976 1902 3027 statu
1918 2979 1947 3029 et

1155 3064 1318 3143 provisione
1333 3062 1454 3123 mutabo
1465 3080 1649 3140 quacumque
1665 3066 1786 3139 ratione,
1796 3083 1886 3126 causa
1900 3070 1946 3129 vel

1154 3164 1330 3225 authoritate
1342 3162 1440 3246 (4)νεί
1452 3163 1813 3243 occasione,sineexpresso
1824 3167 1947 3228 consilio

1153 3276 1183 3324 et
1197 3282 1335 3325 consensu
1350 3264 1476 3324 duarum
1492 3265 1618 3343 partium
1635 3263 1819 3326 dominorum
1837 3264 1948 3327 Cardi-

1155 3368 1276 3438 nalium,
1290 3383 1343 3427 nec
1360 3366 1459 3443 aliquo
1476 3364 1561 3427 modo
1577 3365 1742 3445 procedam,
1758 3377 1809 3425 aut
1827 3366 1947 3445 procedi

1154 3466 1307 3539 mandabo,
1322 3467 1367 3527 vel
1384 3467 1548 3545 permittam
1570 3476 1670 3526 contra
1688 3466 1812 3545 aliquem
1833 3486 1868 3529 ex
1889 3468 1947 3540 eis,

1154 3570 1207 3629 nisi
1226 3565 1421 3627 assistentibus
1440 3576 1471 3626 et
1491 3568 1730 3628 consentientibus
1747 3565 1842 3627 tribus
1867 3567 1946 3629 Cat·

1154 3668 1307 3738 diaalibus‚
1326 3686 1391 3729 uno<
1412 3667 1544 3730 videlicet
1563 3687 1598 3729 ex
1617 3668 1745 3747 quolibet
1763 3667 1864 3728 ordine
1892 3688 1949 3730 eo·

1154 3789 1233 3843 rum,
1251 3789 1303 3850 per
1318 3772 1392 3851 ipsos
1407 3769 1585 3843 Cardinales,
1600 3788 1649 3831 seu
1672 3768 1812 3848 majorem
1831 3779 1947 3848 partem

1152 3890 1268 3945 eorum,
1286 3872 1322 3931 ad
1339 3872 1368 3932 id
1384 3863 1633 3951 deputandiss'nec
1652 3869 1794 3930 damnabo
1814 3869 1943 3947 aliquem

1152 3992 1187 4033 ex
1201 3974 1240 4034 eis
1261 3973 1313 4033 nisi
1335 3973 1501 4033 convictum
1526 3989 1649 4033 numero
1675 3971 1789 4032 testium
1809 3988 1945 4049 expresso

1153 4070 1181 4131 in
1202 4073 1405 4134 constitutione
1419 4071 1553 4132 Silvestri
1575 4071 1670 4150 Papae
1680 4072 1759 4131 ‘lacta
1778 4070 1808 4129 in
1822 4070 1945 4150 synodo,

1152 4191 1226 4251 quae
1244 4173 1355 4253 incipit:
1371 4173 1506 4234 Praesul
1524 4191 1587 4233 noa
1607 4173 1784 4242 deuinctum
1800 4169 1944 4232 servabo·

1152 4289 1208 4352 que
1232 4295 1281 4335 eos
1303 4275 1421 4346 liberos,
1447 4283 1476 4334 et
1493 4284 1639 4351 exemptos
1658 4272 1695 4331 ab
1714 4273 1792 4332 omni
1814 4270 1893 4331 datio
1915 4282 1944 4331 et

1151 4375 1263 4453 gubella
1282 4386 1368 4454 prout
1391 4385 1519 4453 tempore
1540 4373 1586 4434 lei.
1606 4389 1665 4433 rec.
1684 4372 1868 4433 dominorum
1890 4369 1944 4431 itt-

1151 4476 1224 4536 colai
1251 4472 1361 4545 Quinti,
1381 4484 1409 4534 et
1425 4474 1498 4534 siut
1516 4472 1621 4543 Quarti
1641 4472 1841 4533 Rornanorum
1862 4471 1944 4532 Pon-

1151 4576 1260 4638 tificum
1282 4577 1534 4656 praedecessorum
1555 4586 1725 4661 nostrorum
1746 4573 1855 4633 lactum
1876 4572 1944 4645 luit,

1150 4696 1202 4738 nec
1227 4677 1254 4736 iu
1282 4676 1429 4750 ecclesiis,
1454 4674 1650 4746 monasteriis,
1670 4686 1698 4735 et
1719 4673 1781 4733 aliis
1799 4669 1943 4733 beneficiis

1148 4778 1345 4839 ecclesiasticis
1359 4796 1410 4857 per
1425 4795 1474 4837 eos
1489 4794 1544 4855 pro
1558 4786 1686 4853 tempore
1699 4773 1832 4844 obtentis,
1848 4771 1942 4832 ullum

1150 4877 1275 4938 decimae
1295 4875 1434 4947 subsidii,
1455 4888 1505 4936 aut
1537 4875 1657 4935 alterius
1682 4876 1778 4935 oneris
1795 4872 1842 4956 (a)
1862 4891 1942 4951 quo·

1188 5076 1223 5134 (t)
1233 5072 1305 5133 Quae
1318 5077 1464 5135 sequautur
1476 5086 1509 5123 ex
1526 5073 1668 5123 burchardi
1680 5073 1765 5124 diario
1779 5072 1830 5123 MS.
1850 5074 1876 5121 lu
1887 5072 1942 5123 ‘la-

1148 5154 1234 5205 bular.
1249 5151 1330 5202 Vatic.
1342 5155 1439 5212 exten,
1451 5153 1516 5214 sign.
1537 5165 1562 5201 o.
1579 5156 1617 5211 ³7,
1634 5166 1659 5215 p.
1671 5154 1710 5213 75,
1722 5153 1804 5203 relart
1824 5153 1941 5215 hagoal-

1148 5233 1197 5283 dus
1215 5232 1239 5281 in
1252 5232 1348 5281 contin.
1359 5231 1451 5280 hunsl.
1467 5228 1536 5279 Eccl.
1549 5230 1625 5280 Card.
1635 5232 1738 5282 baronii
1751 5234 1783 5281 ad
1795 5246 1854 5281 ann.
1868 5235 1939 5284 stat.

1188 5313 1223 5368 (bl
1239 5310 1269 5360 lli
1285 5309 1390 5371 capituli
1406 5307 1574 5358 desideratur
1590 5309 1614 5359 lo
1632 5310 1695 5359 Cod.
1712 5323 1726 5358 a
1742 5310 1867 5373 hagoald.
1884 5312 1930 5361 cit.

1187 5395 1222 5455 (at
1237 5391 1304 5442 hlslc
1321 5392 1346 5440 in
1363 5390 1420 5441 cod.
1435 5389 1518 5439 Valle.
1535 5391 1631 5454 legitur
1645 5394 1812 5455 perceptione.

1188 5476 1223 5534 tl)
1241 5470 1281 5521 Vel
1296 5470 1451 5521 authoritate
1467 5469 1561 5531 legitur
1576 5472 1603 5519 iu
1619 5471 1755 5534 Rayaald„
1772 5472 1821 5521 sed
1836 5471 1940 5521 deside·

1146 5558 1220 5605 ratur
1236 5554 1262 5604 iu
1280 5551 1365 5602 tribus
1379 5548 1476 5597 nostris
1490 5549 1640 5607 codicibus;
1652 5553 1688 5607 ct,
1703 5562 1761 5601 meo
1777 5550 1884 5611 judicio,
1904 5551 1939 5601 ad

1145 5633 1210 5685 ditio
1227 5636 1278 5691 cst,
1294 5632 1328 5681 ob
1346 5632 1442 5694 stylum
1459 5632 1532 5682 lions.
1548 5631 1652 5690 Curiae,
1671 5645 1722 5681 non
1740 5631 1817 5681 bons.

1188 5716 1222 5777 (5)
1239 5710 1302 5766 blale
1321 5713 1346 5761 in
1362 5712 1486 5775 llaynald.
1505 5711 1609 5764 ulterius
1626 5712 1746 5763 nomittis.
