4492 6859
228 613 340 696 (lille)

233 752 327 813 uibus
360 750 411 829 qui
441 748 524 829 prius
556 759 706 811 venerunt.
738 748 847 812 Eadem
883 746 929 810 dle
959 758 1024 829 peel

232 972 312 1019 istum
328 979 378 1030 pro
394 966 542 1029 Episcopo:
558 972 586 1018 et
601 972 745 1031 propterea
765 968 826 1027 boe,
840 979 917 1019 sunm
939 969 1026 1018 conti·

233 1049 337 1098 nuando
354 1047 466 1100 dictum.
482 1046 550 1096 dixit
562 1052 589 1097 et
599 1049 731 1098 consuluit
741 1048 813 1111 quod
823 1048 888 1099 banc
903 1047 1025 1098 comuni·

234 1130 275 1176 tas
297 1140 429 1189 nunquam
447 1124 542 1175 debeat
559 1126 689 1177 desistere
707 1141 721 1177 a
739 1129 784 1178 tall
804 1130 909 1190 incepto
932 1126 989 1177 sive
1009 1140 1024 1178 a

234 1206 280 1254 lali
298 1207 413 1266 imprese
431 1204 510 1253 etlam
529 1204 551 1253 sl
567 1216 634 1267 opus
651 1206 719 1257 iuret
736 1219 871 1269 exponere
887 1210 915 1258 et
933 1206 1026 1257 remit·

237 1290 295 1335 tere
312 1282 399 1333 omnis
417 1295 463 1333 sna
481 1283 550 1333 bona
567 1287 593 1333 ei
612 1318 640 1333 ..
682 1289 752 1336 ..et
768 1297 867 1347 ponere
888 1297 972 1349 nsque
991 1283 1025 1335 ed

235 1367 358 1426 proprias
375 1376 525 1426 personas,
541 1367 568 1414 et
584 1364 690 1414 mittere
706 1365 833 1416 Oratores
849 1364 883 1415 ed
898 1366 925 1416 E.
939 1364 969 1415 u.
993 1364 1025 1417 tt.

237 1447 333 1494 totiens
349 1445 470 1507 quotiens
487 1455 555 1507 opus
580 1443 662 1496 inerit
686 1443 770 1495 donec
787 1448 814 1496 et
829 1456 967 1510 quousque
983 1443 1026 1494 di·

233 1527 293 1574 ctus
310 1522 459 1587 Episcopus
476 1535 525 1587 per
542 1521 584 1572 ss.
601 1521 630 1572 li.
648 1522 681 1575 li.
696 1536 710 1573 a
727 1522 797 1573 dictu
814 1522 977 1587 Episcopatu
998 1528 1025 1573 et

234 1605 332 1653 ceteris
357 1602 412 1653 suis
429 1602 563 1652 beneflciis
581 1603 631 1652 erit
648 1602 786 1666 depositus
804 1606 831 1653 et
848 1602 980 1665 privatus,
997 1605 1025 1651 et

233 1694 324 1732 omnes
341 1683 415 1733 cirea
431 1682 465 1731 de
481 1682 582 1731 cernite
597 1681 689 1743 iurent
715 1716 721 1729 .
739 1714 768 1731 ..
790 1716 797 1731 .
816 1681 848 1731 ad
865 1682 958 1730 &nota
977 1679 1025 1730 Del

233 1761 372 1825 Evangelia
388 1774 440 1813 non
451 1761 602 1824 relinquere
610 1760 709 1812 dictum
720 1761 855 1824 inceptum
867 1760 1026 1823 impresam-

233 1846 400 1905 quocontra
425 1840 593 1904 Episcopum.
610 1845 637 1891 et
661 1853 754 1891 omnes
781 1842 914 1892 constanti
938 1841 1025 1910 animo

234 1922 306 1971 omni
323 1926 441 1982 tempore
458 1920 637 1969 interveniant
653 1923 745 1970 conire
763 1920 849 1982 ipsum
867 1920 1025 1983 Episcopum

235 1997 318 2049 donec
335 2000 385 2050 erit
402 2000 521 2061 privatus
539 2010 587 2061 pro
604 1996 754 2061 reparando
771 1998 872 2048 bonore
889 1999 968 2061 buius
985 1996 1027 2047 Ci-

235 2079 335 2128 vitatis.

277 2158 349 2213 item,
366 2155 400 2205 ad
417 2155 560 2206 tollendam
577 2169 682 2208 omnem
703 2157 906 2216 dubitationem,
915 2154 982 2205 dixit
998 2158 1026 2205 et

234 2236 367 2285 consuluit
390 2235 463 2298 quod
485 2234 549 2286 dicti
575 2235 701 2286 Oratores
723 2236 795 2287 nullo
819 2238 898 2298 pacto
920 2233 1026 2297 possint

234 2326 286 2365 neo
314 2314 429 2364 debeant
457 2313 553 2377 alloqui
578 2326 638 2365 cnm
666 2314 787 2378 praeteto
814 2313 945 2378 Episcopo
972 2311 1023 2363 sub

234 2405 321 2456 poene
345 2396 450 2442 centum
475 2392 630 2443 ducatorum
657 2406 705 2456 pro
729 2393 847 2456 quolibet
863 2396 891 2442 et
908 2390 1027 2455 qualibet

234 2475 305 2532 vioe,
321 2472 430 2522 Comuni
441 2472 557 2522 cisltetis
568 2472 648 2522 Firmi
666 2472 830 2535 applicando,
847 2471 896 2522 nlsl
913 2483 964 2533 pro
977 2469 1027 2520 eil·

232 2566 289 2618 qno
305 2551 457 2603 necessario
474 2552 600 2601 scrutinio
616 2555 643 2601 et
661 2552 774 2615 alloquio
789 2553 880 2601 coram
896 2550 922 2599 s.
944 2548 974 2599 b.
994 2547 1026 2602 rt.

234 2636 264 2683 et
275 2633 337 2683 lter.
345 2632 396 2681 bu.
405 2630 589 2682 cardinalibus
603 2634 648 2680 eut
664 2642 720 2680 cor.
732 2629 814 2681 illust.
825 2629 924 2681 cornito
936 2627 1029 2679 Elero·

233 2724 318 2775 nymo
335 2716 362 2760 et
377 2722 430 2760 non
443 2710 520 2759 aliter
536 2721 584 2758 neo
601 2710 689 2772 aliquo
705 2707 792 2758 modo.

279 2787 311 2838 Et
339 2789 376 2837 ita
402 2799 493 2837 omnes
520 2786 593 2837 cives
610 2788 637 2837 in
657 2788 727 2838 dicta
753 2789 854 2838 cernite
878 2786 1026 2839 existentes

232 2870 391 2931 juraverunt
414 2866 447 2916 ed
473 2868 565 2917 Sancta
587 2858 634 2919 liei
651 2867 800 2930 Evangelia,
817 2867 938 2918 menibus
955 2870 1028 2919 iacto

235 2946 378 2997 Cruciilsso
394 2949 421 2996 et
438 2946 550 3006 missali,
565 2945 702 3011 praedicte
714 2948 836 2998 omniunt
852 2946 955 3010 singule
966 2959 1028 2998 exs-

236 3029 282 3089 qni
297 3026 445 3076 observare
461 3029 488 3076 et
504 3025 664 3089 adimplere:
686 3025 756 3087 ouod
773 3027 810 3076 slo
826 3024 875 3076 luit
891 3024 1027 3076 obtentum

237 3109 264 3155 et
281 3104 463 3155 reiormaturn.

278 3184 363 3247 Super
389 3181 485 3247 quibem
512 3182 635 3233 omnibus
652 3186 679 3232 ot
696 3183 804 3246 singulis
824 3183 929 3245 piaceet
956 3184 1027 3235 dioto

239 3260 354 3312 Consilio
371 3266 398 3312 et
414 3260 578 3312 consiliariis
594 3261 729 3325 praedicta
753 3262 863 3313 decreta
885 3268 912 3314 nt
928 3262 1029 3315 delibe-

237 3346 296 3392 raie
313 3339 478 3404 approbare,
494 3340 641 3392 retormere
657 3343 685 3391 et
701 3352 782 3404 super
797 3341 839 3392 bls
856 3343 1004 3393 consulere.

279 3419 439 3483 Spectabilis
451 3421 500 3477 sir,
509 3431 617 3483 magnae
632 3420 800 3472 auctoritatis
814 3421 900 3472 Senex
915 3421 953 3472 lo.
963 3419 1027 3471 1.οο-

238 3499 337 3550 nardus
353 3500 401 3549 ser
417 3500 536 3559 Antonii,
548 3512 615 3550 nnus
627 3512 660 3550 ex
672 3500 834 3551 Conciliariis
844 3502 870 3551 in
880 3499 953 3550 dicto
962 3500 1029 3550 Con·

240 3580 301 3628 sitio
317 3578 505 3637 existentibus,
514 3590 625 3642 surgens
635 3578 750 3642 pedibus
762 3580 849 3629 animo
864 3578 1028 3639 consulendi,

239 3659 368 3721 praestito
381 3659 532 3721 iuramento
548 3656 582 3709 de
598 3658 667 3710 bene
684 3663 711 3709 et
722 3658 836 3710 ildeliter
856 3658 1028 3731 consulendo,

239 3736 328 3787 debita
344 3737 510 3787 invocatione
525 3739 683 3801 praemissa,
698 3738 767 3789 dixit
783 3742 811 3789 et
827 3740 959 3790 consuluit
980 3751 1028 3790 en·

240 3827 290 3877 per
315 3816 386 3866 dicta
412 3818 549 3879 proposita
573 3821 599 3867 et
622 3817 756 3867 contentis
773 3820 799 3868 in
815 3830 847 3868 ea
863 3818 936 3882 qood
957 3818 1028 3869 dicta

240 3892 350 3944 decreta
365 3898 392 3942 el
408 3894 623 3955 deliberationes,
634 3896 794 3946 anctoritate
811 3898 945 3960 presentis
961 3896 1029 3947 Con·

241 3974 292 4022 ellil
304 3974 356 4022 sini
368 3973 531 4034 approbatae
541 3976 569 4022 et
580 3974 759 4033 conilrmatee,
767 3977 816 4025 boc
827 3975 947 4027 addendo
957 3975 1029 4039 qnod

240 4062 333 4101 omnes
350 4055 424 4099 cives
439 4062 499 4100 cnm
515 4050 587 4101 omni
604 4065 669 4103 cura
684 4059 712 4102 et
728 4052 864 4117 diligentie
883 4057 979 4103 curent
1001 4058 1028 4105 et

242 4128 308 4177 dent
324 4139 433 4190 operam
450 4130 519 4178 tuerl
536 4133 562 4178 et
578 4129 720 4181 detondere
737 4134 864 4182 bonorem
883 4136 911 4183 et
931 4136 1028 4183 monn

241 4206 320 4268 hujus
335 4206 466 4261 oisltetis,
481 4210 508 4256 et
524 4219 573 4271 pro
590 4210 792 4260 conservatione
809 4212 917 4262 nonoris
933 4214 961 4264 st
976 4216 1031 4263 ste·

240 4288 285 4335 tus
301 4284 430 4347 praedicti
447 4286 509 4335 totis
525 4285 628 4337 viribus
642 4287 722 4338 detur
732 4297 814 4351 opera
825 4290 896 4354 qnod
905 4290 1029 4342 Dominus

241 4364 279 4415 lo.
297 4363 414 4426 Baptista
436 4365 470 4414 de
496 4363 639 4427 Ceprenlea
667 4367 780 4430 ampllue
804 4379 858 4419 non
884 4374 1029 4421 revocetur

241 4454 328 4506 neque
345 4443 381 4493 sit
396 4442 542 4506 Episcopus
559 4443 694 4495 liirmenus
711 4451 737 4496 et
754 4445 789 4496 ad
803 4448 932 4510 malorem
949 4448 1030 4499 robo-

243 4522 280 4572 ris
308 4523 386 4579 buius
411 4522 512 4573 decretl
540 4522 688 4575 ilrmitatem
707 4537 799 4576 omnes
816 4528 890 4577 cives
905 4529 932 4576 ln
958 4526 1030 4578 dicto

242 4598 357 4651 Concilio
379 4604 520 4665 presentes
541 4605 629 4662 iurent
655 4604 791 4667 praedicta
817 4605 979 4664 observare,
996 4606 1031 4660 sd

241 4680 314 4742 quod
330 4680 535 4743 impetrandum,
549 4683 572 4731 sl
588 4695 657 4744 opus
672 4684 762 4743 tuerit,
778 4697 871 4736 omnes
891 4686 965 4736 olres
987 4698 1032 4736 re·

243 4759 311 4810 dant
327 4761 434 4811 iiomern
463 4760 495 4810 ed
518 4762 719 4813 exclamandum
736 4767 828 4814 contre
851 4764 1032 4828 Episcopum,

242 4838 383 4902 &eoquod
398 4841 464 4890 baec
480 4841 574 4891 civitas
591 4848 728 4893 remaneat
744 4856 803 4894 cnm
821 4846 921 4894 bonore
938 4848 965 4894 et
981 4858 1030 4895 au·

242 4919 384 4968 ctoritater
412 4922 440 4969 et
462 4922 644 4970 committatur
671 4921 828 4973 Oratoribus
854 4923 926 4987 quod
946 4923 1033 4974 rlicost

242 4996 267 5047 S.
290 4997 320 5047 D.
345 4997 377 5048 N.
402 4998 425 5047 si
444 4998 505 5048 ostit
528 4999 596 5049 boec
619 5000 749 5051 cinitmess
770 5014 806 5051 os
828 5001 867 5053 io.
892 5003 1034 5066 Enptieiesss

241 5075 415 5138 Episcopum:
432 5082 459 5126 ol
476 5080 516 5127 slc
532 5090 624 5129 omnes
648 5080 721 5131 cives
745 5080 836 5132 serbis
853 5086 880 5133 et
897 5083 973 5134 tectis
993 5085 1033 5134 ln·

244 5156 396 5205 terreniant
411 5159 504 5205 contre
521 5156 690 5220 Episcopum.

285 5233 442 5296 Spectabilis
459 5239 485 5284 et
502 5248 611 5299 megnee
627 5240 792 5289 constantiae
812 5242 870 5297 vir,
886 5252 1031 5303 generosos

243 5324 326 5375 eques
338 5315 365 5361 st
382 5314 467 5376 legum
479 5312 582 5373 doctor,
595 5316 707 5369 eximius
719 5317 845 5369 Dominus
854 5317 987 5369 lebannes
997 5319 1031 5370 de

244 5392 337 5450 Aceto,
352 5392 421 5443 alter
436 5394 573 5445 consultor
584 5396 610 5444 in
626 5394 697 5445 dicto
708 5399 818 5464 consilio
829 5398 958 5458 existens,
974 5410 1033 5448 sur·

243 5483 310 5534 gens
326 5471 439 5533 pedibus
455 5472 544 5523 animo
566 5476 733 5537 consulendi,
751 5482 861 5541 eccepto
882 5478 1032 5541 juramento

243 5550 278 5600 de
295 5550 362 5601 bene
379 5556 407 5601 et
422 5551 536 5603 ildeliter
551 5556 722 5617 consulendo,
738 5560 921 5621 accedensque
937 5556 971 5607 ad
987 5570 1033 5607 so·

243 5630 319 5679 litum
332 5630 416 5680 locum
429 5631 687 5692 consulendidebita
699 5635 866 5688 invocatione
876 5638 1032 5700 praemissa,

241 5714 309 5765 dixit
329 5720 356 5766 et
372 5711 503 5762 consuluit
525 5712 596 5776 quod
620 5718 721 5766 attenta
744 5718 812 5768 mala
837 5721 863 5768 el
885 5717 1032 5779 pernitiosa

704 608 990 676 murusculus
1011 606 1237 673 alExelllllit
1257 605 1386 672 SEX'H.

1816 608 1880 670 est

1089 745 1245 827 prendium
1268 755 1410 809 venerunt
1428 741 1528 808 Sancti
1548 743 1725 820 Clementis,
1745 757 1774 808 et
1803 744 1882 808 Per·

1090 960 1146 1011 site
1162 959 1265 1011 Domini
1286 956 1328 1010 io.
1349 958 1483 1022 Eeptisiae
1500 959 1535 1010 de
1559 958 1708 1023 eapranica
1723 963 1751 1010 et
1767 959 1826 1022 ejus
1843 959 1890 1012 le·

1091 1040 1194 1099 sciria,
1210 1038 1317 1090 invitale
1340 1049 1452 1098 sensus,
1468 1039 1631 1101 malignitate
1647 1040 1746 1099 enimi,
1764 1042 1792 1089 et
1808 1038 1884 1090 inito·

1091 1122 1167 1168 nesta
1188 1118 1389 1167 conversations
1406 1130 1453 1167 sua
1471 1118 1670 1180 maximopere,
1691 1141 1725 1155 ·-
1753 1130 1814 1169 cnm
1832 1129 1884 1182 pro

1092 1198 1231 1247 honestate
1247 1189 1461 1259 peruersitatem,
1476 1209 1527 1259 pro
1543 1196 1666 1247 castitate
1684 1195 1884 1261 luxuriam,pro

1092 1276 1238 1327 bumilitste
1254 1277 1444 1339 arrogantiam,
1460 1287 1510 1339 pro
1526 1275 1688 1339 benignitate
1711 1276 1887 1336 iracundiam,

1093 1368 1143 1418 pro
1157 1355 1284 1417 reiigione
1294 1355 1430 1406 simoniam
1442 1357 1470 1405 et
1480 1355 1566 1418 spolie
1576 1355 1733 1408 &notorem
1750 1360 1778 1407 et
1789 1356 1889 1418 mium,

1093 1433 1239 1487 sodomiem
1254 1436 1282 1486 et
1298 1446 1375 1485 omne
1393 1433 1464 1485 eliud
1487 1435 1579 1484 ritium
1601 1448 1706 1499 semper
1730 1436 1757 1486 in
1775 1434 1884 1487 civitate

1094 1518 1121 1565 et
1147 1514 1274 1564 comitatu
1299 1513 1388 1565 docuit
1404 1516 1431 1564 et
1446 1515 1579 1573 exercuit,
1597 1512 1737 1577 adeoquod
1759 1526 1812 1564 non
1829 1513 1886 1578 epl-

1094 1603 1191 1656 scopns
1208 1604 1256 1643 nec
1274 1597 1389 1642 omnium
1406 1596 1497 1655 pastor
1513 1591 1561 1642 sed
1578 1594 1667 1655 iupus,
1686 1604 1739 1643 non
1752 1590 1885 1655 praelatus

1094 1675 1121 1721 et
1137 1670 1276 1736 religiosus
1292 1670 1339 1722 sed
1355 1671 1469 1730 adulter,
1483 1683 1536 1721 non
1553 1676 1629 1734 pater
1645 1670 1770 1731 civitatis,
1786 1670 1835 1722 sed
1851 1669 1885 1721 d·

1093 1751 1190 1804 tiorum
1206 1764 1324 1812 suorum,
1337 1754 1365 1801 et
1376 1752 1466 1814 popuii
1482 1753 1523 1802 sui
1540 1751 1671 1802 bomicide
1687 1751 1782 1803 merito
1798 1752 1887 1816 appet-

1095 1828 1142 1881 lsri
1160 1830 1272 1891 debeat,
1288 1834 1315 1879 nt
1340 1833 1441 1880 attenta
1462 1830 1568 1894 capitali
1584 1830 1722 1883 inimicitie
1744 1844 1796 1895 oua
1816 1834 1886 1882 inter

1094 1911 1183 1959 lentos
1200 1912 1308 1959 nostros
1325 1910 1397 1960 cisne
1410 1910 1530 1971 alligatus
1542 1914 1592 1969 estc
1608 1915 1635 1961 et
1652 1909 1743 1961 babilo
1759 1913 1886 1974 respectet

1094 1989 1127 2037 ed
1145 1989 1225 2037 mulla
1240 1992 1266 2038 el
1284 1988 1385 2045 maiora
1403 1987 1526 2038 scandale
1541 2000 1611 2052 quae
1627 1987 1653 2039 ln
1669 1988 1767 2052 populo
1788 1992 1881 2040 nostro

1095 2080 1221 2119 emanere
1235 2073 1347 2131 possent
1363 2080 1396 2117 nx
1415 2070 1497 2131 ipsius
1513 2068 1664 2118 detestabili
1685 2072 1760 2128 rita,
1776 2081 1825 2132 pro
1841 2080 1888 2120 sa·

1095 2148 1149 2197 inte
1176 2148 1322 2196 animerum
1350 2150 1500 2196 nostrerum
1521 2150 1548 2197 et
1569 2148 1775 2199 conservatione
1801 2146 1886 2197 nostri

1095 2226 1270 2276 ecclesiastici
1296 2229 1323 2275 et
1346 2225 1482 2289 populeris
1506 2230 1655 2277 statueret
1680 2239 1730 2289 pro
1754 2226 1887 2277 evitandis

1096 2305 1249 2365 scandalis,
1265 2304 1337 2370 quod
1352 2306 1425 2355 nullo
1445 2319 1561 2368 unquam
1578 2316 1697 2372 tempore
1713 2308 1889 2370 permittatur

1095 2396 1183 2447 neque
1210 2386 1350 2435 tolleretur
1376 2386 1448 2448 quod
1474 2385 1561 2436 dictus
1587 2385 1617 2436 l).
1646 2386 1685 2437 lo.
1712 2386 1828 2449 Esptleta
1853 2386 1888 2438 de

1093 2468 1185 2514 cetero
1203 2464 1347 2526 recipiatur
1359 2464 1385 2514 in
1401 2463 1561 2529 Episcopum
1574 2465 1770 2523 Firmanorum,
1782 2469 1809 2516 et
1819 2465 1891 2527 qnod

1095 2555 1146 2595 neo
1162 2555 1211 2607 per
1227 2556 1256 2595 se
1273 2555 1359 2606 neque
1375 2554 1424 2605 per
1440 2545 1498 2607 elus
1516 2549 1561 2594 aut
1577 2545 1644 2596 elios
1665 2557 1727 2596 suos
1750 2545 1887 2596 mlnlstroe

1094 2623 1123 2671 et
1138 2619 1257 2672 oiEtieles
1273 2633 1356 2685 super
1370 2624 1492 2681 personis
1508 2627 1535 2673 et
1552 2624 1630 2674 bonis
1647 2623 1823 2688 Episcopatus
1839 2638 1889 2689 pa·

1095 2699 1195 2750 storaie
1211 2698 1323 2750 odicium
1341 2710 1468 2750 exercere
1485 2702 1583 2763 possit:
1602 2705 1630 2752 et
1648 2704 1754 2765 penitus
1770 2704 1890 2765 eiusde·

1095 2778 1220 2829 testabile
1235 2791 1331 2829 nomen
1342 2779 1378 2830 de
1393 2779 1502 2830 olsitete
1518 2784 1546 2830 et
1562 2782 1687 2831 comitatu
1703 2780 1782 2832 Eirmi
1797 2781 1890 2834 delen·

1096 2860 1140 2909 tor
1155 2861 1183 2909 et
1199 2859 1370 2917 annulletur,
1386 2861 1413 2909 et
1438 2860 1514 2922 prius
1543 2859 1679 2911 Eirmenue
1702 2862 1815 2924 populus
1838 2873 1889 2926 pro

1095 2938 1220 2989 libertate
1235 2939 1402 2997 servitutem,
1419 2951 1469 3001 pro
1485 2952 1551 3002 pace
1567 2939 1676 3001 bellum,
1692 2951 1742 3004 pro
1753 2942 1837 3004 pratia
1857 2944 1886 2993 et

1095 3016 1281 3068 benedictione
1298 3018 1555 3081 apostolicaesedis
1571 3024 1599 3070 et
1615 3019 1658 3070 ES-
1673 3020 1800 3080 Pastoris,
1820 3019 1892 3071 indt-

1095 3096 1247 3160 gnatlonem
1264 3097 1432 3147 interdictum
1449 3102 1477 3148 et
1492 3099 1557 3148 alles
1573 3100 1773 3150 ecclesiasticas
1796 3112 1893 3152 censu·

1096 3188 1142 3226 ras
1159 3178 1200 3235 et,
1217 3176 1239 3226 sl
1256 3176 1296 3226 ies
1317 3179 1359 3226 est
1377 3177 1456 3239 loqui,
1472 3181 1587 3227 aratrum
1615 3179 1703 3242 polius
1726 3182 1781 3242 pati
1808 3191 1887 3243 ouem

1095 3255 1183 3319 ipsum
1201 3255 1227 3304 in
1244 3254 1401 3318 Episcopum
1418 3260 1446 3305 et
1462 3260 1597 3319 pastorem
1613 3258 1758 3308 animarum
1780 3260 1887 3323 recipe·

1096 3346 1143 3383 rec
1159 3334 1239 3384 immo
1256 3346 1305 3397 pro
1322 3335 1407 3385 utute
1424 3337 1531 3385 nostrae
1542 3334 1645 3399 patriae
1655 3339 1683 3386 et
1694 3339 1783 3400 quiete
1798 3337 1889 3401 populi

1096 3412 1174 3477 buius
1191 3414 1306 3465 civilatis
1323 3417 1350 3463 et
1367 3425 1416 3477 pro
1432 3413 1629 3477 praedictorum
1641 3417 1757 3466 omntnrn
1774 3415 1888 3466 victoria

1096 3495 1277 3557 unusquisque
1293 3493 1492 3557 particulariter
1508 3498 1535 3545 et
1552 3495 1578 3545 ln
1594 3507 1691 3558 genere
1704 3500 1820 3559 exponet
1832 3497 1891 3547 ant·

1097 3585 1178 3631 mam,
1193 3577 1220 3623 et
1236 3577 1314 3637 caput
1331 3572 1460 3631 illioruma
1477 3577 1504 3625 et
1520 3574 1590 3625 bone
1607 3575 1731 3625 bonorem
1748 3575 1845 3626 ienuam
1861 3580 1889 3628 et

1096 3653 1249 3717 dignitatem
1271 3651 1437 3715 derelinquat
1459 3652 1630 3717 potiusquam
1647 3653 1682 3704 ab
1701 3653 1754 3705 isio
1778 3655 1884 3717 incepto

1096 3731 1229 3783 desistere
1255 3735 1283 3782 et
1304 3731 1418 3782 iineliter
1433 3732 1545 3791 iteratos
1561 3736 1588 3783 et
1604 3732 1638 3782 de
1662 3744 1732 3783 noso
1756 3733 1890 3784 scribatur

1097 3810 1204 3861 oratori
1219 3815 1312 3861 nostro
1328 3812 1372 3873 ool
1389 3815 1431 3861 est
1442 3812 1554 3872 llomae,
1571 3813 1643 3876 quod
1660 3813 1833 3865 instanteset
1850 3814 1892 3866 in·

1096 3891 1259 3939 stantlssime
1275 3894 1303 3939 et
1318 3902 1349 3939 aa
1366 3902 1418 3953 que
1435 3888 1513 3939 deest
1528 3891 1680 3942 reserantia
1696 3897 1723 3941 et
1744 3892 1892 3946 bumilitate

1097 3969 1248 4033 genuflexus
1265 3971 1395 4031 supplicet
1419 3973 1446 4018 el
1463 3970 1615 4032 supplicare
1646 3970 1745 4022 debeat
1768 3972 1791 4021 s
1814 3975 1844 4021 u.
1858 3973 1892 4026 E·

1097 4052 1126 4098 et
1142 4047 1223 4098 Sacro
1234 4046 1349 4109 collegio
1363 4050 1391 4097 et
1408 4045 1496 4097 Exonl.
1507 4051 1534 4097 et
1544 4047 1607 4099 tier.
1620 4048 1807 4100 canlinalibus
1818 4053 1891 4114 quod

1098 4137 1148 4189 pro
1167 4126 1253 4176 salute
1270 4124 1416 4176 animarum
1440 4130 1601 4188 nostrarum,
1618 4140 1668 4190 pro
1688 4129 1893 4181 conservatione

1096 4205 1173 4269 pacls
1189 4208 1299 4255 nostrae
1316 4209 1343 4254 el
1360 4208 1506 4269 perpetuae
1530 4205 1637 4269 quletis,
1653 4220 1702 4269 pro
1724 4209 1891 4271 respulsione

1097 4297 1207 4347 magnae
1234 4288 1262 4335 et
1285 4283 1370 4335 linaiis
1398 4283 1611 4336 arrebellellonie
1627 4288 1704 4343 buius
1728 4289 1835 4351 populi,
1861 4293 1892 4340 et

1098 4377 1148 4426 pro
1164 4364 1334 4427 reparatione
1351 4364 1493 4415 multorum
1510 4363 1640 4417 malornm
1656 4370 1684 4417 ei
1700 4367 1888 4420 scandalorum

1097 4455 1166 4506 quan
1183 4443 1271 4494 lutura
1287 4448 1378 4493 essent
1396 4444 1423 4493 ln
1440 4444 1489 4494 bec
1506 4457 1554 4496 sne
1570 4444 1668 4497 desole
1684 4444 1755 4497 ildeli
1774 4451 1801 4497 et
1817 4447 1889 4511 pecl-

1098 4522 1147 4571 tlea
1173 4523 1281 4573 civitate
1298 4526 1326 4573 ei
1342 4523 1486 4583 comitato,
1513 4525 1590 4575 solita
1619 4537 1665 4576 sua
1683 4524 1847 4590 benignitate
1863 4530 1890 4578 et

1099 4601 1233 4653 clssritele
1249 4615 1279 4652 ec
1296 4616 1345 4665 pro
1360 4603 1487 4665 pastorali
1510 4603 1594 4654 oilicio
1610 4616 1659 4655 suo
1675 4605 1709 4656 de
1726 4605 1827 4657 salubri
1850 4617 1892 4657 re·

1100 4680 1188 4732 medio
1204 4680 1344 4744 provideat
1359 4685 1386 4732 et
1401 4681 1548 4733 dictum-io.
1559 4683 1702 4747 baptistam
1719 4686 1763 4736 eal
1781 4691 1891 4739 revocet

1098 4773 1114 4808 a
1140 4759 1213 4811 dicio
1236 4759 1397 4823 Episcopatu
1413 4762 1454 4812 vel
1472 4763 1565 4813 saltem
1589 4764 1734 4815 transierat
1755 4770 1782 4817 et
1800 4769 1891 4816 trane·

1100 4842 1185 4888 nlutet
1211 4842 1240 4888 et
1266 4839 1342 4888 nobis
1359 4844 1504 4904 nostroque
1520 4843 1601 4892 eiatni
1621 4842 1772 4905 religiosum
1793 4846 1820 4894 et
1840 4842 1887 4892 bo·

1099 4921 1206 4967 nestum
1222 4921 1325 4981 petrem
1343 4916 1502 4981 Episcopum
1518 4923 1546 4968 et
1561 4926 1695 4982 pastorem
1713 4922 1863 4972 substituat

1142 4995 1175 5046 Et
1190 4996 1224 5047 ed
1246 4997 1373 5054 maiorem
1393 4999 1471 5059 nulus
1492 4997 1594 5049 decreti
1616 4999 1720 5050 roboris
1742 4999 1890 5051 iirmitetem

1102 5088 1194 5125 omues
1211 5077 1286 5127 cirea
1302 5076 1336 5127 de
1353 5077 1465 5127 concillo
1476 5077 1565 5133 iurent
1581 5082 1609 5128 et
1622 5080 1770 5141 juramento
1786 5079 1890 5131 drmenl

1101 5156 1189 5206 omnia
1206 5161 1232 5207 et
1251 5156 1353 5218 singula
1369 5156 1481 5207 Ermiter
1500 5160 1618 5218 presenti
1635 5163 1662 5208 et
1678 5161 1747 5209 omni
1770 5164 1890 5222 tempore

1100 5236 1247 5287 observare
1265 5240 1292 5285 et
1309 5236 1508 5299 adimplerem
1525 5236 1560 5286 eb
1576 5237 1626 5287 leto
1643 5239 1747 5301 incepto
1763 5239 1821 5289 aire
1842 5239 1892 5288 im·

1099 5328 1178 5379 presa
1207 5327 1340 5378 nunonem
1365 5314 1496 5366 desistere
1513 5316 1597 5366 donec
1614 5322 1641 5367 et
1657 5329 1796 5381 quousque
1825 5319 1890 5368 baec

1100 5397 1170 5445 alme
1187 5399 1280 5449 nostre
1296 5395 1391 5446 cisites
1409 5394 1517 5445 babebit
1533 5396 1670 5448 victoriam
1691 5398 1717 5447 in
1734 5409 1764 5446 re
1780 5397 1844 5455 istac
1862 5409 1891 5447 ac

1100 5476 1179 5525 etiem
1196 5487 1288 5525 omnes
1304 5476 1377 5525 cives
1393 5475 1426 5524 de
1444 5475 1554 5524 concillo
1575 5487 1605 5525 ee
1622 5475 1703 5526 scribi
1720 5475 1817 5526 iaclsnt
1838 5474 1889 5526 eois

1099 5555 1172 5604 dicto
1187 5553 1296 5605 decreto
1310 5557 1337 5604 et
1353 5553 1553 5611 deliberatione,
1564 5559 1591 5604 el
1606 5556 1652 5617 qui
1669 5567 1722 5605 non
1738 5560 1816 5606 erunt
1828 5566 1892 5618 pre·

1100 5637 1191 5683 senten
1213 5633 1333 5683 mittetur
1356 5644 1406 5695 per
1426 5643 1473 5682 eos
1497 5636 1527 5683 ut
1551 5634 1643 5694 iurent
1659 5637 1686 5684 et
1703 5634 1830 5685 asscribi
1851 5634 1894 5685 te·

1100 5716 1181 5765 ciant.
1197 5712 1307 5765 barnem
1322 5713 1422 5765 dictum
1439 5713 1576 5766 decretum
1592 5725 1652 5765 cum
1678 5713 1830 5765 nominibus
1851 5712 1893 5764 cl·
