4492 6859
349 647 390 707 bi
820 637 1103 704 consistentia
1123 636 1347 702 trinoctium!
1369 635 1521 701 OG'PAVl.

344 799 384 844 aa
403 777 587 861 maryres
611 777 812 841 medanam
833 780 863 841 iu
886 778 1086 841 cardinalium
1111 788 1141 839 et

346 881 589 962 presbyterorum
609 877 861 959 etro-praeaentia
884 889 914 941 et
938 888 1005 959 pust
1022 876 1140 937 masam

345 981 495 1045 celebrum
513 998 581 1041 cum
600 989 726 1057 quatuor
747 980 811 1040 aliis
829 978 1030 1042 cardinalibus
1058 997 1140 1040 mure

347 1081 435 1144 aalito
454 1079 581 1142 absolvit
599 1076 655 1160 (i).

388 1179 441 1240 liis
467 1177 567 1240 diebos
595 1178 672 1239 venit
700 1177 738 1237 ad
763 1176 874 1241 Urbem
900 1175 936 1238 ii.
964 1178 993 1238 in
1018 1176 1137 1239 cbristo

347 1290 431 1362 pater
456 1278 601 1360 ¹Dominus
629 1275 765 1340 Nicolaas
793 1280 946 1359 episcopus
980 1274 1138 1351 Lucensis,

346 1399 414 1441 cum
432 1377 557 1458 quodam
574 1373 685 1457 collega
706 1396 776 1453 suo;
793 1379 870 1439 venit
890 1376 926 1437 ad
949 1375 1059 1439 Urbem
1083 1394 1138 1455 pro

345 1480 504 1542 obedientia
520 1477 691 1559 praestanda
709 1480 823 1540 nomine
837 1477 1060 1540 communitatis
1073 1475 1140 1536 Lu·

347 1584 440 1643 censis
451 1602 462 1656 3
485 1581 535 1660 qui
553 1578 608 1643 init
628 1590 762 1659 receptus
786 1595 840 1661 per
857 1581 981 1640 familias
1000 1578 1031 1639 S.
1050 1578 1087 1639 D.
1103 1576 1138 1637 ll.

346 1694 376 1743 et
396 1681 599 1744 Romanorum
620 1678 815 1740 Dominarum
829 1678 1041 1750 cardinalium,
1055 1688 1085 1739 et
1102 1678 1140 1739 ad

347 1781 468 1846 domum
492 1781 605 1860 bospitii
629 1781 673 1852 sui
698 1782 872 1842 associatus:
905 1781 957 1860 qui
985 1778 1086 1843 deinde
1111 1782 1140 1839 in

346 1883 432 1946 teriia
452 1884 519 1945 aula
541 1881 645 1943 Palatii
665 1883 695 1942 in
717 1882 888 1943 consistorio
914 1881 1031 1961 publico
1051 1900 1141 1961 prae-

344 1984 418 2046 stitit
437 1983 627 2047 obedientiam
653 1983 830 2065 praedictam
859 1982 1047 2044 Sanctissimo
1076 1981 1140 2044 Do·

348 2081 425 2145 minu
438 2096 538 2147 nostro
547 2085 653 2147 ordine
665 2095 694 2147 et
708 2103 790 2145 more
806 2094 943 2146 consueto
956 2094 986 2145 et
996 2082 1140 2145 ordinatu.

392 2184 519 2246 Sabbata
555 2202 600 2247 rx.
630 2184 734 2247 mensis
765 2183 892 2244 octobris
923 2182 1054 2244 habiturn
1085 2182 1142 2244 init

347 2286 481 2364 generale
502 2285 669 2364 capitulum
690 2284 817 2345 fratrum
839 2280 958 2345 Ordinis
983 2281 1142 2344 Praedica-

347 2381 453 2477 toru'm
467 2386 496 2444 in
515 2381 903 2464 concentusconcentus
922 2400 1011 2463 supra
1028 2382 1142 2443 illiner-

350 2501 417 2542 ram
438 2484 650 2565 praelectione
672 2482 822 2545 Generalis
843 2501 958 2556 eorum,
983 2482 1061 2542 etin
1085 2500 1141 2541 vu·

351 2592 450 2644 torum
491 2584 659 2645 collectione
697 2595 845 2663 repertum
885 2594 929 2645 eet
967 2580 1140 2661 Magistrum

348 2682 488 2746 duanam
519 2683 555 2745 de
579 2684 670 2745 Curie
690 2682 857 2763 Pupiensem
882 2678 1011 2758 ejusdem
1032 2681 1143 2741 ordinis

346 2783 542 2864 professorem
577 2793 607 2843 et
635 2783 788 2861 quemdam
817 2783 907 2862 ipsius
932 2781 1044 2843 ordinis
1069 2800 1144 2863 pro·

346 2881 484 2946 iessorem
510 2882 651 2944 l'cnetum
675 2885 756 2964 paria
781 2893 848 2943 rota
878 2881 997 2956 babere,
1023 2899 1058 2943 ex
1083 2899 1143 2960 quo

350 2984 437 3046 ambo
466 3004 519 3066 per
541 3001 609 3045 auos
634 2984 770 3063 partiales
798 2984 826 3044 in
852 2982 1008 3045 ceneraies
1031 2985 1141 3062 recepti

350 3095 421 3144 sunt
437 3095 468 3146 et
488 3082 638 3163 publicati,
655 3094 685 3143 et
699 3100 787 3163 super
805 3083 898 3144 altare
915 3083 1053 3146 ecciesiae
1071 3081 1143 3143 dicti

356 3194 517 3245 conventus
553 3179 636 3263 positi
673 3184 856 3257 successive,
895 3183 971 3245 unde
1002 3199 1141 3263 magnum

353 3283 521 3345 scandalum
542 3283 618 3344 inter
638 3282 744 3344 iratres
764 3282 834 3344 dicti
856 3280 973 3345 Ordinis
991 3294 1034 3346 est
1054 3302 1144 3344 exur-

353 3393 438 3456 tum,
458 3395 488 3444 et
513 3399 617 3461 magna
645 3381 791 3454 conlusio,
811 3381 883 3443 adeo
904 3382 983 3460 qnod
1009 3382 1061 3442 nisi
1082 3399 1145 3461 qu·

352 3483 490 3545 bernator
506 3482 594 3544 Urbis
613 3499 681 3541 cum
695 3492 780 3560 pente
800 3499 852 3541 sua
871 3482 1060 3554 occurrisset,
1078 3500 1145 3543 ma·

348 3580 418 3660 jora
451 3579 679 3642 inconvenientia
711 3591 806 3643 essent
836 3581 1017 3642 subsecuta:
1049 3593 1144 3644 tamen

354 3681 387 3743 S.
409 3680 445 3741 Ι).
468 3678 515 3752 ii,
536 3680 572 3740 ad
600 3681 763 3742 instantiam
784 3677 821 3742 it.
843 3680 958 3743 Domini
984 3681 1145 3745 cardinalia

353 3779 532 3861 Neapolitani
553 3780 625 3841 dicti
645 3780 754 3844 ordinis
774 3783 961 3863 protectoris,
977 3783 1027 3862 qui
1047 3794 1146 3863 partes

354 3882 435 3944 illius
456 3880 556 3942 venen
576 3880 707 3952 larebat,
737 3882 777 3943 its
800 3882 913 3944 volente
926 3893 963 3943 et
983 3883 1146 3956 mandante,

354 3982 481 4046 Venetus
501 3981 628 4042 odicium
649 3982 745 4063 ipsum
765 3982 897 4057 retinuit,
917 3984 1010 4045 altero
1030 3995 1146 4065 praeter

354 4100 437 4144 auam
460 4083 640 4143 voluntatem
662 4082 871 4160 acquiescente.

397 4183 484 4243 Faria
505 4192 612 4260 quarta
633 4198 690 4243 xx.
711 4181 779 4243 dicti
796 4182 901 4243 mensis
921 4183 1049 4246 octobris
1067 4185 1145 4245 circa

356 4283 461 4343 boram
483 4281 535 4341 29.
558 4282 681 4343 venienti
701 4279 737 4341 ad
757 4281 867 4345 Urbem
886 4284 931 4345 lli.
948 4283 984 4344 D.
999 4284 1147 4365 dlpbonso

357 4380 512 4443 Calabriae
532 4392 589 4443 etc.
609 4382 697 4471 Duri,
722 4380 851 4468 Serenis.
878 4382 1053 4446 Ferdinandi
1070 4383 1149 4445 sici-

357 4481 412 4544 liae
433 4494 490 4544 etc.
512 4480 600 4562 Regis
622 4467 816 4564 primogenito
837 4471 890 4565 per
908 4496 1024 4565 portam
1042 4484 1148 4547 beatae

356 4581 466 4644 liat-iae
497 4583 532 4645 de
564 4581 705 4662 Populo,
736 4594 878 4646 venerant
908 4584 1023 4644 obviam
1056 4602 1147 4662 usqne

360 4682 398 4741 ad
418 4681 540 4743 Pontem
562 4682 680 4744 blollem
701 4699 736 4744 ac
751 4684 832 4745 ultra
852 4696 882 4745 et
901 4683 976 4744 citra
991 4683 1055 4744 itit.
1070 4683 1148 4746 car·

354 4781 467 4843 dinaies
479 4781 752 4858 vicecancellarius,
767 4779 984 4874 Neapolitanus,
1004 4782 1148 4847 Parmen-

374 4941 542 4954 μοι

396 5034 433 5096 (ι)
455 5032 611 5083 ciacconius
627 5031 792 5082 cardinalem
816 5032 1036 5083 matisconensem
1051 5031 1150 5095 (Phiii-

355 5110 461 5164 bertum
478 5109 620 5176 ilgonetti)
634 5112 662 5161 ln
684 5111 744 5162 albo
759 5121 850 5162 eorum
871 5111 1011 5171 inscribit,
1037 5124 1149 5175 quorum

356 5190 407 5240 rub
422 5189 497 5240 Sixto
514 5187 542 5239 iii
559 5194 681 5241 mortuos
693 5202 754 5240 esse
766 5193 881 5251 constat,
892 5188 941 5240 sed
951 5188 1009 5238 dies
1027 5194 1053 5240 et
1065 5202 1150 5239 annus

357 5269 452 5319 mortis
468 5271 613 5332 ignoratur.
629 5268 761 5319 lobannes
780 5267 896 5318 Palatius
916 5265 1009 5326 (Poall
1023 5265 1153 5317 cordion-

358 5345 423 5397 llrnn
446 5350 562 5398 omnium
587 5346 615 5399 S.
642 5348 669 5399 li.
685 5347 712 5398 ii.
728 5350 788 5405 alc..
809 5346 914 5397 Veneiils
933 5348 1009 5405 1703,
1030 5348 1092 5396 lom.
1113 5345 1150 5405 ii,

357 5437 386 5487 n.
398 5428 453 5485 add,
471 5428 516 5478 toi
529 5429 551 5488 i,
562 5428 629 5477 male
646 5428 741 5477 asserii
757 5426 853 5476 domae
870 5424 955 5475 lucem
968 5424 1089 5475 amisisse
1106 5425 1150 5475 die

358 5504 413 5555 xiv
429 5503 587 5556 decembris.
599 5504 636 5554 Du
648 5515 680 5553 ea
691 5503 784 5554 videas
797 5503 925 5566 epistolas
941 5500 1024 5553 carn.
1040 5500 1152 5552 Parma-

359 5593 405 5643 ιιι,
419 5581 529 5635 Paraoa
544 5593 579 5635 na
593 5582 618 5632 S.
635 5579 746 5632 luciano
758 5583 784 5632 in
799 5579 936 5630 annalibus
952 5582 1152 5632 ilatisconcnsi·

358 5659 420 5721 bue,
434 5663 577 5716 aaronica
591 5660 671 5711 bucer
686 5658 714 5710 in
730 5656 971 5721 orationeluuebri,
979 5657 1151 5719 clamoremr,

359 5738 510 5800 Pacurrua,
526 5738 713 5792 vincarum
730 5742 780 5788 etc.

1879 634 1995 716 (⁴⁴⁸⁴)

1207 778 1256 849 ais,
1269 777 1413 857 dragonis
1428 775 1544 858 (buter
1559 774 1648 835 Ducis
1664 774 1801 836 venientis
1812 771 1835 857 ),
1850 774 1994 851 Semeleia,

1207 887 1235 939 et
1256 893 1330 937 unus
1346 877 1431 949 alim,
1447 893 1533 955 quem
1547 893 1605 936 non
1619 874 1899 949 beneconsideravi,
1914 887 1994 938 tam·

1207 994 1296 1055 quam
1317 977 1510 1057 particulares
1531 976 1686 1037 domicelli.
1708 976 1818 1037 Deinde
1842 996 1894 1056 per
1921 997 1993 1057 por·

1206 1088 1267 1137 tam
1290 1075 1468 1157 praedictam
1488 1085 1630 1137 venerunt
1645 1092 1742 1136 omnes
1760 1074 1809 1134 alii
1825 1074 1861 1136 ii.
1878 1075 1995 1139 Domini

1207 1176 1377 1241 Cardinaies
1397 1176 1426 1235 in
1451 1174 1531 1237 Urbe
1556 1178 1706 1238 existentes
1727 1175 1926 1256 collegiaiiter.
1950 1177 1994 1238 ,ib

1207 1296 1242 1339 eo
1263 1280 1339 1353 ioco,
1360 1294 1421 1357 quo
1440 1276 1508 1337 Dux
1525 1276 1563 1335 ab
1583 1276 1640 1338 illis
1660 1293 1703 1339 vr.
1725 1276 1929 1340 cardinalibus
1943 1297 1995 1339 re·

1207 1390 1308 1461 ceptus
1328 1381 1402 1451 init,
1422 1376 1565 1456 equitavit
1590 1376 1650 1456 ipsa
1677 1376 1788 1437 medius
1809 1377 1885 1438 inter
1906 1378 1997 1439 Viae·

1207 1481 1417 1542 cancellarium
1438 1490 1468 1541 et
1482 1476 1713 1559 Neapolitanum,
1728 1478 1913 1557 sequentibus
1933 1478 1999 1539 aliis

1208 1594 1336 1661 quatuor
1362 1579 1566 1645 cardinalibus
1586 1577 1660 1640 binis
1680 1590 1709 1638 et
1733 1575 1829 1651 binis,
1855 1578 1905 1640 sed
1926 1596 1996 1639 cum

1208 1701 1301 1762 prope
1321 1691 1437 1762 portam
1458 1698 1488 1741 se
1518 1682 1785 1760 appropinquaret,
1802 1698 1838 1740 eo
1863 1680 1998 1752 dimissu,

1208 1782 1251 1843 ilii
1264 1799 1313 1843 sex
1330 1781 1499 1843 cardinales
1514 1797 1568 1862 per
1583 1780 1714 1841 ordinem
1729 1790 1901 1841 consuetum
1915 1790 1999 1841 stan·

1209 1891 1251 1942 tes
1271 1892 1302 1943 et
1329 1881 1519 1962 collegiaiiter
1540 1880 1635 1960 ipsum
1662 1879 1774 1942 Ducem
1801 1890 1994 1961 receperunt,

1208 1980 1452 2044 vicecancellario
1485 2000 1540 2062 pro
1570 1979 1705 2042 omnibns
1736 1982 1881 2059 loquente
1914 1980 1994 2042 Tum

1209 2080 1286 2155 Dux,
1304 2083 1398 2161 eapite
1412 2065 1607 2161 discooperto,
1625 2081 1755 2161 singulos
1768 2080 1937 2143 cardinales
1950 2082 2000 2140 di·

1209 2181 1367 2261 scoopertis
1395 2180 1536 2261 capitibus
1566 2190 1672 2242 stantes
1701 2182 1849 2242 osculatus
1877 2193 1942 2257 est3
1968 2192 2000 2242 et

1210 2293 1343 2361 receptus
1365 2280 1439 2342 inter
1471 2282 1580 2360 primns
1600 2280 1743 2343 Diaconos
1771 2281 1941 2344 cardinales
1969 2283 1999 2343 in

1211 2383 1313 2445 ultimo
1335 2384 1412 2456 ioco,
1424 2381 1662 2462 praecedentibus
1682 2381 1815 2444 omnibus
1835 2383 1901 2444 aliis
1921 2388 2000 2445 car·

1209 2482 1352 2544 diaulibus
1371 2500 1426 2542 suo
1447 2482 1550 2544 ordine
1569 2481 1775 2560 equitantibus,
1796 2479 1833 2540 ad
1859 2483 1999 2561 palatium

1210 2584 1410 2664 Apostolicnm
1450 2583 1705 2664 applicaverunt,
1747 2581 1797 2641 ubi
1831 2580 2000 2643 cardinales

1210 2700 1309 2746 omnes
1329 2702 1386 2745 non
1407 2686 1442 2756 in,
1457 2683 1542 2745 solito
1570 2700 1673 2745 eorum
1694 2680 1829 2754 loco‚sed
1855 2681 1943 2757 inira,
1963 2683 2001 2743 ad

1211 2782 1320 2861 gradus
1349 2782 1489 2846 camerae
1515 2784 1698 2862 Apostolicae
1719 2782 1940 2845 descenderunt
1965 2801 1999 2842 ex

1211 2884 1317 2962 equis,
1345 2894 1375 2944 et
1401 2901 1456 2963 per
1477 2884 1556 2944 illam
1577 2885 1684 2943 scalam
1708 2883 1849 2945 camerae
1869 2879 1999 2961 ejusdem

1211 2983 1329 3064 palatii,
1347 2984 1444 3044 aniam
1463 3002 1596 3065 magnam
1618 3004 1673 3066 pro
1690 2984 1809 3067 publica
1828 2983 2001 3045 consistorio

1211 3084 1374 3146 ordinatam
1395 3084 1515 3164 ingressi
1530 3096 1610 3159 sunt,
1626 3083 1688 3157 ubi,
1704 3083 1780 3149 lacta
1795 3082 1931 3147 Pontifici
1946 3102 1998 3145 re·

1213 3184 1352 3256 verentia,
1371 3183 1430 3245 duo
1447 3188 1573 3247 mulares
1591 3185 1711 3247 Diaconi
1732 3184 1942 3247 descenderunt
1961 3185 1998 3243 ad

1211 3284 1329 3358 ducem,
1343 3284 1468 3345 remissis
1484 3285 1547 3345 aliis
1562 3283 1687 3356 duobus,
1705 3295 1735 3346 et
1749 3284 1853 3346 ducem
1869 3283 1905 3343 ad
1920 3283 2003 3344 Pon-

1212 3382 1298 3445 tidcis
1317 3384 1508 3464 praesentiam
1528 3383 1721 3457 adduxeruni3
1737 3387 1799 3464 qui,
1818 3385 1901 3446 iactis
1919 3382 2001 3446 Pon-

1213 3484 1295 3558 tidci,
1318 3494 1351 3545 ut
1371 3483 1462 3546 moris
1482 3497 1537 3559 est,
1559 3485 1741 3561 reverentiis,
1757 3486 1794 3547 ad
1809 3485 2001 3548 osculationes

1213 3597 1350 3667 receptus
1369 3596 1422 3647 est.
1443 3584 1576 3658 Deinde,
1598 3605 1646 3647 me
1666 3598 1777 3667 peterne
1802 3588 1838 3648 de
1863 3590 1930 3650 loco
1949 3588 2002 3647 sibi

1213 3687 1318 3761 dando,
1339 3685 1483 3760 Pontifex,
1499 3687 1566 3764 quia
1589 3688 1629 3747 iia
1643 3706 1696 3766 per
1714 3687 2003 3756 vicecanceliarium,

1214 3799 1248 3849 ut
1265 3787 1406 3861 existimo,
1426 3785 1524 3848 iuerat
1545 3806 1733 3868 persuasum,
1754 3805 1882 3849 asserens
1907 3786 2003 3868 ipsum

1214 3906 1283 3951 cum
1303 3889 1374 3950 alias
1395 3886 1444 3949 bic
1464 3888 1565 3950 luisset
1580 3901 1644 3968 post
1665 3891 1793 3970 primum
1808 3887 2003 3959 cardinalem,

1214 3989 1493 4052 vicecancellarium
1515 3988 1671 4063 videlicet,
1699 3990 1823 4062 sedisse,
1849 4000 2003 4071 propterea

1214 4090 1308 4171 ipsum
1330 4092 1437 4151 iterum
1459 4091 1487 4149 in
1508 4089 1609 4151 eodem
1630 4091 1695 4152 loco
1716 4091 1855 4164 locarem,
1876 4089 1956 4169 quod
1976 4105 2007 4152 et

1214 4190 1291 4266 ieci3
1305 4201 1334 4252 et
1348 4201 1427 4252 certe
1448 4190 1658 4265 malefactum,
1679 4212 1747 4253 cum
1769 4194 1849 4252 lucus
1871 4191 1920 4253 iile
1936 4191 2005 4252 solis

1215 4291 1346 4372 Regibus
1366 4289 1506 4352 debeatur
1517 4313 1529 4364 3
1560 4290 1680 4353 debebat
1701 4301 1798 4352 autem
1820 4292 1919 4351 locum
1941 4301 2006 4369 post

1215 4393 1345 4473 primum
1385 4390 1569 4452 Cardinaiem
1609 4391 1818 4473 Presbyterum
1851 4389 2005 4449 babuisse.

1215 4490 1421 4554 Continuatum
1437 4492 1492 4553 init
1511 4492 1736 4566 consistorium,
1762 4504 1790 4553 et
1818 4492 2003 4572 completum.

1217 4595 1281 4663 Quo
1303 4592 1405 4666 linito,
1436 4592 1514 4673 Papa
1544 4593 1688 4655 rediitad
1709 4611 1839 4656 cameras
1865 4611 1955 4663 suas,
1975 4602 2003 4653 et

1217 4712 1285 4756 cum
1306 4714 1341 4756 eo
1361 4712 1460 4768 omnes
1485 4692 1654 4756 cardinales
1680 4706 1709 4756 et
1729 4694 1804 4754 Dux,
1832 4692 1910 4753 Tum
1938 4692 2005 4752 Dur

1217 4795 1254 4854 ab
1285 4795 1418 4856 omnibus
1450 4793 1652 4855 cardimlibus
1681 4810 1773 4871 usque
1805 4791 1842 4851 ad
1873 4808 2006 4852 cameras

1135 4934 1137 4940 ι
1217 4896 1356 4958 Gamerae
1371 4896 1552 4978 Apostolicne
1571 4912 1625 4975 pro
1640 4912 1675 4954 ea
1693 4894 1849 4964 ordinatas,
1866 4892 2008 4953 transiens

1218 4994 1297 5060 intet'
1315 4998 1425 5076 primos
1446 4994 1530 5067 duos,
1557 4994 1621 5056 aliis
1644 4995 1776 5056 ornatibus
1796 4994 2006 5071 sequentibus,

1218 5098 1375 5159 associatus
1395 5108 1451 5169 eat,
1470 5097 1532 5169 ubi,
1553 5115 1588 5158 eo
1608 5097 1735 5169 dimisso,
1757 5096 1879 5175 quisque
1899 5094 1936 5154 ad
1956 5095 2005 5154 io·

1219 5215 1287 5260 cum
1308 5200 1370 5260 eive
1391 5198 1508 5259 domurn
1529 5215 1611 5256 suam
1634 5215 1771 5258 reversus
1795 5206 1837 5257 est
1858 5194 1920 5279 (fili

1225 5341 1648 5352 ---..——-.-—-
1853 5340 1902 5349 ..—
1912 5339 2005 5347 ..-

1259 5417 1294 5480 (2)
1308 5414 1442 5466 Calabriae
1458 5412 1533 5474 Dux,
1548 5413 1623 5475 ilessis
1639 5411 1801 5474 Neapolitani
1817 5409 1886 5462 dilus
1909 5413 2007 5476 primo·

1219 5497 1332 5559 genitus,
1347 5506 1425 5558 quern
1443 5493 1485 5542 bic
1502 5492 1616 5544 vidimus
1638 5504 1784 5555 properare
1800 5490 1834 5541 ad
1850 5488 1947 5541 Urbem
1964 5505 2008 5540 aa·

1220 5578 1322 5625 lernam
1340 5577 1367 5622 et
1383 5570 1417 5621 ad
1434 5583 1531 5621 novum
1547 5568 1706 5627 Pontificem,
1717 5570 1808 5632 paucis
1824 5573 1886 5619 ante
1903 5567 2007 5624 diebus,

1219 5652 1305 5704 literis
1321 5651 1355 5702 ad
1371 5649 1524 5702 cardinales
1539 5648 1655 5700 Viscouti
1677 5653 1704 5699 et
1726 5649 1759 5699 de
1784 5650 1914 5711 aragonia
1930 5651 1957 5700 ai
1973 5647 2006 5698 ad

1220 5730 1330 5796 Lagalm
1350 5729 1538 5796 lleapoiitanoa
1562 5740 1596 5780 ex
1619 5727 1716 5779 castris
1732 5739 1817 5789 propa
1832 5726 2006 5778 llediaianum
