4492 6859
303 607 344 665 ld
777 602 1060 694 routtrtcatus
1082 600 1304 665 le'OcEll'l'll
1324 600 1476 664 octavi.

298 740 502 818 Apostolorum
519 738 594 799 Petri
615 749 645 799 et
661 738 756 809 Pauli,
771 748 799 798 et
815 738 846 799 S.
866 738 902 797 ii.
917 737 952 798 E.
967 760 984 792 a
1004 737 1081 800 Tum

296 839 369 897 idem
387 837 483 910 Prior,
497 836 699 915 adjuvantibus
715 839 808 918 ipsum
829 839 892 899 aliis
909 838 1034 898 diaconis
1055 850 1084 899 et

295 937 495 1011 subdiaconis,
523 949 580 998 tres
602 936 774 1017 spirituales
802 939 854 1019 ipsi
876 940 965 1020 pallio
992 936 1084 1000 infixit

295 1057 376 1099 more
394 1049 541 1099 consueto.

334 1138 410 1199 Dato
430 1136 564 1198 Pontifici
585 1138 682 1216 pallio,
700 1148 734 1198 ut
752 1137 929 1217 praefertur,
951 1151 1084 1200 cantores

293 1242 461 1319 inceperunt
482 1237 632 1300 introitum
650 1257 705 1317 pro
726 1237 822 1312 blissa,
837 1250 865 1301 et
885 1237 984 1321 llyrie
999 1241 1085 1320 eley-

293 1361 361 1411 son,
374 1352 404 1399 et
425 1339 504 1418 Papa
518 1338 644 1399 aseendit
664 1338 700 1397 ad
721 1339 825 1411 altare,
836 1352 865 1400 et
879 1339 962 1411 illud,
974 1339 1085 1400 detecto

293 1443 397 1520 capite,
410 1441 439 1500 in
458 1440 551 1503 medio
571 1439 720 1500 osculatus
740 1451 802 1501 est:
819 1440 919 1502 deinde
932 1450 962 1504 et
977 1440 1084 1501 librum

294 1542 523 1620 Evangeliorutn
550 1560 603 1622 per
633 1540 856 1615 subdiaconum,
875 1559 956 1603 mare
980 1540 1084 1615 salita,

293 1644 345 1704 sibi
373 1643 513 1705 oblatum.
536 1643 613 1704 Tum
642 1641 746 1703 ibidem
768 1643 904 1722 imposuit
923 1643 1085 1715 incensum,

294 1746 398 1806 Priore
411 1744 608 1805 Diaconotum
623 1742 814 1823 Evangeiium
829 1743 945 1804 dicturo
961 1743 1086 1802 naricu-

296 1846 354 1904 lam
373 1844 564 1917 ministrante,
577 1855 607 1904 et
625 1844 781 1903 incensavit
794 1844 897 1916 aitare3
919 1842 1020 1902 deinde
1033 1860 1084 1922 per

295 1945 427 2006 eumdem
457 1945 589 2006 Priorem
617 1944 779 2004 incensatus
807 1943 862 2003 luit
899 1944 1001 2004 ibidem
1027 1944 1086 2023 ipsc

295 2046 373 2126 Papa
393 2046 421 2106 in
442 2064 534 2107 cornu
552 2046 694 2126 Epistolae
716 2064 784 2106 cam
806 2047 892 2105 mitra
910 2057 998 2106 stans.
1020 2043 1086 2113 Qua

295 2148 462 2222 incensato,
492 2166 549 2209 non
570 2148 682 2227 accepit
700 2146 842 2208 Diaconos
865 2148 1023 2207 assistentes
1050 2148 1086 2206 ad

294 2248 451 2321 osculum,
472 2258 506 2306 ut
527 2247 616 2307 moris
633 2258 675 2308 est
694 2291 702 2320 ,
720 2246 769 2307 sed
790 2247 915 2308 ascendit
934 2248 970 2306 ad
991 2246 1085 2308 sedem

295 2348 477 2420 eminentem,
500 2347 548 2406 ttbi
570 2346 737 2408 cardinales
755 2357 785 2408 et
806 2348 955 2409 Praelatos
970 2361 1086 2428 paratos

297 2466 395 2509 omnes
414 2448 451 2507 ad
472 2448 662 2510 reverentiam
686 2449 827 2509 venientes
848 2447 1086 2528 accepit,cardi·

298 2549 377 2608 nales
394 2548 431 2607 ad
452 2548 540 2628 pedis,
559 2565 671 2620 manus,
689 2559 718 2608 et
732 2548 803 2619 aris,
825 2548 952 2608 Praelati
969 2566 1040 2608 rero
1050 2546 1087 2606 ad

297 2648 375 2727 pedis
394 2659 424 2710 et
438 2666 539 2708 manus
559 2649 703 2708 osculum.
722 2671 727 2680 ·

338 2752 426 2811 Facta
455 2748 637 2821 reverentia,
655 2748 749 2827 surgit
775 2747 927 2819 Pontifex,
959 2747 1086 2827 deposita

296 2852 394 2922 mitra,
408 2860 437 2909 et
456 2866 525 2908 cum
546 2846 741 2907 assistentibus
758 2857 869 2906 tautum
886 2846 1088 2908 cardinalibus

296 2953 364 3014 dicit
390 2953 542 3013 introitum
564 2962 592 3012 et
623 2950 724 3034 llyrie
755 2955 901 3034 eleyson,
922 2952 1087 3011 cantoribus

297 3055 412 3115 interim
431 3052 531 3134 Kyrie
548 3055 675 3134 eleyson
696 3052 922 3115 decantantibus.
936 3053 1020 3113 hlissa
1041 3051 1088 3111 di·

299 3167 345 3217 eta
367 3165 410 3216 est
428 3154 462 3216 de
483 3164 587 3214 octava
609 3155 765 3215 nativitatis
781 3154 886 3215 beatae
906 3154 998 3215 hlarie
1015 3153 1087 3213 Vir·

295 3258 379 3337 ginis.

337 3358 428 3418 Dictis
447 3375 499 3437 per
520 3354 690 3417 Pontificem
711 3354 809 3437 llyrie
828 3357 968 3437 eleyson,
991 3373 1088 3416 cessa·

297 3468 521 3530 runtcantores,
540 3467 567 3517 et
587 3456 665 3536 Papa
685 3454 777 3516 dixit:
796 3455 912 3517 Gloria
927 3457 962 3516 in
983 3458 1088 3517 eccel-

297 3559 342 3619 sis
358 3558 436 3630 Dea,
454 3555 530 3635 quod
552 3573 619 3614 cam
640 3554 700 3614 suis
720 3555 913 3615 assistentibus
933 3557 1088 3635 complevit

200 3723 204 3733 ,
299 3678 381 3720 mare
413 3658 506 3718 salita.
537 3656 613 3716 'lum
643 3658 671 3716 in
696 3656 773 3716 dieta
806 3655 871 3717 sede
903 3655 973 3717 dixit
1000 3656 1087 3716 aliam

299 3762 469 3829 orationem,
485 3759 570 3818 etiam
590 3759 649 3818 alta
669 3776 739 3819 roae
758 3757 853 3819 dicens
871 3796 909 3807 -
920 3758 1016 3830 Deus,
1031 3760 1087 3839 pai

300 3860 399 3921 cardo
434 3859 572 3939 fidelium
605 3870 690 3933 ete,
716 3875 803 3936 qaam
826 3860 913 3921 etiam
949 3859 1004 3920 sub
1034 3878 1086 3919 sua

298 3961 478 4024 conclusione
504 3959 679 4040 complevit,
698 3969 728 4021 et
748 3977 781 4021 ea
803 3962 945 4042 completa
971 3961 1085 4022 interim

298 4064 376 4141 quad
402 4074 533 4124 cantares
552 4061 756 4141 responderent
773 4082 873 4136 umen,
893 4062 963 4122 dixit
977 4075 1087 4124 secrete

298 4164 384 4223 aliam
405 4181 456 4243 per
477 4172 601 4223 aestans
622 4172 656 4221 ut
677 4162 775 4240 prius,
798 4163 947 4224 videlicet:
970 4164 1086 4225 Adesto

298 4262 588 4344 supplicationibus
608 4271 663 4323 ete.
944 4341 954 4352 .

338 4363 453 4436 Finitis,
470 4373 503 4422 ut
523 4380 623 4442 supra,
635 4362 813 4424 arationibus
833 4365 998 4444 praedictis,
1009 4364 1086 4444 Papa

298 4464 419 4525 seditio
440 4464 505 4525 sede
531 4464 664 4523 eminenti
686 4455 861 4543 praedicta,
878 4466 1009 4546 imposita
1033 4464 1086 4524 sibi

299 4566 437 4637 mitra,et
454 4562 540 4626 Prior
561 4563 757 4624 Diaconorum
778 4566 988 4640 cardinalium,
1005 4566 1087 4625 ride·

298 4665 365 4727 iicet
375 4665 536 4728 cardinalis
554 4663 698 4737 Senensis,
712 4665 837 4726 lerulam
853 4666 881 4726 in
903 4685 990 4725 manu
1005 4667 1085 4726 acei-

297 4768 377 4847 piens
397 4777 425 4829 et
445 4778 585 4846 portans,
605 4767 787 4845 sequentibus
808 4769 902 4847 ipsum
930 4766 1087 4827 subdiaca-

298 4871 352 4942 nis,
373 4866 554 4929 auditoribus
575 4877 603 4929 et
622 4868 795 4940 secretariis,
816 4878 850 4928 ut
869 4886 958 4946 supra
977 4866 1086 4927 dictum

298 4982 341 5051 est
365 4969 487 5043 indutis,
509 4967 651 5029 descendit
673 4967 709 5027 ad
740 4979 854 5048 partam
887 4968 1017 5040 castelli,
1039 4968 1087 5028 ubi

299 5073 327 5133 in
356 5075 442 5154 piano
474 5071 578 5132 ibidem
606 5072 680 5132 inter
707 5072 799 5131 altare
823 5081 852 5130 et
878 5082 994 5150 portam
1021 5070 1087 5132 iecit

300 5174 370 5236 duas
394 5174 482 5236 lineas
502 5174 538 5233 ab
559 5174 645 5234 altari
666 5171 702 5231 ad
723 5182 858 5250 portam,
883 5170 919 5230 ad
940 5170 1087 5232 dexteram

299 5288 328 5337 et
341 5275 535 5349 sinistram,in
555 5274 681 5353 qualibet
701 5274 775 5336 linea
797 5273 832 5333 de
851 5270 979 5349 quolibet
992 5292 1026 5333 ex
1040 5274 1086 5333 di·

300 5379 354 5438 etis
374 5376 467 5437 tribus
487 5375 646 5450 ordinibus,
666 5374 800 5435 otlieiales
820 5374 965 5434 collocans
987 5392 1087 5435 versus

300 5478 336 5539 ad
358 5480 470 5552 altare,
492 5490 554 5539 tum
576 5477 778 5550 subdiaconos,
801 5486 863 5536 turn
889 5477 1033 5537 auditores
1059 5487 1087 5538 et

300 5581 481 5654 secretarios,
498 5579 536 5642 ita
551 5580 628 5658 qnod
645 5578 680 5640 de
698 5577 772 5638 linea
786 5576 821 5636 ad
843 5578 949 5640 lineam
966 5578 1019 5637 sibi
1040 5578 1086 5636 in·

302 5685 393 5742 sicem
424 5682 510 5742 iacies
539 5692 660 5743 vertant.
690 5677 803 5748 outtm
822 5680 863 5739 sic
889 5678 1028 5741 ordinatis
1059 5690 1086 5739 et

1844 596 1956 681 (⁴⁴⁸⁴)

1150 738 1281 797 omnibus
1302 736 1419 799 detectis
1440 737 1580 817 capitibus
1601 734 1813 807 existentibus,
1845 733 1956 796 cardi·

1151 840 1222 899 nalis
1249 838 1381 900 Senensis
1407 838 1485 899 statis
1505 848 1533 897 et
1553 838 1611 915 ipse
1632 837 1725 914 capite
1745 835 1871 897 detecta
1889 853 1955 896 ate·

1149 940 1214 999 dius
1236 940 1309 999 inter
1330 943 1440 1019 primas
1461 938 1533 997 daos
1564 936 1764 997 subdiaconos
1790 933 1832 994 ad
1860 935 1953 995 altare

1152 1059 1273 1112 sersus,
1289 1039 1358 1100 dixit
1379 1040 1437 1098 alta
1461 1057 1531 1100 voce
1552 1039 1633 1116 quusi
1655 1037 1792 1117 legendo:
1814 1036 1952 1099 Exaudi

1154 1141 1297 1203 Christe:
1321 1139 1500 1212 subdiaconi,
1520 1138 1667 1199 auditores
1684 1149 1713 1200 et
1733 1138 1891 1199 secretarii
1903 1157 1951 1197 re·

1150 1242 1327 1323 sponderuat
1344 1240 1428 1300 simili
1450 1259 1530 1313 soce,
1552 1241 1635 1319 quasi
1655 1239 1788 1312 dicendo,
1813 1257 1872 1299 suo
1899 1257 1954 1299 or-

1151 1343 1215 1403 dine
1229 1353 1349 1402 stantess
1370 1342 1504 1402 Domina
1520 1353 1628 1403 nostra
1644 1341 1836 1403 Innocentio
1852 1363 1873 1402 a
1887 1342 1953 1402 Dea

1153 1444 1278 1503 decreta
1294 1460 1409 1503 suntme
1425 1441 1578 1520 Pontifici
1593 1452 1624 1501 et
1645 1441 1827 1503 universali
1843 1441 1953 1521 Papa,

1153 1541 1446 1620 aitt13quod'tertio
1473 1541 1584 1601 dictum
1613 1552 1654 1601 est
1680 1560 1733 1621 per
1760 1540 1950 1602 Cardinaleta

1151 1642 1356 1724 praedictum,
1383 1655 1413 1704 et
1446 1643 1528 1703 toties
1554 1641 1592 1701 ab
1617 1643 1681 1703 aliis
1711 1643 1872 1723 praedictis
1901 1662 1952 1704 re·

1150 1762 1295 1825 sponsam.

1193 1844 1300 1906 Deinde
1321 1844 1394 1905 idem
1409 1843 1571 1906 cardinalis
1585 1842 1718 1906 Senensis
1730 1844 1809 1905 dixit:
1830 1845 1952 1909 Salsa·

1152 1957 1204 2007 tar
1220 1946 1340 2007 uenat.
1361 1944 1536 2005 Subdiaconi
1550 1957 1578 2006 et
1594 1947 1643 2005 alii
1666 1946 1806 2024 praedicti
1823 1966 1952 2027 respon-

1123 2094 1127 2106 .
1152 2048 1272 2109 derunt:
1292 2047 1337 2108 Tu
1357 2047 1448 2122 illuns
1465 2048 1593 2129 adjuva.
1610 2045 1695 2115 Quod
1711 2048 1846 2109 similiter
1863 2051 1952 2109 tertia

1152 2170 1204 2231 pet·
1219 2149 1352 2210 Priorem
1368 2147 1549 2227 praedictum
1564 2146 1675 2208 dictum
1686 2159 1739 2220 est,
1753 2159 1783 2209 et
1794 2149 1881 2210 toties
1896 2168 1952 2229 per

1152 2251 1234 2311 illam
1266 2265 1444 2327 responsum.
1468 2244 1625 2323 Snbjunxit
1653 2259 1717 2327 pust
1746 2248 1818 2310 baec
1842 2248 1950 2311 Prior:

1153 2353 1269 2413 Sancte
1290 2350 1443 2411 hlichael:
1466 2360 1495 2410 et
1516 2350 1558 2410 illi
1577 2350 1801 2430 responderunt:
1834 2350 1881 2412 Tu
1906 2352 1952 2414 il·

1154 2454 1216 2514 lum
1238 2454 1364 2534 arijssau.
1384 2449 1421 2510 Et
1441 2451 1469 2509 id
1491 2452 1577 2511 semel
1600 2469 1651 2530 per
1679 2451 1813 2512 Priorem
1836 2463 1882 2512 est
1904 2453 1953 2514 di·

1153 2566 1232 2613 ctum
1247 2563 1276 2612 et
1290 2553 1377 2613 semel
1393 2571 1445 2631 per
1459 2552 1523 2611 illos
1537 2569 1718 2634 responsum,
1730 2553 1831 2631 sicque
1850 2552 1951 2617 laudes

1153 2651 1321 2724 continuati,
1341 2662 1428 2731 prout
1450 2652 1543 2712 inira:
1566 2653 1682 2713 Sancte
1704 2652 1840 2715 Gabriel
1858 2664 1917 2715 etc.

1196 2752 1303 2812 Deinde
1322 2752 1392 2812 dixit
1412 2752 1499 2812 Prior
1520 2752 1620 2812 eadem
1645 2772 1716 2813 racc
1738 2750 1841 2834 Kyrie
1862 2756 1950 2836 eley-

1154 2873 1221 2928 son,
1232 2865 1260 2916 et
1275 2855 1317 2914 illi
1337 2853 1545 2933 responderunt
1555 2852 1655 2936 llyric
1667 2856 1800 2935 eleyson.
1816 2854 1950 2917 Tandem

1154 2974 1252 3015 amnes
1268 2966 1295 3017 et
1312 2955 1409 3026 Prior,
1427 2973 1461 3015 ac
1480 2955 1565 3015 etiam
1584 2956 1632 3015 alii
1654 2956 1793 3036 praedicti
1815 2974 1886 3018 cum
1902 2960 1950 3019 in-

1154 3056 1239 3117 simul
1261 3055 1359 3117 eadem
1380 3075 1450 3117 roae
1467 3056 1601 3116 dixerunt
1621 3056 1721 3138 llyrie
1736 3060 1876 3140 eleyson.

1195 3154 1342 3216 Laudibus
1363 3157 1403 3216 sic
1425 3156 1542 3235 expletis
1561 3153 1667 3235 (qnae.
1679 3156 1747 3217 dum
1767 3157 1950 3235 dicerentur,

1154 3258 1232 3339 Papa
1251 3259 1323 3320 sedit
1342 3258 1371 3319 in
1391 3258 1464 3318 solio
1482 3275 1545 3329 suo,
1567 3267 1596 3317 et
1616 3256 1783 3320 Cardinales
1802 3276 1839 3319 ac
1861 3278 1950 3339 prae·

1155 3360 1204 3419 lati
1227 3377 1325 3420 omnes
1346 3358 1374 3416 in
1393 3359 1452 3417 suis
1474 3358 1544 3417 locis
1566 3376 1633 3417 cum
1656 3360 1751 3419 mitris
1771 3359 1910 3422 sedebant
1926 3363 1947 3441 l.

1152 3459 1241 3521 Prior
1256 3471 1284 3520 et
1299 3458 1347 3519 alii
1367 3455 1505 3537 praedicti
1521 3455 1668 3518 redieruut
1686 3457 1722 3517 ad
1742 3459 1805 3520 loca
1818 3478 1885 3533 sua,
1901 3464 1948 3521 vi-

1154 3560 1268 3631 delicet,
1291 3558 1378 3619 Prior
1395 3560 1424 3617 in
1439 3575 1530 3618 cornu
1553 3558 1689 3638 epistolae
1705 3560 1806 3620 altaris
1824 3561 1855 3622 in
1880 3581 1949 3623 sea-

1154 3664 1230 3725 bello
1247 3679 1300 3721 suo
1321 3661 1415 3732 sedit,
1437 3660 1484 3719 alii
1503 3660 1530 3719 in
1549 3674 1644 3734 terra,
1663 3671 1691 3721 et
1711 3661 1905 3723 subdiaconus
1920 3663 1949 3726 in

1154 3763 1218 3823 loeo
1253 3780 1306 3821 suo
1334 3760 1440 3831 solito,
1461 3759 1530 3819 dixit
1562 3759 1718 3839 Epistulam
1752 3763 1897 3836 latinam,
1918 3776 1949 3826 et

1153 3871 1217 3941 post
1236 3878 1304 3921 eum
1324 3860 1398 3918 alius
1417 3878 1563 3938 graecam,
1575 3871 1603 3920 et
1624 3860 1789 3921 continuata
1802 3872 1846 3922 est
1860 3862 1947 3923 tttssa

1153 3960 1254 4022 ordine
1274 3972 1411 4021 consueta
1432 3959 1510 4040 Papa
1527 3960 1700 4031 celebrante,
1722 3960 1812 4021 nihilo
1832 3965 1948 4043 penitas

1152 4061 1314 4121 immutato.
1336 4059 1400 4129 Qua
1423 4057 1512 4133 finita,
1527 4058 1604 4140 Papa
1626 4062 1655 4120 in
1676 4060 1761 4122 altari
1776 4064 1842 4124 'aine
1859 4064 1947 4125 mitra

1153 4160 1232 4221 dedit
1252 4158 1487 4233 benedictionem,
1508 4171 1537 4220 et
1554 4178 1611 4220 non
1632 4160 1851 4240 indulgentiam.

1194 4260 1267 4319 Data
1283 4261 1311 4318 iu
1323 4259 1408 4319 almri
1428 4259 1631 4333 benedictione,
1647 4261 1737 4342 Papa,
1752 4274 1866 4326 retento
1879 4265 1947 4343 pal·

1153 4360 1214 4433 lio,
1235 4378 1270 4420 ac
1291 4359 1423 4420 omnibus
1448 4362 1511 4422 aliis
1543 4365 1740 4441 paramentis,
1761 4366 1948 4444 t·eassumpsit

1153 4461 1269 4521 mitram
1291 4461 1457 4541 pretiosam,
1480 4463 1641 4524 chirotecas
1659 4475 1687 4524 et
1708 4465 1848 4524 annulum
1872 4483 1948 4544 pon-

1154 4560 1287 4624 tificalem
1308 4580 1342 4624 ae
1364 4562 1434 4621 alias
1455 4564 1853 4637 annulos,etaccessit,sella
1873 4583 1950 4645 por-

1154 4672 1240 4738 tatus,
1254 4664 1307 4723 sub
1330 4663 1501 4724 baldachino
1522 4663 1559 4722 ad
1579 4674 1748 4743 suggestum
1767 4665 1796 4723 in
1810 4666 1877 4727 loco
1892 4665 1949 4727 be·

1153 4765 1320 4826 nedictianis
1342 4776 1562 4845 praeparatam,
1586 4766 1822 4845 praecedentibus
1850 4767 1948 4848 ipsum

1153 4866 1285 4926 omnibus
1305 4865 1523 4944 cardinalibus,
1539 4866 1676 4945 praelatis
1697 4877 1726 4926 ct
1745 4867 1821 4938 aliis,
1837 4868 1948 4946 paratis

1153 4969 1182 5026 in
1203 4969 1263 5026 suis
1280 4967 1455 5046 paramentis
1475 4977 1503 5027 et
1525 4966 1618 5026 mitris
1639 4985 1674 5027 ac
1695 4969 1873 5028 ornamentis
1893 4987 1947 5029 seu

1154 5066 1308 5140 habitibus,
1328 5078 1417 5146 prout
1438 5066 1538 5126 missae
1560 5066 1762 5142 interfuerunt,
1782 5068 1948 5148 processio-

1155 5169 1339 5243 naliter,sine
1360 5178 1454 5228 tamen
1474 5169 1663 5229 luminaribus
1683 5180 1712 5231 et
1731 5170 1854 5230 incenso.
1866 5168 1947 5249 Papa

1155 5268 1183 5329 in
1212 5280 1349 5349 suggesto
1374 5270 1530 5331 constituto
1557 5269 1628 5330 sedit
1650 5268 1763 5330 insede
1789 5268 1947 5342 eminenti,

1153 5371 1258 5433 ibidem
1278 5370 1331 5430 sibi
1349 5352 1464 5448 'parata
1480 5368 1540 5440 ubi,
1558 5380 1706 5447 expectato
1727 5365 1805 5446 quod
1820 5368 1948 5447 populus

1153 5471 1272 5531 ecclesia
1293 5472 1394 5540 exiret,
1412 5480 1441 5529 et
1463 5469 1490 5527 in
1516 5468 1607 5548 platea
1631 5479 1874 5547 congregaretur,
1893 5486 1948 5529 ex·

1155 5584 1247 5633 tracta
1269 5590 1322 5651 per
1343 5568 1523 5631 cardinalem
1548 5566 1579 5627 S.
1601 5566 1721 5646 Georgii
1742 5566 1840 5639 mitra,
1858 5564 1946 5629 card.

1154 5673 1296 5745 Senensis,
1314 5670 1402 5730 Prior
1424 5668 1599 5749 praedictus,
1619 5667 1752 5747 imposuit
1770 5666 1865 5745 Papae
1884 5665 1947 5727 tte·
