4492 6859
348 599 410 661 ill

349 750 412 793 cern
436 733 464 793 in
497 731 615 792 modurn
646 730 708 805 lili,
732 731 792 793 sire
814 733 919 795 cordae
940 732 1141 812 grossitudinis

349 831 469 909 majoris
491 832 573 911 digiti
595 850 718 902 manos,
743 851 830 910 quem
852 834 938 912 capiti
967 852 1021 893 soo
1042 833 1142 912 impo-

348 933 417 1005 suit,
438 944 467 992 et
488 933 546 993 doo
569 933 673 994 vexilla
696 951 745 994 seo
764 932 938 1005 stendardu,
962 951 1052 993 unttm
1074 950 1142 993 com

349 1033 439 1093 armis
460 1035 540 1106 sois,
562 1044 591 1096 et
616 1036 786 1113 Aragonom
810 1034 1035 1111 inquarteratis,
1064 1032 1143 1110 qood

349 1133 527 1212 assignatum
548 1134 605 1193 fuit
627 1134 801 1214 portandum
815 1134 851 1193 D.
865 1133 1043 1195 Calceroudo
1063 1134 1142 1194 Bor-

255 1231 259 1240 '
349 1235 396 1313 gio
408 1234 493 1294 militi
506 1232 624 1295 Ordinis
631 1232 731 1294 Sancti
742 1233 881 1294 iohannis
895 1233 1141 1295 iherosolimitani

350 1334 437 1394 fratri
471 1334 508 1393 R.
530 1334 565 1393 D.
589 1334 675 1395 Card.
697 1333 802 1394 illontis
818 1334 933 1413 Regalis
956 1332 1081 1414 Legati,
1112 1343 1142 1395 et

350 1434 444 1509 uliud,
465 1453 599 1516 campum
628 1435 734 1495 habens
755 1436 895 1514 glaucum
916 1436 976 1497 sive
1000 1435 1141 1514 gnidoum

350 1547 380 1597 et
400 1536 473 1597 diros
494 1535 668 1596 monticulos
697 1554 780 1615 pares
813 1553 881 1595 cum
903 1536 993 1597 tertio
1025 1536 1068 1595 illi
1089 1552 1143 1594 su-

350 1638 497 1719 perposito
524 1648 552 1698 et
581 1639 689 1697 scolam
721 1653 841 1699 auream
875 1656 909 1697 ex
943 1637 1073 1716 passibus
1094 1653 1141 1697 ιιι.

349 1740 565 1817 aliquantolum
598 1759 649 1818 per
682 1750 883 1799 transversum
917 1738 1081 1801 tendentem
1113 1741 1143 1797 io

351 1840 465 1913 altum,
495 1841 573 1918 qood
606 1841 661 1901 fuit
691 1839 834 1900 traditum
866 1839 902 1900 D.
937 1840 1143 1902 Bartholomeo

352 1936 442 1998 Serra
464 1940 548 1997 militi
570 1937 605 1997 de
625 1938 732 1998 familia
747 1939 783 1999 D.
801 1940 865 2001 Don
880 1938 991 2001 lofredi
1012 1939 1142 2000 existenti

350 2039 534 2118 portandum.
551 2039 664 2108 Quibus
679 2041 807 2120 insigniis
823 2042 968 2121 receptis,
992 2041 1064 2101 idem
1081 2040 1142 2100 Don

350 2140 488 2201 lofredus
514 2141 656 2218 equitavit
678 2161 728 2221 per
751 2141 900 2222 Neapolim
934 2142 988 2201 hoc
1022 2141 1142 2202 ordine:

351 2253 570 2322 praecesserunt
604 2243 769 2316 tubicinue,
791 2255 819 2303 et
840 2241 1037 2315 fistulatores,
1071 2259 1143 2320 quos

352 2344 548 2422 sequebantur
570 2342 707 2415 Nobiles,
740 2353 768 2402 ct
800 2343 928 2403 Borones
949 2341 1142 2413 socordiae,

354 2444 472 2507 llluzerii
494 2444 594 2523 Regis,
617 2443 660 2503 illi
681 2443 738 2504 dtto
771 2453 934 2523 portatores
969 2445 1142 2503 vexillorum

354 2547 584 2626 praedictorum,
598 2544 744 2605 flavaldus
759 2544 847 2623 Regis
862 2561 950 2604 cum.
973 2588 981 2602 .
1005 2590 1012 2604 .
1037 2590 1045 2605 .
1068 2562 1083 2602 a
1099 2543 1143 2602 si·

354 2651 465 2720 nistris,
481 2659 543 2708 tutu
558 2646 622 2706 Don
642 2646 795 2718 lofredus,
817 2657 846 2708 et
866 2648 901 2706 ad
922 2643 985 2724 ejus
999 2646 1143 2706 sinistram

350 2749 415 2810 Doo
436 2748 606 2809 Eridericos
627 2749 717 2809 frater
734 2749 834 2827 Regis,
853 2769 926 2828 quos
949 2749 1145 2827 sequebantur

351 2849 399 2910 alii
420 2849 546 2910 Ilurones
565 2859 629 2929 post
646 2849 763 2928 Regios.
783 2849 845 2912 Non
863 2850 981 2930 perfecit
997 2850 1143 2911 circulum

353 2950 495 3022 solitum,
517 2952 584 3027 quia
606 2948 714 3028 insigne
736 2969 883 3024 aureum,
905 2952 983 3029 qood
999 2952 1028 3011 io
1051 2952 1144 3030 capite

353 3050 468 3112 detecto
489 3050 631 3130 gerebat,
652 3053 737 3111 nimis
769 3070 837 3113 eum
859 3054 1028 3132 premebat:
1059 3053 1144 3114 rediit

355 3163 506 3233 propterea
538 3152 572 3211 ad
603 3153 738 3214 Castrum
767 3152 884 3216 Novum
916 3174 974 3234 qao
1006 3157 1143 3217 exiverat.

352 3253 431 3314 llaec
452 3273 486 3314 ex
500 3253 704 3316 consuetudine
724 3252 907 3334 Neapolitana
923 3256 1065 3317 debebant
1081 3256 1144 3317 heri

353 3353 428 3414 facta
450 3354 559 3428 fuisse,
581 3355 628 3417 sed
649 3367 771 3436 propter
793 3361 1009 3419 coronationem
1032 3358 1145 3438 Regis,

353 3465 383 3516 et
414 3452 478 3532 ejus
503 3458 731 3535 equitationem,
758 3457 879 3520 fuerunt
906 3459 935 3519 in
962 3457 1046 3518 hodie
1072 3475 1146 3538 pro·

355 3567 468 3637 rogata.

396 3657 549 3718 [lominica
570 3676 616 3719 ιιι.
633 3659 701 3720 dicti
725 3659 828 3721 mensis
850 3660 918 3720 maii
937 3661 1010 3740 plait
1030 3678 1047 3719 a
1065 3678 1146 3738 mane

355 3778 406 3840 per
420 3768 514 3821 totum
528 3758 602 3820 diem
619 3761 697 3836 quasi
710 3760 882 3822 incessanter
899 3771 927 3821 et
944 3760 1145 3841 copiosissime.

357 3861 390 3920 ln
410 3878 495 3921 ntane
514 3857 644 3948 ejtrsdem
661 3861 727 3933 diei,
748 3863 826 3923 circa
849 3862 952 3923 horam
974 3879 1049 3936 xrtrt,
1071 3865 1148 3922 venit

357 3964 393 4022 ad
418 3963 578 4042 cappellam
600 3961 693 4023 Castri
714 3960 789 4024 Novi
812 3965 848 4024 R.
871 3965 906 4025 D.
928 3963 1057 4045 Legatos
1080 3983 1148 4026 cont

354 4063 435 4144 Rege
463 4063 616 4144 Alphonso
637 4082 653 4123 a
675 4065 796 4126 sinistris
817 4067 899 4138 suis,
931 4066 1053 4127 mediam
1075 4067 1148 4126 inter

359 4185 389 4227 se
411 4165 547 4227 ducentes
567 4183 620 4226 seu
638 4165 773 4227 habentes
794 4166 830 4226 D.
853 4169 988 4229 Sanciem
1010 4169 1046 4229 de
1068 4169 1148 4229 hra-

356 4266 442 4344 gonia
458 4264 586 4344 ejusdem
602 4263 689 4346 Regis
705 4264 795 4327 filiam
811 4267 1005 4346 illegitimam,
1016 4287 1148 4348 sponsam

355 4365 392 4424 D.
407 4364 531 4437 dofredi,
545 4366 781 4444 praecedentibus
795 4365 959 4442 Nobilibus,
976 4368 1148 4442 baronibus,

356 4477 386 4528 et
400 4465 557 4546 Regalibos
578 4485 630 4528 suo
652 4468 762 4530 ordine.
778 4468 845 4530 Don
860 4469 994 4531 lofredus
1010 4472 1148 4551 processit

357 4569 506 4646 proximos
519 4567 603 4646 Regi,
618 4579 646 4629 et
663 4568 773 4647 Legata
794 4588 810 4628 u
832 4571 938 4632 dextris
959 4572 1022 4632 Don
1043 4573 1149 4635 Eride·

358 4667 412 4727 rici
434 4667 534 4727 fratris
551 4667 649 4748 Regis.
665 4667 778 4738 Quibus
793 4682 859 4731 ante
875 4684 988 4751 portam
1003 4674 1149 4752 cappellae

817 598 1101 664 rott'rtrtctros
1123 597 1347 664 ttaxttotto
1365 603 1493 668 saxtt.

1890 595 2001 682 (ιιιι)

1208 753 1333 814 sponso,
1354 738 1404 814 qui
1423 735 1533 815 fingens
1554 753 1571 793 a
1592 733 1698 813 pollice
1718 731 1755 791 nd
1773 730 1897 811 digitum
1921 748 2000 790 eno·

1209 831 1300 894 larem
1321 845 1497 913 perventus,
1517 831 1610 894 eidem
1630 829 1722 910 digito
1740 830 1876 890 sinistrae
1896 846 2002 887 manos

1206 951 1325 1013 sponsae
1347 933 1436 994 infixit
1458 945 1486 994 et
1508 934 1654 1012 imposuit.
1676 929 1743 1001 ouo
1765 932 1904 1010 imposito
1926 928 2001 1009 Epi·

1209 1052 1318 1113 scopos
1339 1037 1459 1114 aspersit
1475 1052 1634 1114 sponsum,
1655 1042 1685 1092 et
1698 1050 1833 1111 sponsam
1854 1048 1937 1110 aqua
1954 1030 2003 1091 be-

1207 1135 1318 1198 nedicta
1332 1147 1359 1197 et
1376 1136 1495 1214 ingressi
1512 1147 1580 1195 sunt
1598 1135 1757 1213 cappellam
1774 1150 1873 1192 omnes
1895 1150 1934 1190 eo
1949 1148 2003 1191 or·

1208 1234 1273 1298 dine
1288 1244 1376 1316 prout
1392 1235 1484 1314 prius.
1503 1234 1648 1295 Pervento
1662 1232 1699 1292 ad
1712 1231 1921 1302 faldistorium,
1944 1227 2004 1289 Le·

1207 1347 1293 1416 gatos
1317 1347 1346 1396 et
1366 1334 1429 1395 Rex
1460 1336 1593 1396 feceruut
1624 1336 1784 1396 orationem
1818 1342 1887 1394 ante
1909 1334 2002 1392 altare

1208 1437 1236 1495 in
1257 1435 1424 1497 faldistoriis
1445 1435 1511 1514 ipsis
1542 1435 1647 1495 ibidem
1669 1434 1790 1513 paratis,
1809 1431 1943 1513 Legatos
1966 1431 2002 1490 ad

1208 1537 1339 1599 dextram
1362 1537 1459 1616 Regis.
1480 1537 1576 1597 Finita
1597 1537 1747 1608 oratione,
1770 1535 1902 1614 deposita
1933 1543 2004 1594 sunt

1208 1638 1293 1698 ambo
1311 1636 1491 1709 faldistoria,
1513 1647 1542 1697 et
1561 1647 1677 1717 portata
1697 1636 1735 1696 ad
1757 1636 1944 1706 thalamum,
1975 1645 2004 1695 et

1209 1739 1312 1797 ibidem
1333 1749 1451 1818 paratae
1483 1739 1558 1799 duae
1588 1738 1668 1800 sedes
1689 1737 1725 1798 de
1757 1737 1901 1798 brot-cato
1918 1732 2002 1812 juxta

1209 1855 1347 1911 morum,
1377 1856 1434 1898 ttno
1467 1856 1570 1899 versos
1600 1839 1691 1900 altare
1714 1857 1768 1917 pro
1792 1842 1927 1916 Legata,
1947 1838 2002 1896 alio

1206 1935 1290 2014 justa
1313 1940 1391 2000 illam
1415 1957 1517 1999 versos
1538 1949 1652 2019 portum
1669 1939 1818 2017 cappellae
1831 1957 1888 2017 pro
1908 1937 2002 2016 Rege:

1210 2039 1271 2100 Rex
1292 2039 1419 2100 ascendit
1452 2038 1617 2098 thalamum
1649 2038 1803 2099 adsedem
1836 2055 1923 2097 stram
1954 2038 2002 2097 abi

1209 2139 1307 2200 stetit:
1329 2136 1457 2218 Legatos
1479 2141 1583 2198 otottsit
1607 2139 1685 2218 apud
1704 2140 1796 2201 altare
1817 2149 1847 2198 et
1877 2155 1947 2198 com
1969 2155 2003 2199 aa

1208 2239 1276 2301 fecit
1297 2240 1501 2300 confessionem
1515 2237 1673 2318 Episcopus
1687 2240 1902 2309 celebraturos,
1924 2248 2003 2297 stam

1209 2341 1245 2400 od
1265 2342 1409 2401 sinistrum
1432 2339 1544 2419 Legati.
1565 2339 1660 2400 Firtitu
1681 2340 1858 2401 confessione
1875 2338 2003 2418 Legatos

1209 2440 1337 2502 ascendit
1368 2441 1549 2515 thalamum,
1581 2439 1630 2499 cui
1661 2440 1793 2501 occurrit
1815 2440 1879 2500 Rex
1911 2457 2005 2517 osque

1210 2543 1246 2602 ad
1280 2541 1522 2622 presbyterium,
1555 2539 1632 2620 qood
1665 2550 1762 2601 tannen
1795 2540 1853 2600 soit
1888 2551 2003 2620 praeter

1210 2643 1398 2704 caerimonias
1420 2640 1530 2703 debitas
1550 2650 1580 2702 et
1600 2650 1716 2721 praeter
1751 2659 1852 2702 veram
1882 2639 2005 2700 ordina-

1211 2745 1326 2805 tionem.
1349 2743 1457 2804 lbidem
1473 2743 1503 2802 in
1520 2742 1658 2814 thalamo,
1677 2753 1706 2803 et
1723 2743 1751 2802 in
1772 2741 1838 2802 sede
1853 2758 1908 2800 sua
1922 2749 2001 2800 stans

1213 2844 1354 2926 Legatos,
1370 2845 1547 2904 ministrante
1563 2842 1690 2905 Diacono
1705 2844 1888 2916 auriculam,
1906 2851 1937 2903 et
1959 2859 2006 2901 me

1211 2946 1409 3020 thnribulum,
1430 2946 1567 3025 imposuit
1589 2947 1746 3019 incensum,
1766 2945 1933 3026 Episcopus
1958 2944 2005 3003 in-

1210 3049 1337 3108 cerrsavit
1358 3048 1467 3120 altare,
1488 3056 1518 3106 et
1537 3047 1597 3124 ipse
1616 3046 1799 3120 incensatus,
1822 3057 1851 3106 et
1872 3062 1929 3105 non
1943 3043 2003 3106 Le-

1210 3161 1317 3229 gatos,
1345 3167 1438 3228 neque
1459 3147 1542 3210 Rex:
1565 3147 1654 3210 credo
1674 3158 1768 3208 tumen
1790 3145 1871 3224 qood
1893 3165 2003 3208 conve·

1210 3250 1320 3310 nienter
1352 3250 1499 3330 potuerint
1529 3249 1615 3311 ambo
1644 3251 1696 3329 ipsi
1725 3250 1872 3311 incensari
1892 3259 1921 3312 et
1943 3253 2005 3311 sine

1210 3353 1284 3413 male
1305 3352 1428 3424 fuisset,
1462 3351 1530 3429 quia
1552 3369 1604 3412 nec
1635 3347 1713 3431 Papa
1735 3353 1794 3413 sine
1826 3351 1952 3431 pluviali
1973 3362 2002 3412 et

1210 3460 1297 3516 mitro
1312 3455 1432 3517 existens
1448 3455 1612 3516 incensatur
1635 3454 1689 3513 nisi
1708 3463 1772 3533 post
1794 3450 2000 3514 Dflertoriom.

1212 3554 1424 3626 subdiaconus,
1450 3554 1528 3614 dicto
1550 3552 1692 3632 Epistola,
1712 3571 1768 3614 non
1790 3562 1832 3613 est
1854 3555 2007 3615 osculatos

1212 3675 1328 3717 manum
1348 3655 1449 3734 Legati
1467 3655 1517 3717 sed
1538 3655 1709 3716 celebrantis
1719 3676 1731 3728 3
1752 3654 1790 3714 ad
1810 3652 2006 3734 Evangeliom

1211 3758 1338 3837 Diacono
1352 3756 1445 3819 eidem
1464 3755 1575 3836 Legnto
1590 3758 1777 3828 traviculam,
1803 3768 1832 3816 et
1859 3775 1905 3817 me
1934 3755 2007 3816 tho-

1212 3861 1342 3922 ribolum
1366 3858 1611 3931 ministrantibus,
1635 3861 1771 3940 imposuit
1793 3860 1963 3933 incensum,
1977 3869 2007 3920 et

1211 3962 1363 4024 benedixit.
1379 3961 1487 4023 Deinde
1503 3980 1553 4040 per
1568 3960 1730 4023 Diaconum
1742 3961 1905 4040 Evangelio
1926 3959 2007 4020 dieto

1213 4075 1277 4145 post
1299 4063 1491 4142 Evangeliotn
1512 4062 1656 4143 Legatos,
1673 4074 1700 4123 et
1716 4063 1778 4124 Rex
1793 4063 1880 4122 simol
1902 4060 2007 4122 Evan-

1213 4167 1321 4245 geliom
1342 4177 1409 4226 strnt
1430 4163 1610 4238 deosculati;
1645 4175 1740 4226 tamen
1771 4167 1869 4222 minos
1889 4179 2003 4223 conre-

1214 4267 1348 4338 nienter,
1371 4267 1439 4343 quia
1461 4263 1590 4344 Legatos
1611 4265 1707 4344 primo
1722 4264 1842 4325 debebat
1864 4263 2004 4334 osculari,

1213 4366 1313 4428 deinde
1328 4366 1401 4438 Rex,
1417 4365 1497 4445 Rege
1512 4377 1606 4427 tamen
1626 4367 1707 4445 prius
1726 4366 1851 4425 invitato
1860 4385 1871 4438 ς
1892 4373 1924 4425 et
1939 4362 2006 4425 fue·

1215 4479 1285 4529 runt
1310 4488 1361 4549 per
1394 4467 1556 4528 Diaconum
1585 4467 1671 4529 ambo
1702 4465 1857 4541 insensati,
1879 4475 1910 4526 et
1931 4465 2006 4526 male

1213 4584 1247 4632 ut
1268 4589 1356 4650 sopra
1378 4570 1452 4643 dixi,
1473 4568 1535 4630 Rex
1556 4579 1620 4649 post
1641 4567 1800 4648 Legatum,
1819 4567 1942 4629 cuilibet
1962 4578 2007 4627 ter

1213 4673 1279 4733 dato
1294 4671 1453 4733 thuribulo.
1468 4669 1514 4731 Ad
1527 4669 1706 4732 ablutionem
1717 4667 1848 4747 Legatos
1861 4667 2006 4730 benedixit

360 4767 526 4848 praedictae
555 4770 744 4841 constitutis,
766 4770 837 4832 Rev.
861 4773 889 4832 in
911 4773 1027 4836 Christo
1056 4774 1088 4834 P.
1111 4774 1145 4833 D.
1212 4793 1318 4854 aquam
1333 4784 1362 4834 et
1381 4771 1559 4853 sacrificium
1575 4771 1753 4851 ponendum,
1776 4780 1805 4833 et
1820 4770 2007 4832 ministrante

359 4869 503 4931 Dottheos
523 4913 531 4942 ,
557 4872 717 4951 episcopos.
735 4871 918 4934 Grovinensis
938 4918 946 4946 ,
978 4874 1092 4935 blissam
1119 4878 1148 4936 in
1214 4877 1250 4936 R.
1266 4877 1300 4935 D.
1313 4874 1428 4936 lolimo
1440 4873 1582 4954 Episcopo
1593 4873 1740 4954 'fropiensi
1753 4874 1841 4952 Regis
1853 4873 2005 4952 cappella-

358 4970 434 5031 dicta
456 4972 584 5050 cappella
600 4971 801 5051 pontificaliter
816 4974 1015 5035 celebraturos
1029 5019 1037 5047 ,
1052 4978 1149 5036 omni-
1214 4998 1251 5039 rto
1264 4975 1381 5054 majori,
1393 4975 1518 5056 Legatos
1528 4975 1664 5056 imposuit
1676 4977 1836 5046 incensum,
1855 4975 2008 5036 celebrans

359 5070 416 5132 bus
437 5072 613 5150 paramentis
628 5071 836 5152 pontificalibus
858 5087 977 5153 paratos
997 5086 1027 5136 et
1040 5079 1149 5152 mitra,
1214 5078 1372 5139 incensavit
1390 5076 1622 5148 oblectoaltari‚
1641 5087 1669 5137 et
1687 5076 1745 5136 fuit
1766 5076 1930 5138 incensatus
1948 5078 2008 5156 ipse

356 5167 440 5248 juxta
472 5173 577 5231 ostium
600 5172 692 5234 dietae
714 5177 859 5256 cappellae
881 5194 949 5238 com
978 5178 1150 5257 cappellanis
1213 5180 1268 5251 his,
1279 5178 1406 5258 Legatos
1417 5187 1446 5239 et
1461 5177 1523 5237 Rex
1540 5187 1595 5247 ter,
1615 5178 1657 5238 eis
1672 5176 1825 5238 thoribolo
1847 5178 1940 5239 ducto
1953 5197 2008 5258 per

359 5275 419 5334 suis
448 5274 664 5352 superpelliceis
695 5276 804 5337 indutis
825 5275 977 5358 (quorum
999 5296 1074 5338 ontts
1096 5279 1150 5339 ba·
1215 5281 1387 5341 Diaconum.
1411 5278 1540 5357 Sponsus
1553 5287 1583 5339 et
1596 5297 1700 5358 sponsa
1723 5280 1821 5340 locum
1838 5279 2011 5342 habuerunt

361 5375 464 5435 culum
487 5373 615 5436 deferens
635 5380 794 5454 pastorale,
809 5379 927 5457 pluviali
944 5392 1061 5459 paratus
1075 5383 1151 5465 erat)
1214 5382 1242 5440 in
1265 5380 1359 5440 modio
1382 5380 1555 5460 presbyterii
1571 5381 1645 5441 inter
1660 5382 1752 5442 altare
1773 5389 1803 5442 et
1830 5379 2011 5455 thalamum,

360 5474 501 5534 benedixit
524 5476 650 5535 anitium
683 5495 768 5554 quem
794 5496 869 5539 onus
902 5480 1029 5541 militum
1056 5484 1150 5562 spousi
1217 5484 1302 5543 attari
1317 5482 1404 5544 facies
1422 5491 1573 5554 vertentes,
1588 5500 1709 5562 sponsus
1724 5481 2013 5562 addextramspou-

360 5593 460 5636 corum
484 5576 545 5655 ipso
559 5575 692 5655 episcopo
708 5577 844 5651 tenebat,
864 5591 893 5639 et
912 5597 987 5658 aqua
1004 5580 1149 5643 benedicta
1217 5603 1265 5644 sue
1285 5585 1348 5645 sire
1369 5583 1464 5645 nredio
1480 5629 1487 5644 .
1503 5627 1511 5642 .
1529 5628 1536 5643 .
1557 5595 1720 5662 .quantom
1732 5583 1936 5646 ,commoditas
1957 5603 2014 5665 po·

359 5679 500 5758 aspersit3
523 5690 586 5740 tum
605 5675 757 5758 episcopos
777 5680 896 5742 tradidit
909 5682 1031 5742 anoloni
1054 5683 1148 5763 ipsum
1214 5685 1361 5761 stolobat‚
1383 5694 1450 5748 ante
1471 5705 1502 5748 se
1521 5686 1655 5748 hahentes
1676 5685 1799 5766 quilibet
1822 5704 1920 5750 ouum
1937 5707 2014 5751 cos·
