4492 6859
295 589 357 651 m

772 583 1056 649 PONTlFlcd'l'US
1077 585 1303 650 ALEXANDRI
1324 586 1450 650 satiri.

1663 598 1666 602 ·
1763 545 1768 552 ’
1831 587 1944 675 (aaa,

294 726 478 807 sepulturam
499 725 590 786 bonae
604 722 761 785 memoriae
776 720 939 785 cardinalis
957 720 1080 783 'l’iraso-
1144 743 1197 804 per
1218 724 1329 785 bullam
1358 722 1463 785 ibidem
1483 723 1605 783 allisam.
1638 722 1714 785 Tum
1746 737 1937 786 arcuerunt

295 827 432 899 nensis,et
444 824 546 885 babuit
557 822 632 885 duos
641 822 752 904 gradus
763 833 888 883 motum:
901 820 1039 902 Episcopi
1049 832 1079 883 et

294 925 463 1006 Presbyteri
485 923 655 987 cardinales
675 922 814 985 sederunt
834 922 871 982 ad
892 919 958 1000 ejus
978 921 1081 983 dexte·

294 1045 370 1100 ram,
382 1037 411 1089 et
425 1025 544 1087 Diaconi
558 1022 728 1085 cnrdinales
741 1026 770 1084 in
784 1024 949 1103 oppositum
963 1040 1079 1095 eorum,

288 1125 375 1203 juxta
396 1145 543 1199 murum,
566 1126 603 1185 ad
624 1124 773 1186 sinisiram
795 1124 921 1205 episcopi
942 1124 1080 1183 assisten-

299 1230 357 1302 tis,
384 1237 414 1291 et
441 1227 527 1289 Prior
549 1226 793 1308 Presbyterorum
820 1226 848 1286 in
875 1225 1003 1288 scabello
1025 1242 1080 1285 suo

298 1339 437 1390 consueto
452 1328 528 1387 inter
547 1326 655 1407 Papam
676 1336 705 1388 et
719 1326 837 1399 Altare,
854 1322 998 1385 Oratores
1013 1323 1080 1384 laici

295 1432 324 1491 in
335 1446 452 1490 scamno
464 1427 649 1489 transuersali
659 1424 744 1504 juata
757 1426 919 1488 cancellum
930 1443 948 1483 a
962 1441 1081 1485 maman

296 1529 562 1611 Presbyterorum,
591 1539 620 1590 et
640 1527 856 1608 Episcoporum
882 1524 1080 1587 cardimlium

301 1647 393 1708 usque
414 1629 449 1690 ad
471 1631 577 1691 ostium
595 1629 632 1689 ab
650 1629 708 1689 alia
723 1641 816 1709 parte:
835 1627 1031 1688 interuallum
1052 1634 1081 1686 at

295 1749 446 1793 scamnum
472 1730 671 1792 Diaconorum
689 1729 888 1791 cardinalium
908 1728 964 1788 fuit
985 1726 1080 1787 simile

297 1850 447 1893 mannum
468 1832 606 1912 positum,
628 1832 657 1891 in
679 1849 739 1908 quo
755 1830 854 1890 nullus
875 1829 959 1901 sedit,
979 1827 1030 1888 sed
1043 1826 1080 1885 ab

295 1945 378 1996 estra
398 1933 502 1994 ibidem
517 1943 660 1995 steterunt
681 1934 818 1994 mulieres
832 1931 861 1992 in
883 1948 1008 1991 numero
1026 1946 1082 1990 eo·

200 2020 203 2027 ’
298 2034 395 2113 pinso,
407 2050 481 2112 qnae
495 2034 628 2114 perinde,
638 2043 739 2096 amoto
752 2036 831 2094 omni
849 2032 1010 2104 obstaculo,
1024 2049 1082 2111 po·

296 2145 417 2197 luerunt
435 2132 531 2198 ridere
542 2135 713 2198 Pontificem
723 2147 752 2198 et
766 2135 863 2196 omnia
878 2152 951 2213 quae
966 2134 994 2193 in
1009 2150 1081 2213 cap·

296 2238 373 2315 pella
387 2234 501 2297 debant.
522 2237 695 2315 crpitanens
708 2234 859 2298 Ecclesiae
880 2234 946 2293 Dux
967 2231 1081 2307 Sorae,

295 2348 325 2399 et
341 2337 406 2397 Dbu
420 2337 557 2398 lofredus
574 2356 663 2417 nepos
683 2337 779 2417 Papae
796 2382 805 2411 ,
824 2336 949 2398 Senator
968 2333 1081 2408 Urbis,

299 2437 398 2499 cnido
429 2438 534 2500 comes
555 2438 934 2506 &cruentarentur
955 2435 1081 2498 Ursinus

298 2539 389 2599 frater
407 2537 569 2600 cardinalis
588 2539 699 2616 Ursini,
719 2550 749 2601 et
771 2539 888 2618 quidam
906 2538 983 2599 alius
1004 2535 1081 2597 Daro

297 2637 434 2699 sederunt
458 2638 487 2699 in
508 2639 648 2719 gradibus
668 2641 752 2714 solii,
774 2640 825 2701 alii
855 2641 983 2702 Berones
1005 2655 1082 2716 quo-

298 2755 366 2798 rnm
387 2738 484 2800 adbuc
506 2740 592 2800 multi
614 2750 710 2813 erant,
730 2749 873 2801 streterunt
894 2757 962 2799 cum
983 2738 1083 2817 paucis

298 2839 442 2901 serstiferis
475 2840 569 2920 Papae
590 2840 688 2901 intra:
707 2837 790 2916 juxta
823 2841 931 2901 ostium
963 2838 1083 2898 cancelli

299 2939 478 3015 subdiaconi,
490 2938 642 3016 Oratores,
656 2951 686 3002 et
701 2941 807 3003 Clerici
826 2940 975 3003 &meraca
984 2941 1082 3001 dcco-

298 3040 364 3119 lyti,
384 3039 565 3102 cubicularii
585 3051 615 3104 et
635 3041 775 3103 Advocati
795 3041 931 3102 sederunt
952 3041 980 3101 in
1003 3052 1082 3102 terra

299 3157 381 3202 more
400 3153 548 3204 consueto.
570 3142 697 3204 Praelati
716 3161 789 3204 sero
809 3140 952 3203 Oratores
973 3152 1002 3202 et
1030 3141 1081 3202 alii

296 3242 420 3321 praelati
439 3243 576 3306 sederunt
598 3245 627 3304 in
648 3243 763 3306 sedibus
783 3244 812 3304 in
834 3243 926 3304 cboro
939 3243 1081 3305 Fratrum

297 3342 327 3404 in
347 3362 450 3405 eorum
468 3346 567 3426 cappis
582 3347 650 3407 satis
670 3346 861 3408 incommode.
883 3345 993 3405 Habuit
1009 3362 1083 3425 pro-

297 3454 396 3521 pterea
417 3463 533 3506 meeum
554 3447 641 3526 plura
664 3446 754 3507 rerba
778 3448 930 3527 episcopus
950 3445 1082 3507 Pacensis

299 3538 411 3603 Orator
434 3543 525 3623 Regis
545 3546 721 3624 Hispaniae,
743 3546 843 3623 quiin
866 3544 959 3606 cboro
987 3545 1083 3625 Papae

304 3659 372 3701 cum
395 3644 569 3722 quibusdam
590 3646 651 3716 suis
672 3645 790 3725 collegis
801 3643 976 3706 Oratoribus
995 3665 1084 3726 prae-

302 3742 367 3803 latis
388 3744 486 3805 sedere
507 3746 601 3807 soluit
621 3746 651 3807 in
669 3746 727 3806 alio
756 3763 874 3807 scamno
895 3748 1083 3806 transversali

301 3838 384 3917 justa
406 3845 547 3908 Diaconos
564 3846 731 3910 cardinales
755 3849 859 3928 posito.
891 3847 1034 3928 Respondi
1054 3847 1082 3907 id

301 3941 365 4005 deri
393 3964 449 4007 non
477 3948 602 4022 debere,
623 3949 702 4027 qnod
725 3950 779 4029 ipsi
799 3949 836 4009 ab
865 3948 928 4010 aliis
948 3950 1082 4030 praelatis

298 4059 476 4126 reparentur.

339 4148 435 4209 Finito
455 4161 553 4211 autem
573 4152 669 4213 officio
689 4151 765 4213 idern
797 4151 931 4213 Pacensis
953 4153 1018 4213 illos
1047 4153 1082 4213 de

299 4247 492 4312 Fraternitate
513 4251 693 4331 inculpavit,
706 4271 834 4314 assereus
856 4253 933 4332 ipsos
953 4252 1082 4314 debuisse

298 4349 469 4424 ordinasse,
490 4352 567 4431 quod
584 4355 706 4433 praelati
726 4373 825 4415 omnes
846 4356 943 4415 locum
962 4354 1082 4417 habuis·

298 4461 361 4509 sent
382 4452 410 4510 in
432 4451 525 4513 cboro
546 4471 614 4513 cum
635 4452 791 4527 Pontifiee,
813 4466 903 4536 prout
933 4475 1008 4516 unno
1028 4476 1081 4516 su-

298 4550 403 4628 periori
426 4568 457 4612 rr.
476 4570 563 4615 cccc.
584 4572 736 4618 cxxxxu.
759 4558 856 4618 furerat
876 4558 1081 4631 observatum,

298 4650 328 4709 in
350 4667 412 4727 qno
437 4653 504 4711 satis
527 4653 629 4714 bonam
653 4657 793 4718 rationem
816 4658 938 4732 babuit,
957 4667 987 4720 et
1008 4659 1080 4719 mibi

298 4750 352 4831 ipsi
373 4752 460 4833 longe
483 4756 697 4817 courenientius
720 4757 894 4833 videbatur,
914 4770 944 4821 et
967 4760 1081 4820 ridetur

299 4854 339 4913 sic
360 4848 448 4928 fieri,
470 4872 558 4932 quarn
579 4856 816 4938 solosprselatos
837 4880 853 4919 a
873 4860 965 4922 choro
987 4860 1082 4943 Papae

298 4973 450 5035 separare,
471 4957 594 5020 maxime
626 4976 694 5019 cnm
716 4958 825 5020 cborus
846 4961 905 5041 ipse
935 4973 993 5024 tans
1015 4983 1081 5023 am·

299 5059 367 5137 plus
388 5059 425 5118 sit
444 5068 473 5119 et
494 5046 663 5138 spatiosus,
678 5061 756 5139 quod
778 5062 805 5119 iu
827 5081 861 5123 eo
882 5082 979 5124 ornnes
998 5083 1081 5125 com-

300 5158 384 5221 mode
405 5159 497 5221 locari
518 5161 635 5240 possint.
657 5160 795 5224 cantores
822 5163 913 5223 nostri
938 5174 1081 5226 steterunt

299 5273 381 5323 retro
402 5262 515 5334 altare,
537 5261 657 5340 quidam
678 5283 713 5325 ex
733 5263 773 5325 eis
801 5265 830 5324 in
850 5265 1083 5344 superpelliciis,

299 5360 417 5438 quidam
437 5363 506 5423 sine.
527 5362 622 5421 Finita
641 5362 749 5438 Missa,
771 5374 799 5426 et
821 5363 1013 5427 benedictione
1028 5386 1080 5446 per

299 5459 407 5542 Papam
429 5461 516 5536 data,
538 5481 595 5525 non
617 5464 737 5525 fuerunt
757 5465 837 5525 datae
869 5465 1080 5546 indulgentiae,

299 5561 369 5638 qnia
391 5563 420 5621 in
439 5575 524 5642 porta
541 5566 679 5627 eeclesiae
699 5566 860 5646 publicatae
881 5567 1000 5629 fuerunt
1015 5569 1079 5649 ple·

198 5738 201 5743 f
298 5664 395 5724 uariae
416 5682 467 5743 per
490 5664 603 5725 Sistuns
625 5665 735 5746 Papam
757 5664 901 5736 Quartum
931 5686 1080 5731 concessae

1145 824 1182 883 sd
1213 822 1384 886 Pomiiieesn
1405 824 1567 885 confratres
1600 825 1849 888 confraternitatis
1869 828 1934 889 Aa·

1146 924 1295 987 nunciatae
1332 943 1399 985 cum
1431 924 1533 995 bacili,
1556 925 1586 985 in
1620 930 1682 1003 quo
1716 925 1797 1007 Papa
1826 927 1939 989 obtulit

1145 1026 1272 1106 propriis
1304 1025 1436 1085 manibus
1468 1024 1589 1085 ducatos
1620 1043 1706 1087 xxii.
1729 1026 1757 1088 in
1791 1044 1872 1089 auro
1894 1029 1938 1091 rel

1146 1128 1249 1198 circa,
1269 1135 1299 1185 et
1330 1125 1365 1183 D.
1386 1125 1561 1187 Franciscus
1593 1125 1700 1204 Dosgia
1734 1127 1939 1191 cubicularius

1146 1242 1217 1284 snus
1242 1224 1374 1285 carlenos
1407 1236 1524 1285 eentum
1556 1242 1646 1285 noros
1670 1226 1715 1287 rei
1744 1228 1837 1288 eirea.
1862 1228 1940 1291 Dixit

1146 1335 1240 1385 maren
1261 1336 1358 1403 postea
1392 1325 1467 1386 idem
1489 1325 1525 1386 D.
1547 1326 1723 1389 Franciseus
1749 1327 1826 1389 mibi
1848 1329 1887 1391 ab
1907 1350 1940 1393 eo

1147 1426 1264 1504 petenti,
1280 1425 1388 1505 Papam
1404 1443 1434 1485 r..
1449 1426 1571 1488 ducatos
1591 1428 1622 1487 in
1643 1446 1721 1490 auro
1740 1429 1897 1505 obtulisse,
1911 1442 1939 1493 et

1147 1525 1242 1605 ipsum
1270 1541 1317 1585 nc.
1342 1528 1493 1599 carlenos,
1524 1526 1601 1605 quod
1622 1546 1678 1608 ego
1708 1549 1744 1590 ex
1778 1532 1941 1609 quantitate

1149 1642 1201 1703 per
1231 1643 1277 1686 me
1299 1624 1360 1685 sisa
1383 1643 1487 1687 verum
1520 1646 1580 1688 esse
1598 1624 1733 1705 judicare
1765 1648 1825 1691 non
1848 1632 1939 1711 potui.

1146 1726 1339 1787 accesserunt
1359 1726 1460 1787 deinde
1481 1727 1566 1789 iidem
1588 1729 1750 1791 confratres
1772 1730 1811 1790 ad
1832 1731 1940 1792 cardi-

1148 1828 1248 1899 nales,
1270 1827 1320 1903 qui
1342 1827 1512 1889 obtuleruut
1529 1830 1657 1909 singuli,
1677 1844 1768 1911 prout
1788 1833 1861 1913 ipsis
1874 1836 1940 1914 pia·

1148 1927 1218 1988 cuit.
1250 1928 1371 1988 laterim
1392 1929 1657 1991 accesseruntduo
1688 1932 1738 1991 aiii
1773 1935 1939 1996 confratres

1148 2046 1216 2088 eum
1234 2028 1291 2088 alio
1311 2027 1422 2102 bacili,
1443 2039 1472 2089 et
1485 2028 1584 2089 bursis
1599 2047 1667 2091 xri.
1684 2030 1713 2090 in
1731 2049 1866 2111 quarum
1881 2037 1941 2096 sin-

1147 2129 1224 2209 guiis
1242 2140 1326 2190 ernist
1346 2128 1470 2192 florenos
1485 2148 1581 2194 cxxv.
1604 2150 1739 2194 romanor
1755 2135 1787 2195 in
1802 2137 1937 2198 enrlenns

1148 2247 1204 2310 pro
1224 2248 1292 2292 xri.
1314 2231 1419 2310 puellis
1450 2232 1643 2305 maritandis,
1674 2252 1749 2312 quae
1774 2239 1938 2300 successise

1149 2343 1290 2393 venerunt
1311 2345 1376 2393 ante
1393 2331 1561 2396 Pontificem
1579 2352 1647 2395 curn
1660 2335 1783 2415 singulis
1798 2338 1939 2408 matrom‘s

1148 2431 1266 2491 dmtera
1281 2449 1368 2492 manu
1391 2434 1464 2513 ipsas
1490 2433 1680 2508 ducentibus,
1698 2435 1804 2513 qtsibus
1830 2439 1935 2517 puellis

1148 2533 1271 2612 singulis
1292 2533 1370 2615 Papa
1392 2534 1467 2595 dedit
1488 2536 1616 2614 singulas
1637 2534 1740 2596 bursas
1746 2553 1757 2610 ς
1774 2554 1852 2615 quas
1873 2537 1940 2602 illae

1149 2635 1316 2715 recipientes
1345 2635 1555 2697 osculabantur
1577 2635 1678 2716 pedem
1708 2635 1805 2717 Papae
1827 2650 1942 2719 etpost

1148 2753 1196 2796 eas
1217 2734 1374 2799 Matronae.
1398 2737 1465 2809 Orio
1486 2742 1563 2803 facto
1584 2742 1716 2804 Pontifex
1736 2742 1807 2805 fecit
1829 2742 1941 2804 oratio·

1149 2852 1214 2895 nem
1247 2837 1277 2896 in
1308 2838 1468 2901 faldistorio
1488 2853 1556 2904 ante
1577 2844 1690 2916 altare3
1713 2842 1828 2917 deinde,
1850 2842 1943 2924 depo·

1149 2936 1203 2999 sito
1218 2938 1338 3017 pluviali
1352 2951 1380 3001 et
1399 2942 1504 3013 mitra,
1523 2954 1705 3023 reassumpto
1727 2944 1873 3023 capucinn
1886 2944 1938 3005 sub

1148 3038 1243 3113 stola,
1267 3038 1343 3100 venit
1362 3040 1400 3100 ad
1421 3044 1582 3122 cappellam
1611 3062 1716 3105 noram
1737 3044 1938 3107 Anauncintae

1150 3157 1200 3217 per
1222 3140 1295 3201 ller.
1317 3143 1352 3201 D.
1375 3130 1558 3206 cardinalem
1577 3143 1796 3226 Neapolitanum
1822 3148 1943 3209 factam.

1149 3239 1237 3314 Turn,
1249 3260 1366 3303 ascenso
1382 3262 1470 3322 equo,
1482 3254 1551 3305 ante
1567 3247 1671 3307 ostium
1686 3245 1879 3327 principalem
1889 3267 1941 3308 ec·

1149 3342 1251 3403 clasiae
1272 3362 1325 3423 per
1347 3342 1425 3404 siem
1448 3343 1572 3407 Sanctae
1597 3346 1706 3408 Mariae
1733 3348 1763 3407 in
1787 3348 1836 3409 ria
1849 3346 1942 3426 Irata,

1149 3441 1251 3504 deiude
1270 3444 1307 3503 ad
1325 3446 1492 3520 sinistram,
1515 3447 1561 3506 vin
1579 3460 1660 3509 reeta
1686 3448 1766 3511 venit
1784 3449 1824 3511 ad
1844 3452 1940 3514 eccle·

1149 3543 1219 3602 siam
1236 3543 1359 3606 Sanctae
1377 3546 1487 3608 Mariae
1501 3547 1536 3609 de
1558 3548 1693 3630 Populo,
1713 3568 1805 3614 eruce
1819 3562 1853 3615 et
1865 3552 1942 3615 cn·

1150 3643 1294 3705 dinalibus
1315 3646 1575 3725 praecedentibus,
1602 3661 1634 3710 ut
1654 3650 1760 3730 prinae
1782 3649 1837 3712 nbi
1864 3652 1938 3713 facta

1149 3748 1278 3807 oratione
1292 3758 1357 3808 ante
1376 3749 1480 3821 altare,
1494 3749 1599 3810 obtulit
1614 3769 1703 3832 snper
1724 3750 1799 3813 illud
1819 3769 1866 3817 xr
1880 3753 1937 3815 dn·

1149 3850 1288 3923 catos,si
1313 3849 1455 3910 Dominus
1477 3850 1650 3911 Franciscus
1671 3852 1782 3931 liorgia
1814 3850 1939 3915 cubicu-

1148 3948 1239 4009 iarius
1270 3966 1341 4009 sirus
1374 3967 1480 4010 verum
1512 3951 1581 4011 mibi
1615 3952 1726 4013 retulit.
1759 3951 1937 4015 Demeeadit

1148 4049 1250 4109 deinde
1280 4067 1390 4127 equum
1421 4060 1450 4110 ct
1471 4069 1523 4130 per
1556 4050 1721 4113 breuiorem
1743 4052 1824 4113 riam
1853 4048 1935 4131 insta

1149 4150 1255 4212 numen
1277 4151 1363 4211 rediit
1390 4150 1426 4211 ad
1448 4151 1611 4232 palatium,
1632 4150 1839 4214 cardinalibus
1859 4157 1936 4216 eirca

1148 4264 1263 4332 pontem
1285 4252 1385 4312 Sancti
1417 4254 1519 4333 angeli
1552 4254 1715 4316 licentiatis.
1737 4255 1939 4317 iuterfuerunt

1111 4432 1119 4443 .
1147 4370 1228 4416 xvir.
1251 4352 1421 4415 cardinales
1442 4353 1576 4415 omnibus
1594 4356 1770 4434 praemissis,
1787 4356 1938 4428 videlieet,

1149 4452 1363 4534 Neapolitanus,
1379 4452 1411 4514 S.
1430 4454 1542 4516 iliarine
1557 4454 1587 4514 in
1606 4455 1739 4528 Portieu,
1759 4454 1947 4517 Ulixbonen··

1148 4558 1197 4630 sis,
1217 4567 1246 4617 et
1267 4554 1502 4631 llacbanateosis,
1522 4556 1693 4638 Episcopi3
1716 4556 1748 4618 S.
1771 4555 1938 4630 clementis,

1148 4656 1320 4731 leunensis,
1351 4657 1394 4718 De
1417 4656 1603 4732 Comitibus,
1625 4658 1816 4732 Parmensis,
1842 4660 1934 4721 Dene-

1148 4769 1304 4832 rentnnus,
1326 4757 1449 4820 Sanctae
1470 4760 1646 4832 Anastasiae,
1666 4758 1773 4821 Montis
1793 4758 1934 4839 Regalis,

1147 4859 1316 4933 etUr·siuas,
1329 4858 1511 4941 Presbyteri
1512 4882 1524 4931 ,-
1534 4859 1677 4933 Senensis,
1689 4859 1789 4921 Sancti
1803 4858 1935 4940 Georgii,

1148 4959 1294 5034 Sabellus,
1315 4960 1593 5036 vicecancellarius,
1615 4973 1645 5023 ct
1668 4961 1768 5023 Sancti
1790 4960 1935 5037 Severini,

1148 5061 1298 5123 Diucom'.
1314 5062 1463 5123 intellecto
1483 5081 1535 5142 per
1556 5080 1602 5123 me
1616 5062 1679 5124 beri
1696 5062 1775 5141 quod
1793 5062 1935 5125 Sanctiss.

1147 5160 1183 5222 Ι).
1206 5160 1240 5222 Ν.
1260 5165 1445 5242 equitaturus
1462 5176 1548 5238 erat,
1570 5167 1673 5244 rogari
1689 5165 1763 5226 iles.
1786 5164 1823 5225 D.
1848 5166 1933 5227 Vice-

1148 5264 1354 5326 caneellsrium
1364 5309 1374 5340 ,
1395 5276 1428 5325 ut
1449 5265 1605 5345 procidere
1623 5266 1795 5345 dignaretur
1813 5284 1850 5328 ne
1867 5284 1935 5347 gens

1147 5366 1292 5445 armigera
1315 5366 1370 5426 SS.
1393 5365 1428 5424 D.
1451 5364 1485 5426 N.
1508 5367 1693 5445 praecederet
1713 5378 1742 5427 et
1760 5379 1933 5446 sequeretur

1147 5467 1297 5529 inordina
1327 5477 1449 5541 nostro,
1482 5469 1531 5530 sed
1552 5470 1576 5529 si
1598 5488 1655 5549 pro
1684 5486 1737 5530 sna
1756 5471 1936 5543 securitate,

1147 5588 1249 5630 eorum
1271 5587 1359 5648 opera
1381 5568 1424 5628 uti
1447 5569 1547 5643 vellet,
1566 5588 1616 5631 eos
1636 5569 1672 5629 ad
1694 5570 1760 5630 loca
1781 5579 1812 5632 et
1833 5581 1939 5631 stratas

1147 5680 1293 5751 suspectas
1314 5668 1511 5750 praemitteret
1531 5678 1561 5732 et
1582 5669 1752 5753 deputaret3
1769 5672 1850 5750 quod
1864 5671 1936 5734 idern
