4492 6859
249 612 361 697 (ram)
437 614 439 617 ’

249 752 333 812 storii
365 753 441 813 venit
462 750 499 809 ad
517 749 663 810 Palatium
684 762 718 813 ut
739 749 794 812 88.
823 749 859 810 D.
889 750 924 812 Ν.
949 752 1032 815 inre·

248 853 332 913 niret.

289 950 400 1011 Eodem
421 968 487 1010 sero
508 946 603 1028 (teria
625 951 748 1026 quinte,
771 952 908 1030 vigesima
930 964 1035 1030 quarta

247 1050 352 1111 mensis
372 1048 557 1129 decembris)
577 1061 642 1128 post
665 1069 808 1128 resperas,
820 1052 894 1112 ensis
920 1053 949 1111 in
970 1071 1035 1111 ma-

247 1151 347 1211 tutinis
369 1146 456 1225 hujus
478 1152 570 1209 noctis
598 1168 697 1209 coram
721 1150 776 1210 88.
805 1152 842 1210 D.
863 1150 898 1211 N.
919 1153 1033 1231 portari

247 1252 362 1323 solitus,
378 1260 492 1311 secreto
513 1251 614 1309 missus
638 1250 747 1311 suited
765 1271 910 1312 cameram
929 1253 1032 1313 Sacri-

247 1362 318 1424 stac,
333 1350 456 1421 etmihi,
471 1370 521 1428 per
540 1350 697 1410 Dominum
716 1353 927 1413 liernardinum
942 1353 1033 1414 Gam-

248 1451 328 1512 beria
339 1462 485 1512 secretum
507 1451 730 1525 cubicularium,
745 1453 864 1527 dictum,
877 1454 931 1538 88.
946 1454 981 1513 D.
998 1454 1032 1515 N.

249 1570 306 1613 nou
329 1561 484 1612 venturum
506 1550 560 1610 bac
590 1563 673 1612 nocte
691 1552 728 1612 ad
750 1555 940 1627 matutinum
956 1554 1034 1632 quod

248 1664 343 1713 tamen
362 1650 433 1715 mihi
454 1663 596 1711 secretum
612 1654 736 1714 retinere
755 1654 898 1715 deberem:
911 1655 1035 1715 remansi

245 1752 346 1814 eadem
373 1760 457 1812 nocte
485 1753 512 1809 in
543 1753 650 1831 palatio
675 1755 831 1832 apostolico
861 1757 888 1815 in
919 1774 1034 1816 camera

245 1849 330 1928 justa
354 1853 446 1913 scalas
466 1871 500 1913 ex
522 1870 636 1914 camera
666 1859 825 1934 paramenti
852 1856 889 1915 ad
915 1857 1033 1917 liortum

246 1964 391 2014 secretum
412 1952 598 2026 descendens,
613 1956 700 2015 solus.

289 2054 360 2114 llari
378 2050 441 2133 (die
452 2056 545 2132 prima
561 2056 663 2115 mensis
680 2053 812 2130 junuarii
826 2055 964 2136 liuerunt
981 2076 1034 2118 re·

711 609 993 679 torismundus
1014 611 1236 679 lNNOCENl'll
1257 611 1410 677 OCTAVl.

1826 624 1888 685 tot

1105 752 1210 813 utitatis
1222 749 1300 812 Suae
1312 752 1414 831 collegi
1431 772 1531 814 versus
1551 756 1747 839 infrascriptos
1768 771 1798 821 et
1817 780 1888 822 ora·

1101 852 1269 928 tiones,qui,
1283 862 1311 913 et
1327 871 1401 929 quae
1417 852 1487 914 baie
1499 855 1569 915 mibi
1584 859 1737 919 conuenire
1751 860 1889 923 rideban-

1102 962 1161 1021 tur,
1177 962 1207 1013 et
1227 957 1396 1012 ostensimus
1406 971 1465 1026 eos,
1476 965 1503 1015 et
1515 974 1563 1016 eas
1581 956 1732 1019 Sanctitati
1753 959 1841 1036 Suae,
1855 974 1888 1024 ut

1099 1052 1220 1128 eligeret
1238 1071 1272 1113 ex
1292 1053 1332 1112 eis
1358 1071 1429 1129 quos
1451 1065 1479 1115 et
1503 1073 1574 1130 quas
1595 1067 1650 1117 etc.

1142 1151 1249 1212 Eadem
1266 1152 1309 1212 die
1325 1153 1418 1231 prima
1433 1151 1560 1229 jactantii
1578 1156 1632 1217 leci
1647 1158 1799 1236 prandium
1817 1177 1884 1220 eum

1102 1252 1288 1322 cubiculariis
1309 1253 1437 1327 sectetis,
1460 1265 1488 1315 et
1511 1268 1630 1334 peracto
1648 1260 1767 1338 prandio
1784 1260 1888 1320 ostensi

1101 1371 1202 1413 uersus
1227 1353 1390 1433 praedictos
1409 1372 1477 1414 cum
1502 1358 1677 1418 orationibus
1699 1358 1754 1421 88.
1782 1358 1817 1421 Ι).
1839 1359 1889 1434 Ν.,

1092 1453 1151 1529 uni
1178 1472 1212 1514 ex
1240 1452 1370 1514 versibus
1399 1455 1485 1533 elegit
1507 1457 1633 1534 primum
1655 1460 1712 1521 udi
1731 1473 1888 1542 mammet

1101 1552 1265 1613 nrirabilio
1285 1564 1351 1625 ete,
1372 1554 1501 1625 tertium,
1515 1555 1669 1629 decimum,
1690 1559 1886 1634 undecimum,

1101 1650 1242 1714 decimum
1259 1664 1407 1731 quartum,
1424 1664 1453 1714 et
1474 1657 1627 1718 meandum
1640 1662 1810 1735 orationem,
1830 1661 1887 1723 ubi

1100 1753 1293 1833 omnipotens
1305 1764 1450 1814 aeternae
1464 1754 1549 1817 Deua
1566 1777 1674 1820 utttttuo
1685 1779 1751 1819 mea
1761 1771 1829 1832 etc,
1841 1759 1889 1820 di·

1100 1852 1182 1915 cend.
1205 1864 1237 1913 ut
1257 1871 1346 1932 supra
1356 1874 1367 1925 3
1390 1865 1419 1913 et
1439 1854 1508 1931 quia
1528 1856 1666 1918 Dominus
1681 1860 1887 1934 Bernardinus,

1100 1954 1249 2033 episcopus
1270 1953 1403 2014 Pacensis
1422 1953 1508 2032 Regis
1526 1956 1677 2036 Hispaniae
1692 1955 1803 2021 Orator
1818 1956 1887 2040 (2),

1101 2052 1216 2112 blissam
1237 2051 1311 2111 dicta
1333 2052 1378 2112 die
1396 2053 1612 2128 celebraturus,
1631 2057 1789 2119 notificavit
1814 2058 1886 2118 mibi

247 2172 350 2233 sperae
359 2154 636 2216 sotemaasineaoen
644 2158 780 2235 cappella,
788 2158 864 2237 Papa
876 2170 1034 2238 praesente,
1065 2148 1069 2242 Ι
1102 2153 1157 2214 88.
1174 2154 1210 2213 D.
1222 2151 1256 2214 N.
1270 2155 1438 2215 concessisse
1463 2156 1540 2232 quod
1561 2156 1589 2215 in
1604 2156 1677 2217 dicta
1688 2158 1784 2230 Missa,
1797 2176 1887 2236 quam

247 2266 279 2318 et
297 2256 530 2336 offitiumagcnta
544 2274 625 2318 more
642 2270 803 2332 consuet03
826 2260 929 2338 qtribus
950 2258 1036 2319 linitis

249 2355 307 2420 88.
327 2356 363 2417 D.
382 2354 417 2415 Ν.
438 2355 507 2416 dixit
537 2357 606 2418 aubi
629 2358 708 2435 quod
728 2359 876 2420 Dominica
905 2362 1036 2440 prouma

248 2455 344 2517 iturus
364 2465 437 2518 esset
458 2456 571 2534 publice
589 2456 624 2516 ad
645 2459 794 2519 ecclesiam
811 2460 913 2521 Bootae
926 2461 1036 2521 blaciae

248 2556 286 2619 de
303 2556 416 2636 Populo
434 2558 469 2615 ad
484 2557 599 2620 Missam
614 2560 768 2619 solemnem
781 2561 809 2619 in
825 2560 965 2622 bonorem
981 2560 1033 2620 Dei

247 2676 305 2737 pro
325 2658 474 2737 triumpbo
499 2677 551 2736 per
583 2658 711 2721 Serenis.
742 2661 852 2739 Regem
883 2662 1036 2740 Hispaniae

248 2758 350 2820 habito
372 2758 594 2837 conuallegem
613 2759 772 2833 Granatae3
795 2773 945 2841 propterea
965 2780 1038 2841 pro·

249 2860 379 2920 viderem
394 2876 468 2935 quae
485 2860 594 2938 agenda
605 2874 708 2934 essene
728 2880 795 2922 nani
811 2863 839 2922 in
855 2882 936 2924 mane
952 2862 1036 2923 Nati·

250 2960 349 3020 vitatis
383 2958 497 3020 Domini
528 2959 638 3021 Nostri·
659 2962 727 3022 iesu
759 2963 865 3024 Christi
897 2962 1037 3025 Oratores

249 3060 335 3138 liegii
350 3059 488 3137 praedicti
508 3062 684 3121 nunciarunt
697 3062 787 3124 eidem
809 3062 865 3122 SS.
876 3063 911 3122 D.
926 3062 959 3122 Ν.
975 3063 1037 3124 He·

250 3178 316 3237 gem
327 3160 459 3220 eumdem
468 3160 673 3239 Hispaniarum
684 3162 755 3220 duas
767 3162 897 3223 civitates
906 3182 1035 3242 magnas,

251 3272 280 3320 et
295 3259 363 3329 ,duo
389 3260 514 3340 oppida,
545 3271 670 3321 cessante
699 3263 817 3322 alterius
847 3262 935 3342 Regis
957 3263 1038 3324 Gra·

253 3369 335 3420 natae
347 3361 460 3432 unione,
469 3361 680 3432 obtinuisse,die
691 3374 795 3439 quarta
808 3365 909 3423 mensis
921 3363 1037 3424 decem-

251 3460 314 3521 bris
324 3462 483 3540 praeteriti,
496 3460 864 3541 videlicet...Bascapolena,
874 3465 1038 3525 lasl'aver·

252 3579 304 3622 nas
323 3576 351 3624 et
370 3559 467 3637 'l'eroij
487 3558 542 3647 (l).
566 3563 658 3641 igitur
672 3583 727 3642 pro
747 3565 937 3627 satisfactione
960 3566 1037 3626 Sau-

295 3798 331 3850 (ι)
352 3794 462 3845 Nomina
485 3794 525 3843 iric
542 3807 575 3843 ex
591 3796 692 3858 integro
708 3795 866 3858 deturpata,
891 3797 979 3847 nescio
1003 3808 1038 3845 an

254 3874 358 3923 restitui
376 3876 478 3936 possint
495 3877 652 3935 scriptorum
670 3888 756 3926 reram
772 3876 969 3939 Hispanicarum
991 3889 1039 3925 au·

253 3953 555 4004 munitissimarum:
570 3974 579 3995 ·
593 3954 709 4016 ttcpeate
725 3955 855 4015 Haemus,
866 3960 1037 4019 cognomento

253 4033 349 4088 Senex,
365 4031 439 4079 urbis
455 4030 572 4091 (Baptae
589 4044 620 4080 ear
637 4034 717 4093 copiis
738 4034 889 4084 Ferdiaandi
905 4034 974 4097 Rapis
995 4034 1039 4084 ob·

254 4120 356 4166 sessae)
379 4109 548 4169 Prsateems,
573 4110 703 4173 adquam
724 4112 811 4162 bellici
837 4116 914 4163 etiam
937 4116 1037 4176 imperii

255 4201 358 4239 summa
382 4187 505 4243 redibat,
522 4189 651 4252 colloquio
667 4191 750 4241 llexus
767 4193 881 4243 Guterrii
904 4193 1038 4245 Cardonae

255 4265 423 4328 Promagistri
440 4266 619 4329 legionensis,
635 4281 694 4319 cum
710 4272 754 4322 diu
772 4278 919 4323 sustentare
935 4276 1039 4336 potuis·

255 4352 315 4405 sot,
333 4358 437 4395 recum
456 4358 503 4395 suo
520 4350 606 4409 ttegc,
624 4349 667 4411 qui
690 4350 803 4401 Guidixii
828 4357 901 4412 erat,
923 4355 1039 4404 comuni·

254 4428 331 4482 cata,
348 4422 506 4474 deditionem
524 4424 609 4475 iacere
631 4426 775 4478 constituit.
798 4430 847 4481 lies
864 4431 1038 4493 comparanda

254 4503 381 4552 miraculo
399 4505 453 4552 risa
470 4504 568 4552 nostris
584 4510 634 4555 est.
651 4506 848 4559 Condilionibus
860 4510 944 4572 pridie
957 4523 1037 4561 nonas

254 4581 408 4631 Decembris
425 4586 590 4645 nuncupatis,
606 4586 660 4636 ltux
676 4587 824 4650 Rasinaque
840 4589 963 4650 triumphi
979 4602 1039 4651 per-

256 4662 333 4709 simili
354 4673 449 4723 pompa
471 4663 497 4710 in
519 4660 613 4714 Urbem
635 4665 677 4714 die
700 4667 821 4730 proximo
850 4670 946 4716 arrecti
969 4674 1037 4717 sunt.

253 4737 361 4790 beditas
379 4738 453 4789 Urbis
473 4754 546 4800 cura,
563 4743 684 4794 Carsolae
702 4747 833 4805 Antetato,
855 4746 950 4809 Diegbo
966 4747 1038 4796 ileu·

255 4819 348 4876 dozau,
364 4820 507 4869 Cardinalis
523 4823 660 4885 Hispaniae
677 4824 752 4874 tratri
769 4826 919 4875 concredita
936 4829 984 4874 est.
1001 4823 1037 4874 Ea

255 4898 393 4948 tormidine
411 4900 491 4948 multa
508 4902 605 4951 circum
623 4904 720 4965 oppida
737 4906 806 4954 ultro
818 4905 914 4959 dedita,
923 4903 1038 4960 obsides,

255 4977 436 5037 frumentum,
452 4984 478 5028 et
495 4982 544 5029 alie
561 4995 627 5044 qaae
645 4986 703 5033 usui
724 4985 830 5042 forent,
847 4984 941 5033 affatim
960 4996 1039 5045 prae·

254 5056 376 5106 buerunt.
394 5058 521 5118 Taberna,
537 5061 627 5121 Seron,
644 5063 713 5125 quod
730 5065 825 5113 mirere
842 5064 962 5125 amptius,
976 5062 1039 5112 Gui-

255 5136 366 5194 dixium,
384 5138 635 5203 Almeriaque‚quao
652 5144 799 5192 diuturnam
817 5141 979 5191 obsidionem
997 5144 1039 5187 to·

256 5216 343 5264 lerare
372 5217 538 5278 potuissent,
564 5232 596 5268 nc
618 5224 716 5270 tentata
742 5222 846 5283 quidem
868 5220 1038 5276 detonsione,

255 5297 314 5356 ipso
331 5296 439 5345 seniore
455 5296 522 5358 liege
540 5298 671 5357 dedente,
686 5305 780 5363 captae
800 5303 870 5350 sunl.
889 5299 930 5349 ild
953 5299 1039 5348 Alme·

256 5374 322 5422 riam
343 5375 436 5437 Regem
462 5375 602 5425 barbarum
620 5381 645 5428 in
662 5387 748 5431 castra
772 5382 932 5434 venientem,
948 5377 1040 5428 l'erdi·

257 5451 359 5500 naudus
376 5454 430 5502 Rex
447 5453 540 5503 obrius
558 5455 667 5520 benigne
684 5460 800 5520 accepit,
817 5462 935 5519 paratum
955 5457 1039 5517 impc-

256 5534 316 5579 rata
334 5530 439 5591 iacere,
454 5545 533 5594 seque
551 5538 576 5583 ct
594 5548 639 5584 sua
657 5537 765 5586 victoris
785 5536 911 5585 voluntati
929 5535 1038 5596 permit·

255 5614 323 5660 tere.
339 5611 483 5662 Accessere
499 5619 638 5676 praeterea
655 5617 680 5664 in
695 5618 823 5666 victoriae
849 5619 948 5678 partem
970 5613 1037 5662 duae

256 5702 334 5742 arces
343 5689 539 5758 munitissimae,
547 5697 610 5749 locis
623 5697 690 5746 inter
702 5708 731 5746 se
742 5698 906 5758 conjunctae,
918 5697 1038 5755 marique

1102 2252 1137 2315 de
1157 2265 1259 2315 octaua
1292 2254 1391 2320 Sancti
1417 2254 1552 2318 lobannis
1576 2256 1777 2336 Erarrgelistae
1808 2260 1889 2319 cele-
1927 2243 1930 2248 ’

1102 2355 1183 2416 brari
1221 2354 1324 2418 debere
1355 2353 1487 2418 ordinari
1517 2375 1584 2418 cum
1615 2359 1886 2419 commemoratione

1102 2455 1257 2515 binocentii
1278 2454 1395 2530 Octavi,
1408 2469 1438 2517 et
1453 2458 1581 2518 oratione
1597 2459 1680 2522 Deus
1698 2460 1755 2539 pai
1769 2458 1885 2520 solutis

1103 2565 1259 2627 aeternae,
1278 2566 1367 2634 prout
1386 2557 1416 2615 in
1432 2554 1600 2630 Ordinario,
1623 2558 1769 2621 diceretur
1784 2568 1889 2637 quarta

1102 2655 1196 2715 oratio
1218 2674 1272 2734 pro
1294 2658 1354 2733 ipso
1386 2655 1542 2729 Pontifice,
1564 2670 1592 2719 et
1614 2660 1712 2736 quinta
1733 2679 1787 2739 pro
1809 2659 1890 2738 Rege

1103 2767 1132 2816 et
1153 2754 1262 2834 Regina
1282 2755 1448 2834 Hispaniae,
1464 2757 1520 2817 disi
1535 2757 1590 2818 88.
1609 2757 1644 2819 D.
1664 2758 1699 2820 N.
1716 2762 1745 2819 in
1759 2761 1887 2839 cappella

1103 2856 1301 2917 inconsuetum
1333 2857 1450 2917 oninino
1481 2877 1561 2931 esse,
1582 2871 1611 2921 et
1637 2871 1751 2939 praeter
1782 2861 1895 2920 bonam.

1104 2958 1265 3030 rationem,
1286 2976 1341 3036 pro
1364 2976 1547 3037 quocumque
1568 2960 1670 3041 Hege,
1691 2962 1777 3023 etiam
1795 2962 1890 3041 impe-

1105 3069 1213 3131 ratore,
1232 3070 1284 3118 aut
1305 3077 1489 3137 quocumque
1509 3061 1566 3122 alio
1583 3080 1634 3141 per
1649 3062 1802 3141 specialem
1816 3078 1889 3121 ora·
1996 3087 2000 3094 ·

1104 3161 1211 3222 tionem
1234 3161 1406 3240 deprecari,
1433 3161 1550 3241 dempto
1569 3162 1664 3222 officio
1689 3162 1745 3224 diei
1769 3161 1889 3224 Veneris

1104 3261 1202 3322 Sancti
1214 3283 1224 3334 3
1241 3273 1392 3341 propterea
1407 3261 1613 3326 inconveniens
1627 3282 1699 3335 esse,
1712 3262 1790 3341 quod
1801 3281 1890 3342 prae·

1104 3362 1179 3423 dicta
1213 3363 1308 3423 oratio
1338 3382 1392 3441 pro
1426 3363 1633 3441 Hispaniarum
1659 3361 1889 3442 liege‘dicatur.

1104 3462 1259 3542 Respondit
1278 3463 1420 3524 Sanctitas
1439 3464 1500 3525 Sua
1520 3464 1595 3525 idem
1616 3463 1670 3523 sibi
1682 3464 1819 3536 rideri,et
1833 3480 1889 3523 non

1105 3567 1275 3627 coucesdsse
1296 3564 1373 3641 quod
1398 3565 1524 3638 dicatur,
1546 3564 1595 3627 sed
1617 3562 1737 3625 Oratori
1767 3564 1891 3626 commi·

1105 3792 1290 3849 imminentes,
1306 3792 1478 3850 Almanecar,
1495 3791 1539 3840 abi
1564 3792 1633 3853 liegii
1655 3792 1803 3841 Maurorum
1830 3790 1891 3840 the·

1106 3874 1175 3923 sauri
1192 3874 1330 3933 cultusque
1346 3883 1406 3919 esse
1423 3877 1608 3930 consueverat,
1619 3876 1645 3922 et
1661 3867 1812 3929 Salobrena,
1823 3883 1890 3933 quae

1106 3952 1241 4001 veteribus
1263 3950 1410 3999 Selambina
1435 3952 1461 3997 in
1482 3950 1593 3999 Bastutis
1611 3950 1643 3999 ad
1667 3963 1738 3998 maro
1761 3948 1888 3999 Ibericum

1104 4028 1168 4088 init,
1185 4031 1249 4079 locis
1268 4028 1368 4086 ardrie,
1385 4040 1416 4076 ea
1439 4027 1601 4086 munitione,
1618 4032 1646 4076 ut
1671 4040 1759 4090 regum
1777 4026 1835 4075 liliis
1863 4029 1889 4074 et

1105 4108 1231 4160 iratribus
1255 4106 1453 4165 custodiendis,
1471 4110 1585 4156 carceris
1603 4110 1685 4156 instar
1705 4108 1784 4155 esset.
1804 4126 1814 4147 ι
1833 4107 1890 4154 Mil·

1105 4200 1197 4247 ιιιιιιι.
1214 4189 1248 4238 bo
1263 4188 1336 4237 rebar
1351 4186 1495 4249 Hispaniae,
1512 4188 1552 4237 tio.
1569 4187 1705 4248 usucap.
1716 4185 1776 4235 Xitl.
1793 4184 1891 4246 pisi,

1106 4270 1131 4317 in
1148 4267 1284 4329 Hispaniae
1299 4267 1457 4327 illustratae,
1472 4279 1516 4316 seo
1531 4267 1632 4317 urbiam
1648 4278 1784 4326 rerumque
1799 4264 1893 4325 Hispo·

1103 4349 1229 4395 oicarum.
1247 4346 1456 4406 Academiarum,
1472 4346 1692 4405 Bibliotbecoram,
1709 4345 1837 4395 clarorum
1855 4342 1896 4392 dc·

1104 4427 1177 4486 nique
1193 4425 1219 4473 ia
1235 4424 1305 4473 omui
1320 4423 1513 4485 disciplinarum
1529 4435 1617 4485 penem
1633 4423 1788 4485 scriptorum
1797 4421 1892 4471 Aucto·

1103 4517 1145 4554 res
1161 4504 1227 4553 varii
1242 4502 1421 4565 chronolopici,
1439 4502 1561 4562 historici,
1577 4504 1672 4564 partim
1689 4502 1747 4552 editi
1762 4512 1830 4549 nane
1839 4498 1894 4561 pri·

1105 4596 1198 4643 mam,
1219 4583 1314 4644 partim
1337 4582 1462 4631 auctiores
1473 4615 1481 4642 ,
1498 4581 1660 4641 melioresque
1681 4579 1742 4644 facti
1764 4578 1847 4627 stadio
1870 4579 1893 4626 et

1106 4677 1179 4726 opera
1205 4667 1334 4712 Annaeus
1356 4665 1482 4710 scuorrr.
1504 4659 1665 4723 Francoiortt
1692 4660 1759 4711 1608.
1776 4660 1834 4706 tom.
1855 4652 1893 4704 lV.

1104 4745 1171 4803 part.
1182 4741 1228 4788 ult.
1244 4768 1270 4777 -
1287 4739 1364 4789 Paulo
1381 4745 1457 4787 antea
1469 4745 1558 4789 auctor
1574 4738 1725 4788 asserebat:
1739 4756 1749 4777 a
1763 4733 1891 4784 Almeriae

1106 4822 1176 4871 locus
1194 4821 1316 4869 finitimae
1333 4818 1535 4875 scitamenta
1552 4832 1598 4867 arx
1617 4820 1667 4867 situ
1685 4810 1894 4876 inexpugnabilis

1106 4898 1269 4962 prohibebat.
1300 4920 1309 4940 ·
1338 4897 1420 4947 Locus
1443 4898 1583 4947 burchardi
1601 4894 1814 4957 corruptissimus
1841 4889 1890 4937 bac

1106 4980 1256 5028 narratione
1279 4976 1473 5035 restituendus,
1490 4990 1550 5026 carm
1567 4975 1679 5025 dubitari
1697 4985 1747 5021 non
1765 4968 1847 5032 possit
1858 4979 1891 5015 ex

1106 5057 1165 5107 data
1183 5058 1279 5106 mensis
1296 5058 1322 5104 cl
1339 5055 1412 5113 anni,
1430 5058 1455 5104 et
1473 5067 1507 5104 ex
1524 5056 1593 5102 clara
1610 5050 1790 5102 enunciatione
1802 5047 1894 5095 cirita·

1106 5138 1139 5186 tis
1156 5137 1307 5194 Tavcrnao,
1323 5135 1355 5184 de
1372 5146 1422 5182 una
1440 5134 1583 5193 eademque
1602 5144 1630 5179 re
1652 5128 1799 5189 Scriptores
1822 5123 1892 5185 loqui

1106 5216 1230 5263 voluisse.
1249 5214 1333 5263 Facile
1357 5214 1433 5275 igitur
1450 5210 1615 5260 burchardus
1638 5207 1755 5270 scripsit:
1774 5224 1784 5248 ι
1803 5204 1890 5254 nime·

1106 5296 1189 5352 riam,
1205 5292 1381 5350 Salobrenam,
1399 5290 1547 5339 Tabernam
1564 5294 1590 5338 et
1606 5288 1697 5337 Seron.
1716 5304 1726 5327 ι

1147 5376 1181 5434 (2)
1198 5373 1372 5421 bernardinus
1388 5370 1556 5420 Garraiatius.
1574 5371 1713 5424 Μιιιιιιιι,
1727 5363 1761 5414 De
1781 5361 1830 5411 reb.
1847 5358 1894 5410 ili·

1106 5467 1177 5517 spon.
1194 5452 1233 5500 tta.
1250 5450 1318 5500 itit.
1332 5463 1391 5512 cap.
1405 5448 1454 5499 xit.
1471 5448 1635 5498 burchardus
1653 5449 1719 5497 lianc
1738 5444 1892 5494 Oratorem,

1104 5545 1165 5594 pap.
1177 5534 1231 5582 toi.
1244 5530 1289 5580 cot.
1307 5531 1337 5593 ll,
1355 5528 1494 5593 appellavit
1512 5526 1636 5577 bernard.
1658 5524 1690 5574 de
1706 5522 1837 5585 Solabym.
1853 5516 1891 5567 Ex

1106 5612 1219 5661 Mariana
1242 5610 1318 5672 igitur
1341 5608 1522 5671 corrigendum
1548 5608 1573 5656 ia
1597 5604 1757 5655 Garmialias
1769 5636 1777 5662 ,
1793 5600 1833 5650 rel
1857 5598 1889 5646 dc

1107 5687 1234 5751 Gerraioi.
