4492 6859
366 781 460 843 prope
479 761 620 823 Sanctum
637 760 811 833 Antonium,
825 759 878 820 ubi
893 778 928 821 ex
944 778 1021 839 equo
1033 762 1156 826 docen-

367 862 448 935 dena,
469 860 613 942 Legatum
638 862 745 941 ipsum,
765 859 877 921 detecto
896 861 1000 940 capite,
1021 864 1156 942 recipiat,

370 980 487 1022 manum
508 963 534 1024 ei
552 959 754 1034 deosculando,
773 971 801 1022 et
819 960 847 1019 iu
867 977 927 1020 ore.
944 958 1081 1041 bagnum,
1101 980 1155 1023 ne·

368 1072 439 1140 gato
457 1062 509 1122 sibi
527 1080 630 1121 manus
649 1063 767 1132 osculo,
782 1060 818 1119 ad
832 1060 891 1122 oria
909 1062 1043 1121 osculum
1061 1061 1154 1139 ipsum

366 1160 479 1242 Regem
498 1163 641 1242 recipiat,
662 1172 690 1222 et
712 1159 796 1238 juxta
817 1181 848 1222 se
866 1163 953 1222 iaciat
971 1165 1111 1240 equitare.

408 1262 513 1323 Clarus
542 1262 746 1341 Neapolitanus
777 1280 845 1322 etam
866 1263 1009 1341 religiosis
1042 1265 1070 1322 in
1102 1282 1156 1323 ec-

370 1362 457 1423 clesia
479 1361 665 1441 Neapolitana
681 1362 918 1441 congregabitur,
938 1383 973 1425 cx
993 1383 1064 1441 qua,
1078 1363 1153 1424 hova

371 1460 477 1532 debita,
488 1461 675 1540 praecedente
690 1461 840 1521 dumtaxat
854 1481 943 1526 crece
958 1460 1089 1539 ejusdem
1101 1481 1154 1524 en·

367 1559 582 1623 clesiaeordiue
595 1561 792 1644 infrascripto,
805 1561 897 1621 veniet
912 1581 1004 1640 usquc
1025 1562 1060 1622 ad
1076 1582 1151 1642 por·

370 1670 430 1720 tam
440 1660 615 1740 &puniam
629 1661 677 1722 ubi
692 1681 723 1722 ae
738 1672 834 1723 vertat
854 1663 1012 1741 processi03
1023 1664 1060 1722 ite
1076 1663 1154 1740 quod

368 1757 530 1833 interiores,
550 1761 681 1824 videlicet
699 1764 793 1842 prium
812 1762 985 1835 incedentes,
1007 1763 1064 1822 sint
1079 1762 1155 1822 versi

366 1859 406 1920 ad
429 1862 580 1923 ecclesiam
602 1861 832 1942 Neapolitanam,
848 1874 883 1925 et
901 1864 998 1925 clerus
1019 1863 1154 1924 ecelesiae

368 1958 580 2038 Neapolitanae,
600 1962 732 2025 videlieet
745 1964 990 2044 aretrnpireopus
1014 1981 1082 2025 cum
1103 1980 1156 2022 ea-

369 2062 478 2124 noniais
497 2075 526 2125 et
546 2066 609 2125 aliia
628 2062 790 2139 majoribus
812 2065 978 2137 dumtaxat,
993 2065 1049 2124 sint
1065 2080 1156 2141 prope

325 2202 327 2207 ι
367 2173 484 2241 portam
521 2163 710 2242 praedictam.
743 2163 985 2243 hrcbiepiscopns
1020 2161 1157 2240 Neapoli-

370 2272 455 2325 tanus
474 2275 594 2343 paratus
614 2264 673 2327 erit
700 2264 832 2335 andana,
852 2264 941 2337 alba,
961 2273 991 2325 et
1021 2262 1157 2341 cingulo,

372 2364 470 2436 stola,
492 2365 634 2443 pluviali,
654 2375 684 2424 et
700 2365 787 2423 mitra
806 2364 967 2443 preciosis,
987 2374 1017 2425 et
1036 2379 1157 2443 proces

370 2463 483 2525 sionem
504 2464 681 2538 concludat,
702 2484 789 2542 quem
810 2465 963 2544 praecedat
990 2483 1070 2527 unus
1103 2482 1156 2526 aa·

371 2567 493 2625 nonicus
506 2564 711 2645 Neapolitanae
731 2566 940 2646 superpellicio
961 2566 1091 2640 indutus,
1106 2567 1156 2643 qui

371 2663 511 2727 baculum
545 2668 719 2746 pastoralem
747 2679 815 2729 ante
844 2670 942 2746 ipsum
977 2668 1109 2739 delerat,
1130 2677 1159 2730 ct

370 2768 448 2830 alius
469 2769 623 2829 eanonicus
641 2768 726 2829 etum
756 2770 786 2827 in
813 2768 1016 2849 superpellicio
1039 2785 1158 2829 erucem

371 2870 500 2949 portabit
521 2871 580 2929 sinc
593 2869 698 2931 beaute
712 2867 825 2950 Legata
845 2871 882 2929 ad
903 2870 1034 2930 osculum
1057 2868 1158 2947 porci·

369 2971 518 3051 pendam
536 2981 565 3033 et
591 2970 649 3031 duo
681 2970 734 3029 alii
755 2971 906 3044 eenoniei,
938 2982 971 3030 ut
1002 2986 1090 3049 supra
1111 2969 1159 3029 in-

370 3070 446 3145 duti,
457 3070 524 3132 ltine
536 3081 567 3131 et
582 3071 646 3131 inde
663 3073 804 3149 premiale
822 3083 887 3132 ante
900 3069 1157 3150 Avehiepiscopum

370 3180 519 3245 tenentes,
540 3183 569 3233 et
591 3171 720 3230 limbi-ias
741 3173 899 3232 anteriores
930 3170 1064 3250 pluvialia
1096 3171 1159 3231 ele·

371 3283 470 3345 vasates
481 3314 492 3345 ,
511 3270 771 3350 montepisaopum
798 3272 873 3331 inter
895 3289 926 3330 se
950 3270 1088 3352 ,medium
1108 3288 1159 3328 as·

370 3371 530 3433 meiabunt

407 3472 478 3533 ·Sub
494 3481 580 3552 porte
594 3471 718 3534 civitatis
731 3481 867 3551 paratum
878 3469 936 3530 erit
952 3468 1157 3532 baldachinum

373 3592 428 3652 pro
450 3572 571 3652 imam.

413 3672 527 3735 Nobiles
539 3670 718 3754 Neapolitani
726 3671 845 3733 Sadium
861 3672 1072 3744 illarum,antc
1086 3689 1158 3749 quas

380 3774 507 3855 laegatus
527 3777 583 3835 erit
600 3774 787 3844 transiturus,
807 3772 844 3832 ad
865 3772 1039 3851 portandum
1058 3771 1160 3831 balda-

376 3876 497 3938 chinum
518 3874 623 3939 ibidem
644 3874 736 3953 parati
756 3882 896 3946 ermen
910 3871 1052 3952 legatum
1074 3890 1160 3952 cxpe-

377 3977 506 4039 clabum.

416 4080 527 4158 Legem
554 4089 668 4158 portans
682 4076 822 4137 ¹Civitatis
843 4077 981 4149 intrante,
1004 4074 1161 4153 hvohiepi·

373 4198 491 4259 scopia,
502 4179 613 4240 detecto
628 4179 730 4256 capite,
741 4178 816 4238 laeta
833 4177 885 4237 sibi
901 4178 983 4256 prius
998 4176 1160 4238 reverentia

372 4298 495 4343 crucem
509 4280 610 4341 offerat
630 4277 828 4350 occulendam,
848 4297 882 4339 ea
903 4280 985 4356 prius
1006 4279 1159 4357 penniculo

372 4390 462 4455 mres,
476 4392 506 4442 et
519 4379 672 4459 pamicula
693 4378 868 4440 deosculato.
886 4376 1025 4456 Legatos,
1040 4379 1160 4440 invitato

374 4484 457 4562 prius
474 4480 511 4541 ed
532 4478 721 4544 osculandum
742 4479 832 4559 Rege,
855 4477 1162 4557 c1·ueemlpssm,de·

374 4593 451 4644 tecto
464 4583 579 4661 capite,
595 4600 630 4642 ex
649 4599 726 4659 equo
740 4592 907 4642 veementer
921 4582 1086 4643 osculetur.
1099 4579 1162 4640 Rex

374 4694 452 4756 ante,
466 4700 586 4743 erucem
602 4682 693 4763 ipsam
709 4699 765 4743 nou
784 4682 979 4743 osculabitur:
995 4691 1058 4741 tum
1080 4678 1161 4742 dica·

377 4795 430 4846 tur
443 4784 598 4863 cratipbona
610 4783 779 4855 Sacerdos,
793 4797 824 4845 et
840 4785 993 4867 Pontifex
1004 4795 1059 4844 etc.
1072 4782 1159 4862 Resp.

374 4888 459 4951 Eece
488 4885 646 4947 Sacerdos
677 4906 805 4967 mnpnas
835 4896 891 4948 etc.
912 4904 981 4946 eum
1014 4884 1160 4945 versiculo

376 5000 408 5050 et
420 4989 536 5051 Gloria
548 4988 656 5061 Patri,
672 4987 713 5050 Te
725 4988 822 5049 neca
838 4990 1015 5057 tondamus,
1028 4986 1161 5067 Hymnus

378 5090 432 5152 Aa
448 5107 575 5152 coennm
591 5088 674 5171 Aqui
687 5089 819 5168 menidi
828 5097 885 5148 ete.
906 5088 1034 5168 legatam
1052 5098 1081 5149 ct
1099 5088 1161 5150 Rex

375 5191 464 5252 sirum
484 5189 539 5251 sub
559 5189 731 5251 baldachino
759 5189 938 5268 equitabunt.
960 5189 1106 5251 Perrento
1125 5188 1161 5247 ed

374 5293 525 5354 eccleciam
545 5289 759 5371 Neapolitanum
774 5334 783 5364 ,
796 5291 1039 5371 Archiepiscopus
1053 5299 1088 5350 ut
1108 5307 1162 5350 su·

378 5411 431 5472 pra
451 5403 595 5474 paratus,
612 5390 723 5471 [legato
752 5391 901 5454 ecclesiam
922 5391 1041 5452 intranti
1060 5390 1162 5452 alienat

378 5496 589 5574 aspersorium,
600 5512 635 5557 eo
646 5495 731 5575 prius
745 5494 926 5569 deoseulat03
945 5493 1090 5576 laegatus,
1110 5512 1162 5555 re·

379 5606 465 5675 cepto
479 5598 654 5677 aspersorio,
664 5597 759 5675 primo
767 5595 889 5675 Regma,
901 5595 1002 5657 dente
1011 5605 1161 5676 ee,.poatea

377 5697 536 5777 praelatos,
551 5705 583 5760 et
598 5698 831 5778 sliosespngst
846 5697 922 5759 Tum
940 5715 1018 5760 unae
1035 5696 1164 5759 dmoni·

854 619 1139 691 Poli’l‘llilssffllfl
1157 620 1383 689 mensuum
1400 619 1531 684 unxit.

1902 618 2010 705 ‹aas›

1222 778 1340 835 eorum,
1353 758 1551 831 thuribulum,
1566 765 1597 818 ct
1607 756 1755 836 praefatus
1764 755 2011 837 hehiepiscopur

1221 862 1386 923 naviculam
1401 861 1505 922 mensi
1520 875 1588 920 cum
1598 858 1731 931 metiari,
1744 856 1821 936 quod
1837 858 1924 937 prius
1942 858 2013 918 deo-

1222 964 1364 1034 sculetur,
1373 959 1486 1039 legato
1500 960 1620 1020 offeram
1634 1004 1642 1032 ,
1655 956 1885 1036 Archiepiscopo
1901 958 2013 1019 (Ιίωιιιε

1220 1063 1407 1124 Benedicite
1415 1061 1449 1120 P.
1457 1060 1735 1124 Reecrcadissiste.
1746 1057 2014 1137 Legatus‚eceeptn

1221 1162 1352 1235 coeliaci,
1367 1163 1515 1222 ieseenmm
1532 1171 1620 1239 portat
1635 1162 1664 1217 in
1679 1157 1867 1219 thuribulum
1888 1169 1919 1219 ct
1939 1157 2015 1218 dieat

1221 1267 1261 1325 ab
1276 1266 1336 1325 iilo
1351 1261 1551 1325 benedicaris
1566 1262 1601 1322 in
1621 1262 1712 1343 cujas
1733 1262 1855 1323 honore
1876 1276 2017 1320 corono·

1223 1366 1307 1430 beris
1325 1366 1360 1425 in
1380 1364 1503 1424 nemisse
1516 1362 1627 1423 Patris
1641 1373 1671 1423 et
1685 1362 1793 1433 Filii,
1814 1372 1847 1421 ct
1871 1359 2017 1440 Spiritus

1222 1464 1348 1534 Sancti,
1364 1474 1393 1525 et
1408 1465 1523 1543 signum
1540 1462 1637 1523 crucia
1651 1480 1739 1542 super
1753 1464 1910 1523 incensum
1923 1462 2017 1541 ipsum

1222 1566 1251 1625 in
1264 1565 1447 1632 thuribulum
1460 1565 1586 1644 positum
1596 1563 1755 1643 ‚producat
1770 1562 2016 1642 mentepiseopm

1222 1665 1518 1745 acceptoabuaibulo‚
1528 1663 1720 1742 tacta-Legata
1734 1661 2015 1742 rever·ontis,ipaum

1222 1769 1333 1829 detecto
1354 1766 1445 1846 capite
1459 1776 1580 1826 stantem
1597 1765 1755 1825 incensabit
1775 1774 1834 1836 ter,
1852 1765 1895 1824 illi
1919 1763 2017 1823 thuri-

1222 1868 1322 1928 bulum
1343 1866 1458 1933 ducena.
1482 1864 1609 1945 Legatos
1635 1874 1792 1941 antequam
1814 1864 1944 1943 recipiet
1973 1864 2018 1922 ia·

1223 1966 1426 2038 causationem,
1448 1983 1545 2044 regem
1565 1965 1603 2024 ed
1620 1983 1685 2038 eam
1703 1964 1864 2036 invitabit,
1886 1964 1941 2024 sed
1959 1962 2017 2024 Rex

1222 2084 1279 2128 aon
1299 2065 1482 2145 acceptabit,
1510 2084 1602 2144 neque
1633 2076 1698 2146 post
1715 2063 1863 2145 [sagatum
1884 2067 2017 2125 incense·

1223 2167 1324 2240 hitur,
1356 2170 1423 2245 quia
1453 2165 1622 2244 hujusmodi
1656 2168 1815 2229 incensatio
1849 2164 1885 2226 fla
1908 2164 2016 2245 hgin

1222 2277 1371 2345 tamquam
1393 2269 1504 2328 noviter
1538 2267 1670 2332 venienti.
1696 2267 1786 2327 Facta
1821 2268 2014 2327 incensatione

1222 2369 1398 2447 procedatur
1431 2367 1467 2426 ad
1488 2369 1581 2429 altam
1603 2364 1724 2443 nujus,
1745 2366 1794 2426 att
1817 2367 1850 2426 in
1870 2368 2016 2446 superiori

1224 2471 1309 2547 plano
1343 2478 1408 2528 ante
1430 2467 1555 2546 gradum
1576 2467 1677 2527 altaria
1709 2476 1813 2545 parate
1834 2478 1929 2527 erum
1963 2466 2016 2538 duo

1224 2567 1406 2641 cuneata,
1429 2584 1519 2628 unum
1536 2584 1639 2627 versus
1661 2583 1760 2627 cwnu
1774 2563 1931 2646 Epistolaa
1953 2584 2016 2627 eum

1220 2669 1311 2747 pallio
1322 2667 1360 2729 de
1375 2667 1516 2729 brocham
1529 2686 1620 2728 aureo
1631 2667 1796 2734 cremosino
1815 2686 1887 2728 cum
1908 2666 2016 2728 dnobus

1225 2769 1344 2830 cussinis
1364 2769 1465 2831 similia
1485 2768 1616 2829 brochati
1642 2788 1698 2847 pao
1716 2766 1853 2848 iegato,
1880 2778 1914 2827 et
1944 2768 2016 2827 aliud

1226 2887 1327 2931 versus
1343 2887 1437 2930 cornu
1451 2868 1604 2948 Evangelii
1618 2885 1691 2930 cum
1702 2869 1803 2949 ‚pallia
1824 2868 1860 2930 de
1875 2868 2014 2930 brochato

1226 2970 1368 3043 violatio,
1388 2981 1417 3031 et
1435 2969 1552 3032 duobus
1573 2970 1695 3031 cuminis
1714 2970 1851 3031 similiter
1884 2968 2014 3029 brochsti
2056 3002 2058 3005 ⁴

1225 3089 1280 3150 pro
1300 3069 1389 3150 Rege.

1268 3170 1493 3250 Quamprimum
1513 3167 1643 3249 {sagatus
1664 3179 1694 3231 et
1711 3168 1773 3246 Rex
1793 3168 2015 3249 genuflexerint

1224 3267 1465 3347 acchiepiscopus
1490 3270 1664 3347 praelatus,
1695 3280 1729 3330 ut
1754 3282 2015 3350 supersperans,

1222 3378 1300 3430 stans
1323 3371 1352 3429 in
1373 3368 1627 3448 supremopradu
1649 3370 1753 3434 aitaris
1773 3371 1805 3431 io
1825 3388 1925 3432 cornu
1947 3368 2014 3449 Epi·

1220 3470 1315 3530 -stolae
1327 3469 1477 3534 versnsnd
1490 3468 1826 3551 lagoumcmpettma
1837 3489 1908 3546 suo,
1918 3489 2016 3549 super·

1217 3568 1339 3648 pellicio
1366 3570 1467 3637 induto
1488 3590 1505 3633 a
1525 3571 1731 3637 sinistris-suia
1754 3571 1865 3634 librum
1896 3581 2019 3638 tenesne,

1225 3687 1260 3736 ex
1280 3688 1315 3730 eo
1336 3670 1412 3736 dicat
1442 3689 1513 3732 voce
1543 3669 1738 3751 competenti„
1768 3671 1865 3734 choro
1902 3689 2018 3752 respon

1225 3770 1329 3836 onte:

1268 3872 1437 3934 Protector
1457 3881 1565 3933 noster
1586 3872 1694 3952 orpiec
1723 3874 1813 3936 <nans
1833 3906 1875 3922 -··
1898 3874 1942 3935 Et
1968 3894 2018 3935 re·

1226 3976 1311 4055 apice
1335 3974 1368 4035 in
1390 3974 1504 4053 sociem
1525 3973 1650 4038 Christi
1671 3976 1731 4037 tui.
1751 4006 1790 4019 -
1807 3975 1943 4038 Solonem
1965 3978 2014 4056 soc

1227 4075 1361 4138 Domine
1393 4094 1515 4137 seruam
1546 4085 1631 4137 tuum
1652 4075 1826 4138 Iohannem
1858 4077 2017 4156 presbytr

1228 4197 1296 4239 ram
1320 4176 1522 4238 Gordinnicm
1545 4208 1584 4223 —·
1604 4176 1692 4238 Deos
1723 4198 1809 4239 meac
1838 4188 2015 4257 sperantem

1227 4278 1262 4338 in
1294 4286 1332 4336 tc.
1357 4306 1394 4318 -
1427 4273 1520 4337 Mitte
1553 4276 1584 4337 ci
1616 4276 1749 4340 bosane
1772 4278 1947 4339 ancilium
1983 4280 2017 4337 dc

1228 4376 1347 4439 Sancto
1370 4407 1406 4420 -
1431 4376 1473 4437 Et
1493 4377 1533 4440 de
1553 4375 1641 4458 Syon
1662 4389 1750 4439 caere
1771 4398 1850 4440 eam.
1869 4411 1911 4425 -
1925 4379 2014 4441 Nihil

1224 4477 1374 4557 proficiat
1408 4475 1558 4542 inimicus
1588 4478 1623 4540 iss
1644 4495 1682 4538 eo
1703 4509 1740 4524 -
1765 4478 1809 4540 Et
1840 4479 1932 4558 plius
1953 4479 2017 4541 ini·

1227 4578 1363 4659 quitatis
1382 4594 1445 4637 non
1471 4578 1597 4644 nocebit
1612 4580 1653 4639 ei.
1675 4609 1713 4622 -
1733 4578 1870 4642 Domine
1899 4578 2017 4642 scandi

1227 4679 1403 4744 orationem
1425 4698 1521 4742 means
1543 4710 1584 4722 -
1603 4679 1649 4740 Et
1670 4681 1789 4743 clamor
1817 4697 1906 4742 meuc
1928 4679 1973 4742 od
1989 4689 2019 4740 tc

1228 4780 1347 4843 oeniot.
1370 4810 1408 4823 -
1436 4778 1590 4842 Dominus
1624 4780 1784 4844 nobiscnm
1805 4811 1845 4833 .—
1877 4780 1923 4844 Et
1953 4798 2018 4842 can

1227 4881 1430 4961 spiritatem.

1273 4978 1401 5042 Oramus
1424 5014 1462 5027 -
1486 4979 1689 5061 Omnipotens
1718 4980 1907 5061 sempiterne
1932 4980 2018 5044 uec

1228 5102 1272 5148 ec.
1287 5103 1330 5146 ec.

1272 5184 1348 5247 Tum
1369 5184 1477 5249 chorus
1498 5181 1810 5262 amterminum:
1832 5179 1933 5246 Soloe
1962 5181 2017 5242 dc-

1230 5289 1337 5369 [cruor
1358 5286 1504 5357 Patrios,
1525 5285 1664 5368 pandens
1695 5283 1855 5362 triumpho
1885 5283 2022 5364 pionias,

1229 5389 1332 5450 nitens
1353 5398 1387 5451 ut
1404 5405 1521 5470 pemmo
1533 5386 1715 5467 praeratum
1729 5428 1739 5458 ‚
1753 5385 1871 5447 atnam
1887 5383 2022 5450 concede

1230 5490 1358 5553 scitum.

1268 5588 1426 5653 ianuarii
1442 5585 1672 5660 Sanctissimae,
1688 5598 1723 5652 st
1737 5588 1773 5652 in
1785 5604 1938 5666 supremo
1953 5588 2021 5651 cei·

1231 5694 1325 5767 enine,
1335 5708 1415 5755 osso
1426 5690 1583 5774 poam
1598 5691 1874 5766 laninevnortrscm
1882 5707 2019 5771 W
