4492 6859
344 624 406 688 tta

348 779 404 824 nus
424 762 567 825 baronius
580 760 616 822 de
627 760 775 823 Forulirio
788 759 930 821 Gamerae
954 758 1134 837 apostoticae

344 858 486 932 Clericus,
505 860 586 920 circa
607 858 710 921 horam
732 875 799 920 xix.
812 903 820 930 ‚
834 858 953 937 praelati
970 856 1071 916 Palatii
1090 857 1134 915 Δ-

345 960 501 1039 postolicl,
520 970 550 1019 et
568 958 694 1019 familiae
714 957 769 1018 SS.
785 957 822 1018 l).
845 956 879 1016 n.
907 956 1019 1035 Papae,
1037 965 1066 1037 et
1087 975 1135 1015 sex
1164 1018 1168 1063 Ι

347 1057 411 1120 ltu.
433 1058 496 1120 bn.
517 1058 714 1121 Cardinulium
728 1100 1133 1119 ..............
1156 1064 1167 1094 ν’

345 1202 355 1218 .
378 1203 385 1219 .
410 1201 418 1219 .
441 1158 500 1220 .ad
518 1157 717 1221 associandum
729 1157 817 1218 lunas
838 1156 935 1217 Ursini
954 1154 989 1215 de
1008 1152 1134 1217 Lanirc·

345 1254 428 1330 dinis,
445 1254 497 1317 lilii
511 1256 648 1320 lobannis
664 1254 844 1327 Laulrediui,
864 1254 938 1315 civis
957 1264 984 1313 et
1000 1250 1135 1314 Oratoris

345 1356 506 1419 Florentini
526 1356 738 1436 primogeniti,
758 1355 787 1415 in
811 1371 865 1417 xv.
888 1355 934 1415 rel
961 1356 1039 1413 circa
1064 1371 1134 1413 auae

346 1458 448 1519 aetatis
481 1474 556 1517 anno
589 1456 764 1531 constituti,
783 1456 834 1536 qui
856 1473 889 1515 es
921 1453 1012 1515 nimiu
1036 1454 1115 1515 coitu
1126 1495 1135 1525 ,

348 1556 428 1620 circa
443 1556 517 1615 diem
533 1555 583 1617 Sd.
595 1557 701 1617 mensis
721 1553 887 1617 novembris
902 1555 1033 1633 proxime
1048 1569 1135 1632 prae·

347 1655 443 1729 teriti,
463 1676 618 1736 percussus
638 1657 728 1730 lubre,
741 1656 816 1718 diem
838 1655 944 1715 clausit
963 1664 1135 1716 erasmum.

346 1754 431 1829 llam,
448 1770 481 1817 ut
501 1757 619 1835 quidam
637 1757 814 1830 asserebant,
827 1756 902 1819 idem
915 1754 1062 1834 quandum
1081 1750 1137 1829 ju·

347 1862 483 1921 venulam
501 1860 606 1940 septies
627 1878 684 1921 una
706 1858 802 1931 bora,
822 1858 873 1921 alii
898 1856 976 1935 quod
1000 1855 1137 1917 undecies

348 1975 406 2022 una
426 1971 509 2022 nocte
529 1960 676 2039 cognovit.
697 1959 878 2039 congregati
891 1958 1013 2019 luerunt
1034 1956 1064 2015 in
1077 1954 1135 2015 alia

346 2078 462 2123 camera
492 2071 556 2139 post
587 2060 767 2140 praedictam
798 2078 867 2120 cum
896 2067 979 2138 patre
1006 2056 1136 2118 defuncti

350 2158 492 2223 Oratores
510 2160 599 2239 Regia
616 2159 804 2232 Ferdinandi,
823 2160 1012 2230 Venetorum,
1026 2166 1055 2219 et
1069 2156 1135 2217 llu-

347 2260 391 2323 eis
410 2261 582 2332 Ferrariae3
603 2262 633 2320 in
651 2259 747 2321 medio
760 2261 844 2321 aulae
866 2257 1029 2339 praedictae
1047 2274 1135 2335 snpra

349 2377 476 2424 mensam
489 2359 591 2420 ibidem
604 2360 714 2439 positus
734 2362 888 2421 defunctus
902 2360 1022 2420 indatus
1035 2357 1135 2418 babitu

348 2460 692 2524 societatisllattutorum
713 2460 869 2541 nigrarum
890 2459 1136 2531 discalciatnruns,

354 2582 373 2621 a
394 2563 488 2641 capite
508 2561 545 2621 ad
565 2561 660 2641 pedes.
680 2561 748 2623 Ouo
772 2562 902 2623 scutiferi
919 2560 1045 2633 stabant,
1064 2559 1138 2620 duas

351 2663 474 2736 faculas,
494 2661 621 2723 duarmn
643 2662 788 2724 librarum
809 2662 963 2740 quaelibet,
994 2660 1139 2731 ardentes,

351 2763 484 2825 manibus
506 2770 649 2838 tenentes,
670 2762 782 2835 deinde,
802 2763 911 2841 paratis
930 2779 966 2820 ex
986 2777 1069 2821 more
1091 2759 1138 2819 in·

351 2865 476 2926 torticiis
501 2876 530 2927 et
557 2863 705 2936 candelis,
735 2861 970 2942 praecedentibus
996 2858 1139 2920 iratribus

350 2965 496 3037 Aracaeli,
517 2964 619 3025 Sancti
635 2964 807 3044 Augustini,
829 2962 953 3023 Sanctae
972 2960 1083 3021 llariae
1102 2959 1138 3020 de

351 3063 467 3145 Populo
486 3076 515 3126 et
535 3064 710 3142 quibusdam
739 3064 803 3125 aliis
834 3074 987 3143 propterea
1009 3058 1139 3132 vocatis,

351 3185 387 3229 ac
406 3165 579 3229 beneficiatis
594 3176 623 3227 et
643 3167 757 3228 clericis
777 3164 911 3226 basilicae
931 3162 1032 3224 Sancti
1046 3162 1139 3235 Petri,

351 3279 506 3349 portatum
527 3266 583 3327 luit
604 3267 693 3327 innus
712 3265 749 3324 ad
768 3265 915 3326 basilicam
936 3263 1138 3343 praedictam,

351 3368 382 3429 in
409 3386 467 3447 que
488 3366 609 3429 debebat
630 3366 754 3446 sepeliri.
781 3364 901 3427 Olenum
934 3364 1142 3444 praecedebant

354 3487 495 3549 pauperes
517 3468 618 3545 viginti
639 3449 785 3526 interlicia
807 3474 972 3544 portantem
991 3474 1055 3544 post
1075 3465 1140 3525 illos

353 3569 544 3631 solicitatores
573 3569 723 3628 literarum
744 3566 994 3645 Apostolicorum,
1015 3564 1049 3625 de
1075 3566 1141 3625 col·

354 3668 431 3748 legio
453 3686 581 3746 quorum
600 3666 751 3728 defunctus
771 3676 851 3739 erat,
878 3667 1047 3727 defunctum
1068 3685 1142 3744 por·

334 3769 466 3843 .tabam;
490 3788 539 3829 sex
565 3787 600 3829 ex
623 3766 759 3828 socictate
784 3767 929 3846 praedicta
953 3767 1141 3827 battutusum

356 3890 393 3932 ax
409 3888 463 3930 suo
484 3888 566 3931 more
585 3869 676 3929 sunus
695 3868 777 3947 sequi
799 3868 948 3943 volebant,
968 3888 1023 3948 ego
1043 3877 1140 3929 auteur

352 3970 433 4051 jussi
451 3990 501 4033 eos
521 3972 693 4051 praecedere
713 3972 838 4044 debere;
855 3983 882 4033 et
903 3971 1064 4033 immediate
1078 3981 1142 4050 post

353 4073 446 4135 ianus
465 4075 638 4155 equitarunt
651 4071 792 4134 Oratores
807 4071 955 4152 praedicti,
977 4072 1053 4132 inter
1069 4088 1142 4148 quos

358 4193 446 4257 smper
461 4177 531 4235 alios
547 4176 676 4255 primum
692 4176 788 4234 locum
810 4173 935 4233 obtinuit
953 4170 1142 4232 Franciscbi-

356 4295 412 4338 nus
426 4276 498 4339 Cibo
511 4276 588 4338 lilius
604 4276 715 4355 Papae3
730 4286 794 4354 post
807 4294 856 4335 ens
867 4284 895 4335 et
916 4275 1038 4335 cumeis
1054 4290 1142 4352 prae-

356 4376 409 4437 lati
428 4377 535 4436 Palatii
563 4388 591 4436 et
613 4376 663 4435 alii
683 4374 844 4435 inordinate
862 4377 930 4451 quis
953 4374 1092 4453 pluebat,
1113 4380 1142 4430 et

357 4480 405 4539 ria
426 4478 524 4538 brevis
544 4490 627 4537 erut:
649 4478 678 4536 iu
699 4486 783 4556 porta
813 4475 946 4535 basilicae
971 4473 1142 4533 distributae

357 4576 476 4637 luerunt
491 4577 624 4638 candelae
645 4577 784 4636 iratribus
804 4586 833 4635 et
853 4578 933 4636 clero
948 4593 1029 4634 mure
1042 4573 1141 4633 solitu:

355 4679 445 4739 lunas
464 4689 611 4758 portatum
630 4678 687 4738 fuit
706 4697 757 4756 per
769 4688 905 4756 quartam
917 4686 1043 4756 portam,
1060 4674 1143 4734 ride·

360 4782 427 4841 licet
448 4783 527 4841 illam
539 4797 612 4859 quae
624 4791 666 4839 est
683 4779 759 4841 inter
775 4779 895 4839 mediam
917 4791 946 4838 ct
965 4778 1044 4837 illam
1057 4773 1141 4852 juxta

357 4884 517 4963 cappellam
537 4880 638 4941 Sancti
650 4879 789 4953 Andreae,
801 4890 828 4940 et
844 4880 968 4959 positum
984 4877 1039 4936 luit
1060 4877 1142 4954 quusi

359 4985 387 5043 in
408 4984 502 5044 medio
523 4982 680 5055 ecclesiae,
703 4981 821 5060 pedibus
839 4980 875 5038 ad
897 4990 1011 5058 portam
1030 4975 1143 5048 versis,

358 5096 387 5148 et
408 5085 500 5164 capite
521 5084 558 5143 ad
579 5086 680 5156 altare,
702 5093 734 5142 ut
756 5081 845 5142 muris
865 5090 917 5140 cst.
940 5078 997 5139 Sed
1019 5078 1143 5137 clericus

360 5186 495 5246 basilicae
507 5184 671 5264 praedictae
684 5201 802 5245 crucem
815 5193 944 5262 portans,
956 5179 1035 5238 illam
1051 5176 1143 5237 tenuit

360 5286 398 5345 ad
418 5298 507 5366 caput
528 5285 678 5357 defuncti,
699 5281 843 5363 quemad
864 5280 949 5361 pedes
974 5290 1071 5340 tenere
1090 5276 1143 5338 de-

362 5384 446 5447 bebat
460 5406 540 5447 more
557 5397 702 5446 corssueto.
723 5384 841 5445 interim
857 5379 999 5442 Oratores
1015 5388 1043 5438 et
1057 5393 1143 5456 prae·

361 5486 411 5546 lati
431 5485 568 5564 praedicti
590 5484 726 5547 sederunt
747 5484 778 5542 in
797 5482 897 5542 bancis
914 5478 1015 5541 altaris
1039 5476 1143 5536 Bautae

360 5585 470 5646 blarine
486 5587 632 5666 Virginis,
653 5584 734 5647 chori
756 5584 888 5645 videlicet
902 5581 1039 5643 ecelesiae
1058 5594 1144 5657 prae·

362 5688 475 5761 dictae,
496 5699 525 5748 et
544 5688 636 5749 trater
655 5686 800 5746 Marianus
823 5683 858 5745 de
879 5681 1006 5745 Viterblu
1025 5674 1143 5739 Ordinis

756 671 770 693 .
842 619 1128 686 VONinCbTUS
1150 618 1374 684 llVllOCElV‘lll
1393 620 1545 685 uersat.

1873 620 1987 707 (asam

1201 756 1452 829 Praedicatorum,
1468 768 1547 817 stans
1566 756 1595 817 in
1612 754 1710 817 intimo
1727 755 1833 834 gradu,
1847 772 1984 816 necemus

1200 857 1238 916 ud
1256 860 1349 919 altare
1363 858 1554 937 praedictum,
1567 876 1668 918 versus
1681 856 1718 917 ad
1736 858 1828 919 dictos
1842 855 1985 918 Oratores

1199 968 1230 1018 et
1250 961 1393 1037 praelatos
1406 959 1474 1019 lecit
1485 957 1636 1018 lursebrem
1651 958 1824 1029 orationem,
1840 970 1872 1019 ut
1894 958 1985 1018 moris

1199 1068 1259 1131 este
1279 1077 1336 1137 qua
1350 1057 1430 1119 finita
1442 1070 1622 1118 recesserunt
1640 1078 1749 1131 onmes,
1765 1070 1795 1119 et
1815 1059 1938 1135 quisque
1948 1058 1984 1117 ad

1201 1179 1283 1221 suam
1294 1159 1496 1220 habitationem
1517 1176 1663 1218 reversus.
1674 1159 1792 1219 Interim
1803 1158 1873 1217 dum
1888 1175 1986 1219 sermo

1201 1259 1293 1330 beret,
1313 1257 1400 1319 linitis
1419 1279 1436 1318 a
1457 1261 1537 1320 clero
1549 1260 1732 1337 responsorio
1748 1270 1776 1319 et
1792 1257 1987 1329 orationibus,

1201 1362 1354 1422 defunctus
1386 1369 1519 1437 portatus
1539 1369 1582 1419 est
1610 1359 1646 1417 ad
1673 1360 1831 1438 cappellam
1863 1357 1988 1419 Sanctae

1202 1462 1310 1522 blariae
1330 1461 1365 1521 de
1385 1460 1539 1534 Febribus‚
1560 1461 1588 1520 in
1607 1477 1677 1537 qua,
1694 1461 1722 1519 in
1741 1461 1850 1538 angulo
1866 1459 1902 1519 ad
1915 1460 1989 1521 sini·

1202 1575 1294 1623 stram
1320 1561 1518 1634 intrantibus,
1548 1562 1680 1640 sepultus
1710 1570 1763 1621 est.
1786 1557 1894 1639 Opinio
1924 1571 1989 1619 eset

1202 1660 1611 1741 quorumdamllercasomm
1620 1658 1667 1743 (l)
1677 1660 1912 1721 Florentinorum
1924 1658 1991 1720 lto·

1203 1780 1317 1822 manans
1334 1762 1454 1823 Curiam
1475 1760 1677 1837 sequentium,
1698 1759 1775 1838 quod
1799 1760 1887 1820 mmm
1905 1770 1989 1838 pater

1202 1862 1330 1924 defuncti
1349 1862 1438 1921 lanus
1457 1859 1602 1920 mmciare
1622 1858 1742 1920 debebat
1761 1858 1798 1919 ad
1822 1860 1990 1932 ecclesiam,

1203 1964 1304 2042 pannis
1328 1963 1452 2023 violatiis
1485 1960 1617 2023 obscuris
1647 1960 1788 2033 vestitus,
1809 1957 1888 2037 quod
1918 1958 1990 2020 mibi

1203 2066 1351 2125 dissonum
1364 2062 1528 2134 videbatur,
1540 2078 1608 2121 cum
1622 2072 1695 2121 emet
1710 2061 1739 2120 in
1755 2059 1872 2140 publico
1882 2060 1990 2133 officim

1203 2167 1290 2243 idque
1317 2176 1399 2243 pater
1422 2163 1556 2225 similiter
1578 2173 1736 2241 reputans,
1758 2172 1913 2241 propterea
1934 2179 1992 2223 nou

1203 2265 1363 2325 associavit.

1245 2365 1330 2425 Faria
1348 2362 1493 2435 secunda,
1516 2379 1591 2422 norm
1611 2361 1708 2421 martii
1722 2359 1778 2421 SS.
1789 2359 1826 2421 l).
1838 2357 1874 2420 ll.
1892 2360 1923 2420 in
1943 2378 1994 2421 sc·

1204 2475 1286 2526 creto
1321 2463 1514 2533 consistorio,
1539 2461 1673 2523 omnibus
1705 2460 1769 2520 tut.
1789 2458 1994 2522 cardinalibus

1204 2576 1274 2626 tunc
1302 2566 1330 2623 in
1363 2562 1444 2626 Urbe
1475 2562 1674 2635 existentibus,
1705 2579 1764 2622 uno
1791 2559 1923 2641 dempto,
1946 2561 1995 2619 vi·

1205 2664 1307 2726 delicet
1341 2661 1378 2721 ll·
1408 2660 1444 2723 Ι).
1472 2661 1623 2724 Cardinalc
1658 2660 1782 2723 Sanctae
1821 2660 1931 2722 blariae
1963 2661 1993 2720 in

1205 2763 1326 2825 Porticu
1342 2763 1394 2841 uui
1419 2780 1475 2822 non
1496 2762 1651 2834 interluit,
1672 2761 1920 2832 interessentibus,
1941 2762 1994 2837 qui

1205 2865 1325 2925 luerunt
1345 2879 1446 2934 xrrsr,
1467 2861 1598 2923 videlicet
1619 2860 1894 2934 vicecancellarius,
1915 2858 1996 2920 llea·

1207 2967 1361 3047 politanus,
1374 2964 1474 3026 Sancti
1487 2964 1590 3038 Marci,
1602 2965 1700 3027 Sancti
1715 2966 1795 3028 Petri
1807 2966 1843 3027 ad
1857 2965 1995 3038 Vincula,

1207 3066 1430 3146 andegavensis,
1448 3065 1603 3146 Episcopi
1604 3088 1616 3137 ,·
1633 3066 1731 3130 Sancti
1748 3064 1997 3145 unguentum-

1207 3168 1311 3238 nensis,
1331 3166 1564 3239 llachanatensis,
1575 3166 1674 3227 Sancti
1689 3165 1997 3237 Clementis‚.ianuen·

1207 3269 1245 3329 sis
1256 3313 1266 3342 ,
1287 3268 1323 3328 de
1344 3266 1521 3342 Comitibus‚
1544 3267 1717 3342 Parmensis,
1729 3268 1912 3349 Presbyteri
1918 3288 1931 3339 ,·
1960 3266 1996 3329 de

1207 3368 1301 3442 Fuxo,
1316 3366 1348 3427 S.
1370 3366 1499 3448 Georgii,
1513 3367 1547 3430 de
1566 3367 1699 3443 Sabellis,
1712 3369 1864 3441 Columna,
1878 3367 1914 3427 de
1929 3367 1995 3430 Ur-

1208 3469 1287 3541 sinis,
1298 3480 1328 3528 et
1339 3467 1766 3539 Ascanius‚1iioconi‚crearit
1776 3469 1906 3546 quinque
1918 3467 1997 3529 Oar-

1208 3569 1424 3638 dinalesnoros,
1439 3567 1569 3627 videlicet
1579 3568 1679 3627 llli.in
1690 3568 1808 3630 Christo
1819 3568 1923 3628 Patres
1932 3569 1998 3628 An·

1208 3669 1307 3731 dream
1328 3666 1568 3748 Lugdunensem,
1589 3669 1660 3729 alins
1679 3669 1925 3749 burdegalensem
1937 3665 1999 3751 (ἲ),

1208 3769 1397 3833 Laurentium
1415 3767 1658 3843 Beneventanum,
1679 3770 1908 3849 archiepiscopos
1928 3769 1994 3849 (3);

1209 3873 1379 3933 Ardicinum
1392 3872 1466 3933 della
1478 3872 1567 3931 Porta
1586 3871 1759 3932 Aleriemem
1771 3872 1827 3953 (l),
1841 3872 1999 3931 anamm-

1249 4106 1285 4168 (t)
1307 4104 1348 4154 Sic
1371 4104 1398 4153 in
1413 4102 1516 4153 Codice.
1539 4101 1635 4156 Nescio
1652 4116 1685 4154 sn
1700 4103 1750 4165 legi
1773 4102 1869 4153 debeat
1890 4102 2000 4154 Procu-

1210 4187 1303 4236 toruos.
1678 4193 1681 4210 ¹

1252 4267 1288 4321 (a)
1304 4261 1443 4311 l’anriuius
1459 4265 1486 4310 et
1502 4260 1642 4312 ciaconius
1661 4259 1821 4311 ludovicum
1844 4258 2001 4323 d'llspinay

1210 4344 1422 4393 Armoricensem
1436 4341 1569 4402 appellant
1581 4343 1649 4391 bunc
1665 4340 1839 4399 Cardinalem,
1850 4342 1877 4388 et
1893 4338 2002 4401 plurimi

1210 4424 1254 4473 alii
1280 4434 1339 4471 cum
1365 4421 1412 4471 cis.
1435 4420 1486 4470 Sed
1514 4420 1694 4471 Fordinandus
1715 4418 1856 4482 agnellus,
1876 4431 2000 4469 errorem

1213 4500 1427 4552 animadvertens
1444 4499 1589 4550 scribebat:
1608 4500 1696 4550 -uala
1712 4500 1861 4549 badericus
1876 4498 1912 4547 sb
1927 4502 2001 4547 onu-

1211 4583 1287 4644 pbrio
1302 4587 1330 4631 et
1345 4581 1469 4630 ciaconio
1484 4579 1591 4638 dicitur,
1607 4580 1658 4629 nisi
1673 4579 1742 4629 forte
1754 4582 1826 4630 esset
1842 4579 2001 4635 binominis;

1211 4661 1332 4712 Andreas
1358 4660 1427 4709 enim
1455 4657 1489 4706 ab
1509 4657 1648 4716 omnibus,
1663 4670 1731 4719 quos
1753 4657 1824 4715 ridi,
1845 4656 2001 4706 auctoribus

1213 4746 1342 4798 vocatur,
1356 4739 1496 4790 Monachus
1520 4741 1547 4785 et
1572 4736 1648 4785 Prior
1664 4738 1686 4786 S
1705 4736 1806 4787 llartini
1830 4735 1865 4785 de
1892 4735 2000 4798 Campis

1212 4822 1311 4872 ordinis
1328 4819 1352 4869 S-
1378 4816 1530 4875 Benedicti;
1546 4816 1760 4878 archiepiscopus
1776 4813 1999 4875 burdegalensis,

1212 4900 1272 4950 inde
1292 4898 1482 4960 Lugdunensis.
1498 4894 1629 4945 Videndus
1652 4894 1784 4944 Arnoldus
1801 4890 1901 4951 varon,
1918 4892 2001 4942 Fran·

1210 4980 1298 5029 uiscus
1324 4977 1495 5028 Belloreslius
1521 4980 1548 5025 et
1571 4974 1703 5026 Claudius.
1729 4973 1843 5025 lacobus
1872 4972 1999 5030 Brutius,

1213 5058 1310 5109 maora.
1321 5057 1399 5116 datm.
1418 5055 1555 5115 narnus„
1572 5067 1631 5105 eum
1644 5054 1853 5106 Gubernatorem
1871 5050 2005 5101 rureten-

1213 5151 1270 5189 sem
1288 5142 1379 5195 vocat;
1399 5136 1446 5186 sed
1463 5140 1490 5184 et
1507 5137 1650 5196 improprie
1666 5146 1681 5182 a
1698 5134 1829 5183 nonnullis
1844 5132 1943 5181 dicitur
1960 5131 2004 5180 Br-

1211 5216 1352 5266 tursceusis
1368 5206 1593 5275 archiepiscopus.
1613 5234 1623 5256 ·
1636 5211 1802 5264 Burcbsrdus
1815 5210 1898 5260 verba
1911 5208 2003 5272 ugner-

1211 5296 1239 5344 lii
1255 5309 1303 5358 per
1320 5299 1405 5343 omnia
1422 5293 1568 5343 confirmat.

1251 5377 1287 5436 (a)
1303 5375 1459 5425 Laurentius
1476 5373 1550 5429 Ciba,
1561 5373 1716 5428 Genususis,
1729 5369 1872 5419 lnnucentii
1890 5366 1952 5418 Vlll.
1968 5380 2001 5417 ex

1211 5456 1293 5505 tratre
1311 5465 1401 5515 nepos.
1414 5452 1505 5513 Utpote
1519 5453 1647 5501 maximae
1663 5450 1805 5512 probitatis
1816 5450 1858 5499 rir
1869 5449 1904 5498 ab
1914 5449 2003 5499 omni·

1211 5533 1261 5584 bus
1276 5533 1490 5591 commendatus,
1507 5534 1564 5593 cius
1580 5531 1613 5582 ad
1629 5530 1825 5581 Cardinalatum
1853 5529 2003 5591 assumptio

1211 5613 1259 5664 iuit
1276 5613 1460 5662 universaliter
1476 5611 1596 5674 probata.

1252 5696 1287 5755 (l)
1302 5692 1439 5742 Ardicinus
1457 5689 1492 5742 De
1511 5692 1534 5741 la
1551 5690 1636 5751 Furta,
1652 5688 1844 5748 Novaniensis,
1859 5690 2005 5751 episcopus
