4492 6859
246 622 358 710 (ism)

253 763 316 825 lens
336 780 403 823 eum
421 760 521 841 aliquo
541 781 576 822 ex
594 761 709 842 Regum
730 760 798 822 bilis
817 761 845 820 in
866 758 947 822 Urbe
968 774 1040 819 cos·

253 875 391 924 currente
401 860 459 943 (l),
469 861 673 943 disceptatione
692 865 774 924 loeus
791 861 825 924 de
842 860 1040 943 praecedentia

246 973 276 1023 et
300 981 336 1023 eo
357 981 424 1023 casu
457 963 525 1024 Dux
549 963 702 1025 Mediolani
735 976 855 1046 propter
877 966 1035 1043 potentiam

245 1063 475 1141 praeferendus,
505 1076 535 1125 et
565 1062 723 1141 juvandus.
744 1067 798 1127 llis
817 1068 860 1127 sic
887 1068 1038 1146 peractis,

247 1165 385 1245 Princeps
411 1168 561 1245 praelatus
587 1167 719 1229 alievv.
741 1168 872 1230 Dominis
900 1167 1040 1249 Neapoli·

247 1278 313 1328 tano
334 1277 362 1328 et
384 1267 501 1330 Senensi
524 1269 667 1346 usquead
686 1270 837 1350 Apostolos
850 1282 880 1332 et
895 1270 1037 1351 palatium

246 1365 318 1427 llev.
351 1368 465 1429 Domini
499 1370 663 1433 Oardlnalis
684 1372 784 1434 Sancti
804 1373 885 1435 Petri
908 1374 943 1433 ad
965 1374 1039 1435 Vin·

244 1468 311 1528 cula
327 1511 336 1538 ,
354 1471 383 1528 in
405 1488 465 1546 quo
484 1471 671 1550 hospitandus
691 1486 771 1548 erat,
793 1477 953 1537 associatus
973 1487 1038 1551 est,

244 1568 355 1630 medios
377 1570 453 1631 inter
470 1573 584 1634 eosdem
598 1573 764 1637 cardinales
779 1577 945 1655 equitando.
968 1578 1039 1639 Post

245 1682 313 1725 eum
329 1677 474 1727 venerunt
495 1670 616 1747 praelati
635 1672 747 1737 Palatii.
767 1670 919 1747 Oratores,
938 1686 967 1737 et
988 1675 1038 1739 alii

245 1768 389 1846 praelati,
417 1786 452 1829 eo
481 1769 600 1845 ordine,
622 1774 903 1851 querebamus
925 1776 960 1837 ad
981 1795 1038 1858 pa·

246 1868 349 1928 latium
369 1870 570 1948 Apostolicmn
593 1888 740 1937 venerant.
761 1877 836 1940 Cum
856 1890 948 1941 essem
971 1888 1037 1941 ante

243 1980 360 2049 portam
383 1970 486 2031 Palatii
508 1973 647 2051 praedIcti
671 1977 749 2056 apud
765 1980 929 2059 Apostolos,
943 1980 1035 2041 Prin-

243 2090 311 2153 ceps
341 2072 546 2136 Cerdiuolibus
578 2081 688 2158 gratias
716 2101 804 2161 agere
832 2084 949 2156 voluit,
983 2083 1035 2145 sed

242 2173 296 2252 ipsi
316 2177 513 2239 antecedentes
538 2178 713 2262 Principem,
728 2183 824 2263 ipsum
840 2203 933 2265 usque
953 2185 1032 2245 intus

242 2276 278 2335 ad
300 2276 448 2338 introitum
479 2297 582 2341 versus
605 2281 742 2356 bortum,
764 2284 813 2344 arbi
843 2286 922 2346 ultra
944 2287 1034 2364 eqni-

243 2386 307 2439 tare
327 2396 384 2439 non
415 2390 572 2458 poterant,
591 2384 794 2456 associarunt,
814 2396 844 2446 et
863 2385 967 2447 ibidem
987 2385 1035 2446 di-

242 2477 332 2539 misso
354 2479 489 2557 Principe
509 2493 689 2543 recesserunt
701 2482 868 2545 cardinales
889 2496 917 2547 et
940 2487 1033 2549 Prae·

239 2579 290 2639 lati
305 2597 413 2650 omnes,
430 2581 565 2662 Principe
580 2583 648 2662 ipsis
664 2586 773 2663 gratias
789 2604 846 2648 non
866 2588 1007 2650 referente
1025 2632 1034 2661 ‚

238 2681 307 2759 qtria
323 2699 379 2741 nox
399 2693 483 2756 erat,
506 2694 535 2745 et
561 2685 620 2766 ipse
634 2686 773 2767 Princeps
791 2707 844 2768 per
856 2686 1035 2765 cardinales,

243 2792 278 2842 ut
295 2784 495 2862 praemittitur
509 2831 518 2859 ,
531 2797 646 2867 praeter
671 2790 776 2850 bonam
799 2792 1034 2855 consuetudinem

239 2880 336 2943 iuerat
359 2883 563 2959 introductus,
585 2902 620 2950 ex
641 2907 701 2968 quo
715 2908 772 2951 non
790 2893 908 2971 putuit,
930 2904 963 2954 ut
977 2911 1033 2974 par

238 2995 312 3057 erat,
333 2985 452 3065 singulis
467 3006 498 3048 sc
514 3006 596 3051 mure
617 2994 705 3053 solitu
725 3006 843 3073 gratum
869 2996 1031 3059 ostendere.¹

239 3084 375 3147 Venimus
395 3098 493 3148 autem
514 3090 550 3151 de
578 3093 686 3171 palatio
709 3095 879 3176 Apostolico
893 3098 929 3157 ad
951 3097 1033 3177 Apo·

244 3188 334 3248 stolus
355 3205 406 3266 per
429 3190 505 3248 viam
526 3190 632 3269 Papae:
653 3195 751 3269 multi,
772 3197 877 3257 salmas
899 3198 1033 3259 deleren-

243 3296 307 3357 tes,
330 3306 386 3349 non
407 3302 549 3352 venerunt
577 3293 613 3353 ad
648 3296 789 3374 palatium
811 3299 1031 3378 Apostolicom,

238 3386 288 3448 sed
310 3391 356 3448 ria
377 3392 513 3471 superius
528 3392 626 3467 dicta,
647 3399 794 3475 usquead
812 3383 1033 3463 Pontem'Sanss

239 3490 280 3551 cti
301 3491 404 3571 Angeli
426 3492 500 3553 citra
522 3505 640 3566 tamen,
660 3508 690 3558 et
709 3499 813 3563 ibidem
835 3502 871 3561 ad
893 3501 1029 3563 dextram

238 3609 342 3653 vasus
362 3594 504 3673 palatium
526 3593 686 3658 cardinalis
712 3599 876 3664 Parmensis
902 3622 932 3664 se
961 3611 1031 3666 rer·-¹

237 3700 340 3765 tentes,
361 3706 441 3756 recta
463 3696 509 3755 via
529 3697 565 3756 ad
587 3700 739 3777 Apostolos
760 3703 952 3766 diverterunt.

283 3794 368 3857 lieris
396 3807 513 3874 quarta,
533 3815 584 3859 xn
606 3800 775 3874 decembris,
796 3803 854 3865 init
874 3806 1023 3883 pubiicum

238 3896 442 3957 consistorium
473 3898 502 3957 in
535 3899 622 3959 tertia
650 3903 717 3962 aula
748 3904 848 3983 palatii
870 3906 1029 3985 Apostolici

239 3996 316 4073 apud
339 3995 478 4056 Sanctum
499 3997 643 4070 Petrum,
664 4001 693 4059 in
723 4021 782 4080 otto
803 4014 930 4082 quatuor
946 4003 1029 4066 Ora·

238 4093 1025 4183 toresllagniticorumDominornmAugustiniAdumi

237 4194 448 4258 Gubernatoris
467 4195 646 4269 Ganuensis,
666 4212 695 4261 et
726 4201 843 4265 Ducalis
869 4202 1030 4268 Lucumte·

237 4297 330 4357 nentis
348 4316 383 4359 ac
407 4297 526 4359 Consilii
552 4299 751 4362 Anciannrum
780 4307 946 4366 comtmrnis
966 4305 1028 4369 Ge·

238 4414 332 4468 nune,
355 4398 486 4459 videlicet
507 4398 542 4458 D.
569 4399 694 4461 lacobus
713 4402 832 4481 Spinola
865 4406 1022 4484 utriusque

238 4497 318 4557 luris
333 4498 446 4570 doctor,
460 4498 604 4559 lohannes
619 4500 748 4579 baptista
766 4502 922 4577 Adurnus,
945 4506 1027 4566 Pau-

238 4598 284 4657 lus
302 4597 338 4658 de
354 4598 450 4658 Flisco
471 4609 500 4659 et
511 4597 654 4661 silvester
664 4601 769 4663 lnurea
784 4601 869 4665 Cives
884 4603 1028 4667 Oenuen·

237 4717 292 4769 scs,
304 4698 419 4759 nomine
429 4697 641 4761 Gubernatoris
655 4699 889 4766 Locumtcnentis
907 4716 936 4767 et
949 4704 1028 4767 Oun-

236 4796 292 4856 siiii
325 4798 560 4877 praedictorum,
593 4801 800 4879 praestiterunt
838 4803 1028 4865 obedientiam

241 4896 389 4968 debitam,
408 4908 436 4958 et
452 4897 594 4960 devotam.
611 4899 755 4961 Assoeiati
771 4901 891 4963 luerunt
905 4923 922 4963 a
936 4904 1028 4982 quin·

239 5015 297 5075 que
333 4998 471 5077 praelatis
504 4998 724 5072 assistentibus,
745 5002 880 5065 videlicet
898 5002 1028 5065 Dominis

238 5097 472 5178 Arcbiepiscopis
501 5097 660 5161 Cuscntino
685 5112 714 5162 et
729 5099 943 5177 Tricoricensi,
963 5104 1026 5164 Do·

239 5197 597 5270 lenetssi,llulterrancnsi‚
617 5218 653 5260 ac
673 5201 1026 5283 Alexandrinoepiseopis.

238 5298 408 5379 Propositae
440 5297 561 5359 luerunt
588 5299 662 5361 duae
682 5303 903 5364 commissiones.
925 5303 1026 5365 Prima

237 5419 290 5479 per
326 5400 483 5461 Dominum
504 5399 663 5462 iohannem
689 5402 844 5483 baptistam
867 5402 902 5465 de
917 5402 949 5464 S.
968 5402 1026 5467 Se·

238 5502 350 5562 verino.
374 5502 508 5563 Secunda
541 5522 593 5583 per
615 5503 649 5564 D.
678 5505 823 5568 lustinum
842 5507 1024 5569 Valentinum

275 5716 312 5776 (t)
329 5714 392 5765 Vide
403 5727 462 5779 pag.
474 5716 530 5775 17⁸,
546 5716 599 5767 stt.

681 590 683 594 ’
719 618 1005 686 mmtrtmrns
1026 617 1252 687 sumerum
1271 618 1401 683 sarrs.

1828 627 1892 689 iii

1108 756 1290 820 tonsarum
1320 758 1420 832 rtet,
1458 769 1558 821 emm
1594 759 1764 837 reusam,
1796 745 1893 843 negas

1107 869 1204 938 gentes
1238 859 1349 920 litteras
1377 870 1406 922 et
1445 859 1579 922 mandata
1608 862 1782 943 Apostolics.
1809 862 1892 927 Ora-

1107 962 1213 1020 tionem
1235 961 1302 1021 lecit
1331 961 1443 1040 primus
1462 959 1646 1034 Oratorum,
1668 964 1802 1027 videlicet
1830 966 1894 1028 Do·

1106 1061 1200 1121 minus
1225 1060 1350 1122 lacobus
1372 1061 1512 1142 Spinola,
1530 1073 1560 1127 ct
1578 1066 1799 1144 elegantissime3
1813 1067 1889 1145 qui,

1105 1170 1135 1220 et
1146 1161 1324 1224 ‘consistorio
1339 1163 1435 1235 linito,
1454 1162 1583 1225 fimbrias
1601 1168 1777 1247 posteriores
1798 1168 1893 1248 Papae

1105 1281 1188 1324 mure
1201 1265 1285 1325 solito
1297 1267 1435 1345 portavit.

1146 1363 1231 1423 Faria
1249 1376 1338 1438 sexta,
1355 1384 1402 1429 xx
1428 1366 1498 1429 dicti
1524 1369 1629 1431 mensis
1642 1369 1813 1445 decembris,
1837 1373 1893 1435 luit

1105 1463 1257 1543 pubiicum
1280 1467 1484 1529 consistorium
1505 1470 1582 1550 inp.
1603 1470 1731 1549 majore,
1753 1472 1889 1536 videlicet

1105 1566 1172 1626 auia
1199 1568 1298 1645 palatii
1326 1570 1505 1650 supradicti,
1532 1572 1561 1631 in
1580 1590 1640 1651 quo
1659 1572 1732 1635 Rev.
1755 1573 1783 1633 in
1799 1572 1892 1635 Chri·

1103 1677 1149 1729 sto
1166 1667 1200 1728 P.
1218 1667 1255 1729 D.
1270 1669 1431 1751 Episcopus
1448 1672 1642 1735 balneolensis
1651 1684 1680 1735 et
1694 1673 1731 1735 D.
1747 1674 1891 1737 lobanoes'

1104 1767 1894 1854 attiusabacoaestuabaeoisstlemtcntngttse

1103 1880 1133 1930 et
1142 1870 1283 1932 Francius
1295 1871 1382 1951 liegis
1393 1875 1420 1933 io
1431 1872 1512 1935 Urbe
1521 1869 1584 1949 jam
1597 1873 1646 1934 diu
1657 1892 1675 1932 a
1685 1884 1814 1955 tempore
1823 1875 1892 1938 ioe-

1103 1970 1166 2031 licis
1187 1971 1414 2035 reminiscentiae
1424 1973 1583 2035 bmocentii
1595 1973 1689 2054 Papae
1699 1976 1766 2037 Vlll
1781 1976 1891 2038 coristi·

1103 2073 1170 2145 tmi,
1180 2070 1245 2153 (qui
1267 2073 1378 2135 litteras
1403 2074 1457 2133 sub
1472 2074 1537 2135 data
1552 2093 1583 2138 vt
1602 2076 1707 2137 mensis
1720 2077 1890 2157 septembris

1102 2174 1231 2252 proxime
1250 2174 1399 2252 praeteriti
1428 2192 1445 2233 a
1473 2175 1603 2254 praelato
1621 2175 1700 2257 Rege
1719 2188 1891 2257 receperunt

1101 2289 1189 2352 super
1201 2272 1361 2335 obedientia
1380 2272 1434 2335 SS.
1456 2273 1492 2335 D.
1506 2273 1540 2335 ll.
1557 2273 1757 2358 praestanda),
1776 2277 1890 2340 nomine

1101 2370 1230 2450 ejusdem
1257 2375 1336 2455 regis
1364 2374 1553 2437 obedientiam
1579 2376 1703 2438 deatum
1732 2376 1885 2456 praestita·

1101 2484 1181 2533 runt.
1203 2471 1371 2535 Orationem
1403 2476 1473 2538 iecit
1493 2478 1640 2557 praetatus
1658 2476 1695 2537 D.
1715 2476 1890 2556 Episcopus,

1100 2571 1172 2634 beas
1203 2583 1232 2633 et
1263 2574 1410 2653 eleganter
1442 2578 1654 2655 compositam,
1683 2576 1732 2639 sed
1764 2589 1885 2658 propter

1101 2671 1289 2751 inexpeditam
1308 2673 1502 2753 expressivum
1530 2672 1682 2751 ejusdem,
1701 2677 1887 2739 audientibus

1100 2772 1196 2832 minus
1215 2784 1339 2852 gratam.
1357 2773 1499 2836 Associati
1511 2774 1632 2837 fuerunt
1654 2777 1706 2856 ipsi
1726 2778 1786 2839 duo
1805 2775 1888 2840 Ors-

1100 2880 1178 2935 tores
1197 2893 1233 2936 ex
1252 2872 1374 2936 camera
1391 2877 1566 2955 Apostoiica,
1583 2876 1633 2937 ubl
1651 2876 1765 2940 llotarii
1778 2878 1887 2952 sedent,

1098 2971 1136 3032 ad
1167 2974 1264 3033 aulam
1287 2973 1463 3054 praedictam
1492 2993 1546 3055 per
1566 2988 1695 3055 quatuor
1715 2978 1889 3054 assistentes,

1101 3071 1235 3134 videlicet
1255 3072 1455 3148 cusentinum,
1475 3075 1674 3150 Dolenensem,
1693 3078 1890 3141 Vulterancn·

1098 3192 1159 3235 sem
1189 3184 1219 3235 et
1253 3172 1498 3247 Alexandrinum
1519 3178 1643 3238 osculati
1677 3188 1744 3237 sunt
1764 3178 1888 3258 pedem,

1098 3292 1218 3335 manum
1239 3285 1268 3337 et
1288 3291 1335 3336 os¹
1352 3274 1447 3354 Papae
1467 3286 1533 3337 ante
1566 3275 1719 3338 literarum
1745 3297 1885 3358 praesen-

1099 3376 1256 3450 tationem3
1274 3384 1303 3437 et
1323 3393 1426 3438 aarum
1449 3376 1567 3451 tamilla,
1589 3376 1760 3439 consistorio
1780 3377 1885 3451 firtito,

1097 3477 1134 3536 ad
1156 3476 1237 3557 pedis
1257 3478 1392 3539 osculum
1424 3495 1475 3557 per
1496 3477 1605 3558 Papam
1638 3488 1773 3558 recepta,
1795 3490 1884 3559 prout

1097 3595 1150 3656 per
1171 3595 1261 3639 novos
1282 3573 1427 3640 Oratores
1449 3577 1484 3638 ad
1506 3577 1624 3641 Curiam
1648 3597 1703 3658 pro
1724 3578 1886 3642 obedientia

1098 3679 1268 3758 praestanda
1286 3679 1427 3740 venientes
1446 3689 1593 3740 eteorum
1610 3680 1735 3741 familias
1749 3680 1778 3739 in
1794 3681 1884 3743 simili

1096 3789 1165 3840 actu
1186 3776 1251 3840 fieri
1285 3780 1446 3841 consuevit.
1468 3779 1636 3858 Propositus
1667 3781 1787 3843 luerunt
1811 3780 1886 3844 duae

1097 3879 1322 3952 cornmissioncs,
1336 3879 1431 3959 prima
1453 3898 1506 3959 per
1523 3878 1560 3939 D.
1576 3877 1772 3940 Octavianum
1792 3878 1885 3944 Sues·

1096 3996 1221 4052 sanum,
1242 3978 1366 4039 secunda
1393 3998 1444 4059 per
1467 3978 1502 4039 D.
1523 3977 1671 4039 lustinum
1699 3981 1883 4046 Valentinum

1096 4080 1279 4141 Advocatum
1299 4079 1386 4141 Fisci.
1431 4100 1434 4104 ’

1138 4180 1208 4242 lieri
1229 4199 1296 4243 sero
1326 4180 1540 4242 illustrissimus
1571 4180 1691 4244 Donuus
1722 4182 1880 4246 Fedcrieus

1096 4280 1131 4343 de
1152 4282 1301 4361 Ameana,
1319 4281 1458 4362 Princeps
1479 4282 1658 4358 Altamurac,
1678 4285 1756 4345 venit
1768 4283 1804 4345 ad
1823 4284 1884 4346 Pa·

1095 4382 1218 4456 latium‚
1242 4393 1271 4445 et
1291 4384 1468 4447 audientiam
1489 4396 1631 4446 secretam
1663 4383 1766 4445 babuit
1786 4402 1803 4443 a
1824 4382 1882 4446 SS.

1094 4482 1131 4543 D.
1153 4482 1188 4544 il.
1210 4483 1298 4564 Papa.
1635 4544 1637 4547 Α

1137 4584 1288 4645 Dominica
1321 4583 1406 4646 tertio
1428 4583 1599 4656 Adventus,
1621 4602 1676 4648 xvt
1700 4583 1884 4658 decembris,

1097 4682 1170 4744 Rev.
1212 4683 1296 4745 Dom-
1328 4682 1493 4746 cardinalis
1524 4684 1688 4747 Parmensis
1728 4684 1886 4748 celebravit

1094 4784 1212 4845 Missam
1239 4785 1419 4857 solemnem,
1441 4786 1469 4846 in
1497 4788 1628 4867 cappella
1650 4781 1784 4861 majore,
1803 4783 1882 4864 Papa

1094 4895 1253 4963 praesente,
1265 4885 1406 4947 consuetis
1422 4883 1614 4949 caerimoniis.
1632 4885 1801 4947 Sermonem
1813 4883 1881 4944 iecit

1094 4994 1270 5064 procurator
1286 4984 1399 5045 ordinis
1418 4984 1636 5048 Heremitarum
1651 4983 1751 5044 Sancti
1773 4982 1881 5061 Augu·

1093 5085 1169 5144 stini.
1190 5084 1376 5165 interrogavi
1398 5096 1464 5147 ante
1484 5084 1601 5147 Missam
1627 5083 1683 5145 SS.
1706 5083 1742 5146 D.
1764 5082 1822 5155 N.,
1843 5100 1881 5144 an

1093 5183 1238 5246 Sanctitas
1259 5183 1320 5247 Suu
1347 5183 1505 5249 intenderet
1523 5185 1673 5248 ldatutinis
1699 5183 1791 5246 noctis
1817 5181 1879 5244 tta-

1092 5287 1158 5347 talis
1179 5286 1292 5350 Domini
1306 5286 1464 5359 interesse,
1485 5287 1547 5348 Deo
1570 5286 1683 5348 volente
1694 5306 1707 5359 3
1728 5303 1814 5362 quem
1835 5283 1878 5344 sic

1092 5385 1296 5466 interrogavi,
1317 5406 1404 5467 qtsem
1425 5386 1555 5450 ordinem
1578 5386 1665 5448 veliet
1690 5385 1719 5445 in
1740 5384 1877 5447 decanta·

1091 5486 1169 5548 tione
1189 5487 1346 5548 lectionum
1371 5487 1541 5559 observari,
1565 5506 1633 5549 cum
1654 5498 1746 5548 esseut
1767 5487 1875 5566 plures.

1090 5586 1268 5667 Respondit,
1290 5588 1406 5668 quodsi
1427 5589 1486 5669 ipse
1506 5588 1657 5650 lectionem
1678 5588 1814 5651 dicturus
1828 5606 1878 5648 es·

980 5731 982 5736 -
1090 5700 1147 5767 set,
1160 5691 1315 5756 couvcuire
1333 5691 1491 5769 rideretur,
1503 5690 1586 5773 ‚quasa
1604 5690 1692 5766 etiam
1710 5688 1878 5761 cardinales
