4492 6859
307 615 367 679 ιιι

306 754 391 816 Sacri
418 755 520 817 Palatii
541 755 699 835 Apostolici
718 752 880 815 causarum
901 753 1088 829 dudltorem,

184 933 187 938 Ι
305 855 453 917 Ecclesiae
475 855 633 916 Solricensi
665 865 734 914 tunc
761 854 891 916 Pastoris
912 856 1015 916 solatio
1036 855 1089 916 de-

305 957 445 1031 stitutae,
469 955 505 1014 ad
535 973 622 1033 quarn
656 953 714 1014 duo
733 955 817 1015 electi
844 965 938 1030 erant,
961 973 1087 1033 quorum

306 1074 380 1118 unns
403 1056 502 1116 babuit
522 1073 689 1115 eonsensum
711 1054 799 1135 Regis
818 1056 919 1117 Datiae
940 1066 969 1117 et
989 1055 1089 1116 literas

304 1155 553 1219 commendatitias
586 1154 623 1213 ad
656 1154 754 1216 Sanct.
782 1155 818 1214 D.
840 1154 874 1215 n.
903 1157 933 1216 in
959 1156 1087 1215 savorem

305 1274 394 1316 suurn
406 1276 417 1327 3
439 1266 468 1315 et
489 1253 608 1332 qnidam
635 1255 749 1327 tertius,
775 1272 901 1315 asserens
922 1256 1087 1317 electionem

209 1406 217 1429 ,
304 1356 403 1416 locum
436 1371 491 1413 non
523 1353 653 1428 babere,
673 1364 701 1414 et
728 1353 887 1415 Ecclesiam
909 1354 1086 1434 praedictam

304 1454 358 1513 snb
381 1453 561 1514 concordatis
580 1454 703 1514 nationis
718 1453 907 1516 Germanicae
928 1473 983 1515 non
1004 1473 1089 1516 com-

305 1554 453 1634 prehendi,
465 1554 585 1613 instabat
603 1573 633 1614 se
649 1554 684 1612 ad
698 1554 792 1615 sedem
804 1554 948 1616 Ecclesiae
960 1553 1085 1632 praedci3

305 1652 470 1731 hujusmodi
490 1664 586 1716 autem
608 1655 826 1733 praelectionem
848 1654 986 1713 Dominus
1007 1654 1089 1713 ilen-

307 1756 387 1814 ricns
407 1753 506 1833 lileyer
528 1755 583 1815 88.
603 1755 638 1814 D.
660 1752 693 1813 Ν.
717 1753 812 1833 Papae
833 1754 1033 1816 cubicularius
1054 1776 1088 1817 es

305 1856 471 1915 consistorio
487 1856 600 1926 missus,
611 1854 645 1913 D.
657 1853 808 1933 Egerardo
822 1863 851 1913 et
861 1856 923 1914 aliis
938 1856 1089 1916 coaudito-

789 613 1069 681 PONTlFlCATUS
1090 614 1311 679 lllllOCEilTll
1331 612 1482 678 ocante.

1829 611 1941 698 (ιιιι)

1158 753 1335 833 vigesimam,
1355 770 1407 832 per
1424 760 1539 829 partam
1558 746 1693 809 Viridsrii
1708 747 1862 809 intrarunt
1882 750 1941 811 Ur·

1157 854 1221 914 bem
1233 853 1289 914 duo
1308 854 1386 925 iaici,
1395 850 1534 913 Oratores
1543 849 1721 910 serenissimi
1735 849 1824 929 Regis
1839 850 1942 930 Hispa·

1157 954 1229 1023 niae,
1249 970 1322 1012 nnus
1344 952 1433 1024 miles,
1452 951 1524 1010 alius
1544 949 1667 1024 Ductor,
1682 949 1719 1008 ad
1740 949 1853 1029 Regem
1869 950 1941 1012 liee-

1156 1053 1313 1132 politanam
1328 1097 1337 1125 ,
1354 1051 1391 1111 ad
1411 1049 1570 1121 instantiam
1591 1049 1698 1129 Papae,
1708 1061 1750 1117 ,ut
1771 1051 1941 1127 dicebatur,

1156 1171 1211 1231 pro
1230 1152 1382 1213 concordia
1405 1151 1566 1221 tractanda,
1588 1162 1616 1212 et
1638 1151 1786 1213 Nobilibus
1810 1152 1940 1214 ducentis

1157 1250 1309 1313 liberandis
1331 1252 1429 1325 missi,
1450 1253 1501 1329 qui
1531 1252 1636 1331 recepti
1655 1262 1723 1312 sunt
1745 1272 1798 1333 per
1821 1255 1943 1314 familias

1157 1352 1211 1412 88.
1231 1353 1266 1412 D.
1278 1351 1311 1411 li.
1334 1352 1439 1431 Papae,
1461 1362 1490 1412 et
1510 1352 1573 1411 lili.
1594 1352 1655 1412 DD.
1672 1353 1887 1428 cardinalium,
1908 1373 1942 1417 eo

1156 1464 1247 1525 more',
1261 1470 1296 1511 ac
1310 1452 1333 1511 si
1349 1472 1403 1532 pro
1418 1452 1576 1512 obedientie
1590 1452 1741 1515 sanctitati
1758 1454 1841 1517 Suae
1853 1472 1943 1535 prae-

1155 1552 1255 1612 standa
1273 1552 1423 1612 venirent:
1438 1553 1561 1613 familiae
1576 1552 1639 1613 th.
1656 1555 1718 1614 DD.
1740 1554 1943 1617 cardinalium

1155 1651 1375 1731 indagavensis,
1389 1653 1592 1725 Beneventani,
1614 1654 1842 1716 Vicecamerarli
1864 1664 1895 1716 et
1910 1656 1944 1717 de

1155 1750 1313 1812 Comitibus
1334 1753 1499 1829 equitarunt
1528 1754 1605 1813 ultra
1625 1755 1751 1815 blantem
1772 1755 1939 1829 Amorum,

1155 1852 1228 1912 aliae
1257 1853 1354 1926 eitra,
1385 1864 1417 1912 ut
1447 1854 1555 1913 [nmilia
1586 1855 1696 1935 Papae.
1718 1854 1743 1915 Α
1764 1857 1877 1935 palatio
1907 1857 1940 1920 de

306 1956 388 2015 ribus
402 1956 460 2015 suis
476 1966 504 2015 et
520 1954 775 2015 locumtenentibus
790 1954 820 2013 in
837 1953 912 2014 Rota
933 1955 1089 2016 conseden·
1118 1928 1124 2050 i
1156 1951 1289 2031 Spinellis
1320 1953 1450 2013 associati
1478 1963 1545 2014 sunt
1567 1973 1657 2031 usqae
1687 1955 1722 2015 ad
1752 1957 1879 2017 domum
1908 1957 1942 2021 de

310 2057 396 2130 tibus,
418 2056 453 2115 de
474 2055 609 2116 mandato
628 2054 682 2114 88.
701 2053 737 2113 D.
766 2052 802 2112 ll.
822 2052 916 2133 Papae
937 2055 1086 2116 nuntiarit.

305 2157 399 2216 Finita
416 2155 515 2216 deinde
529 2154 696 2227 audientia,
716 2155 789 2216 idem
808 2155 944 2216 Dominus
958 2155 1089 2233 Egerar·

304 2254 491 2328 das,dimisso
512 2254 658 2327 rochetto,
669 2256 697 2313 in
713 2254 815 2315 habitu
830 2274 882 2317 suo
897 2264 1044 2328 consueto,
1056 2268 1088 2316 ut

304 2351 439 2426 Auditor,
458 2354 495 2413 ad
513 2354 632 2413 domum
653 2372 736 2415 suam
755 2354 852 2430 rediit,
871 2357 1025 2416 associatus
1039 2367 1087 2416 ta·

306 2472 369 2513 rnen
384 2467 402 2511 a
417 2454 511 2513 tribus
522 2454 584 2513 aliis
607 2455 830 2529 coauditoribus,
850 2456 980 2518 videlicet
991 2457 1088 2517 Fran·

305 2553 382 2613 cisco
402 2553 518 2626 Dresia,
536 2554 634 2614 Falino
648 2567 677 2616 et
691 2554 779 2616 Petro
795 2556 829 2617 de
846 2556 1086 2636 Accolytis,inter

305 2671 378 2730 quos
399 2652 523 2713 medium
542 2663 571 2714 et
592 2654 720 2734 primum
743 2658 839 2717 locum
862 2657 983 2718 tenebat.
1013 2659 1085 2719 Ante

304 2751 423 2813 domum
443 2773 525 2814 suam
542 2756 600 2833 egit
620 2754 672 2828 eis,
693 2765 721 2815 et
742 2756 824 2829 milri,
845 2775 879 2815 ac
898 2758 960 2817 aliis
985 2758 1085 2818 curia·

306 2855 381 2913 libus
396 2856 448 2932 qui
470 2856 563 2934 ipsum
574 2855 763 2929 associarunt,
784 2859 904 2935 gratias,
915 2869 943 2917 et
956 2858 1084 2919 intravit.

347 2954 470 3015 Peracto
484 2954 616 3034 prandio,
629 2967 747 3016 vocatus
767 2974 784 3014 a
806 2956 950 3034 praedicto
963 2955 1085 3018 Domino

303 3056 397 3115 electo
418 3055 504 3129 reni,
528 3054 578 3131 qai
602 3074 619 3114 a
644 3073 689 3117 me
710 3057 811 3135 petiit,
832 3057 901 3135 quid
921 3057 1084 3136 agendum:

307 3154 438 3235 respondi
450 3153 527 3232 quod
547 3154 575 3213 in
597 3156 697 3235 primis
713 3156 826 3219 deberet
844 3156 908 3218 lieri
927 3175 1045 3231 corona,
1056 3170 1084 3220 et

305 3257 468 3318 rochettum
480 3256 669 3337 episcopalem
683 3275 827 3319 assumere
848 3259 973 3332 deberet,
987 3260 1085 3321 deinde

306 3358 430 3416 crastina
453 3358 498 3417 rel
520 3357 596 3432 alia,
617 3358 669 3417 sibi
691 3359 841 3437 placente,
861 3359 916 3432 die,
939 3360 994 3420 88.
1007 3361 1041 3419 D.
1050 3360 1083 3419 N.

303 3455 412 3537 Papam
431 3457 460 3515 in
482 3476 570 3537 cappa
590 3457 781 3528 cardinalari,
802 3477 836 3517 ac
851 3459 914 3517 itit.
926 3460 988 3520 DD.
1008 3459 1084 3521 car·

303 3556 410 3616 dinales
425 3557 551 3628 visitare,
566 3567 594 3616 et
615 3576 669 3635 pro
684 3576 764 3617 more
779 3558 886 3635 gratius
906 3577 993 3637 agere
1001 3581 1012 3633 3
1025 3578 1084 3638 quo

300 3656 446 3717 intellecto
457 3656 492 3715 D.
502 3653 563 3714 Sua
574 3674 701 3716 asserens
714 3657 922 3734 promotionem
933 3676 1015 3718 snam
1028 3677 1082 3719 non

300 3755 470 3835 intelligere,
486 3765 637 3834 propterea
652 3774 797 3818 assumere
814 3775 869 3818 non
893 3760 976 3832 velle,
990 3777 1082 3837 roga-

301 3855 344 3915 vit
374 3873 419 3917 me
442 3867 475 3916 ιιι
496 3854 531 3914 li.
553 3856 588 3914 D.
610 3855 884 3918 vicecancellarium
916 3859 1081 3924 accederem

299 3952 362 4031 ejus
390 3956 524 4028 nomiae,
541 3966 571 4017 et
592 3954 724 4018 ordinem
743 3976 812 4018 suae
829 3961 1014 4038 promotionis
1035 3961 1081 4020 in-

305 4055 486 4134 telligerem,
504 4065 533 4115 et
555 4055 609 4114 sibi
631 4056 700 4134 quid
719 4057 890 4119 iaciendum.
912 4060 1038 4120 lntelleni
1063 4079 1080 4119 a

297 4155 334 4215 R.
364 4155 401 4215 D.
428 4156 669 4216 Vicccatrcellorio
691 4157 745 4217 88.
766 4159 801 4218 D.
824 4158 880 4233 n,
902 4161 1079 4240 praedictam

299 4255 455 4315 Dominum
474 4257 598 4315 electum
618 4268 698 4316 motu
719 4260 838 4336 proprio
865 4260 901 4318 ad
921 4260 1079 4322 Ecclesiam

297 4355 474 4434 praedictam
504 4357 631 4433 elegisse,
657 4375 691 4416 ac
717 4358 772 4416 sibi
804 4360 971 4439 simpliciter
985 4363 1079 4421 omnia

296 4472 349 4513 sua
370 4452 503 4514 beneficia
526 4473 685 4516 reservasse
716 4467 745 4518 et
766 4459 864 4518 locum
891 4458 1079 4520 Auditoratus

297 4553 441 4630 usquead
459 4552 584 4612 habitam
604 4554 697 4617 dictae
712 4556 857 4620 Ecclesiae
875 4561 1077 4640 possessionem

297 4650 470 4732 pacificum:
487 4650 609 4732 prorsus
629 4655 748 4717 Sanctit.
765 4639 977 4733 Suam¹dixisse‚
998 4662 1078 4722 litem

296 4771 356 4813 esse
369 4752 443 4812 inter
462 4751 497 4811 D.
511 4751 644 4813 Electum
660 4767 688 4815 ct
699 4757 849 4833 qnamdam
864 4758 1075 4821 cubicularium

296 4850 464 4913 Sanctitatis
485 4851 561 4923 Suae
588 4872 676 4934 super
704 4856 827 4933 quadam
857 4861 1075 4939 praepositura,

295 4970 383 5029 quam
402 4953 479 5012 litem
501 4952 561 5012 Sua
584 4954 724 5015 Sanctitas
745 4967 844 5036 aptare
858 4959 941 5017 vellet
948 4979 958 5030 3
980 4969 1073 5021 tamen

293 5052 345 5110 sibi
367 5052 509 5113 licentiam
530 5052 659 5127 dedisse,
680 5055 757 5132 quod
778 5056 806 5115 in
828 5056 963 5117 schedula
987 5078 1072 5138 super

292 5152 471 5230 promotione
479 5153 643 5232 hujusmodi
655 5155 1071 5236 conficienda,praeposituram

293 5250 458 5328 hujusmodi
480 5272 536 5314 non
556 5256 710 5336 exciperet,
722 5255 770 5317 sed
791 5256 958 5337 simpliciter
978 5259 1070 5318 omnio

291 5350 426 5413 beneficia
445 5367 617 5416 reservaret.
639 5358 690 5416 llis
721 5356 818 5419 deinde
838 5357 959 5419 Domino
980 5360 1071 5421 electo

293 5452 407 5525 relatis,
427 5454 499 5515 idem
521 5453 671 5530 Dominus,
693 5475 738 5517 me
758 5469 916 5536 praesente,
932 5477 1068 5521 coronam

292 5549 344 5610 sibi
368 5550 429 5611 fieri
452 5554 588 5633 permisit.

333 5651 418 5712 Feria
431 5655 540 5731 quinta,
551 5674 623 5718 nona
637 5658 737 5720 mensis
747 5642 857 5738 aprilis,
874 5660 951 5721 circa
960 5660 1062 5722 boram

1154 2050 1250 2114 cruce
1271 2054 1350 2112 ultra
1371 2053 1512 2133 campum
1533 2055 1637 2115 Florae
1651 2053 1694 2136 (in
1715 2073 1773 2133 qua
1800 2056 1944 2137 hospitati

1154 2151 1314 2235 sunt)‚ante
1328 2170 1415 2230 quam
1430 2155 1539 2231 gratias
1551 2166 1674 2232 egerant
1688 2173 1769 2218 more
1785 2169 1939 2234 consueto3

1154 2254 1325 2331 equitarunt
1349 2262 1469 2326 autem,
1490 2254 1572 2315 miles
1591 2256 1665 2316 inter
1686 2255 1759 2316 duos
1786 2255 1940 2321 Praelstos

1154 2352 1267 2427 Palatii,
1278 2353 1376 2413 deinde
1390 2351 1529 2413 Dominus
1549 2355 1735 2416 Αιιοιιιιιιιιι
1748 2365 1779 2416 ιι
1792 2354 1938 2421 Oratores

1154 2454 1222 2517 dicti
1251 2454 1337 2533 Regis
1362 2454 1391 2514 ia
1417 2453 1496 2515 Urbe
1517 2453 1667 2515 residentes
1692 2467 1710 2514 a
1730 2456 1856 2517 sinistris
1887 2460 1935 2519 al·

1155 2557 1242 2617 terius
1259 2554 1384 2616 Praelati
1402 2553 1527 2626 Palatii,
1545 2554 1704 2615 successive
1724 2555 1773 2615 alii
1783 2596 1793 2628 ,
1815 2567 1852 2617 ut
1871 2576 1941 2621 mo·

1153 2657 1194 2716 ris
1213 2666 1263 2716 est.

1194 2755 1301 2818 Eadem
1323 2756 1378 2828 dic,
1396 2767 1461 2836 post
1481 2756 1646 2836 prandium,
1667 2757 1745 2820 venit
1764 2759 1803 2819 ad
1826 2760 1941 2823 Urbem

1152 2857 1189 2916 R.
1212 2853 1240 2917 in
1266 2856 1382 2917 Christo
1402 2857 1436 2917 P.
1459 2856 1493 2915 D.
1516 2856 1646 2923 lllathias¹
1658 2856 1819 2939 Episcopus
1846 2860 1942 2922 Seco-

1154 2958 1255 3018 viensis
1267 2955 1388 3017 Serenis.
1399 2955 1512 3017 Domini
1528 2958 1617 3016 nostri
1629 2956 1814 3036 Imperatoris
1826 2956 1940 3021 Orator

1152 3074 1168 3116 a
1198 3057 1258 3116 suis
1288 3066 1399 3115 tanturn
1433 3057 1608 3116 associatus:
1642 3056 1744 3118 hebuit
1778 3059 1941 3122 servitores

1152 3155 1311 3236 quindecim
1322 3178 1332 3227 3
1354 3166 1499 3234 equestres
1519 3167 1602 3216 erant
1621 3175 1727 3218 omnes.

1192 3259 1277 3319 Paria
1298 3268 1413 3336 quarta,
1433 3257 1567 3336 vigesima
1592 3241 1715 3319 secunda
1728 3260 1842 3339 aprilis,
1858 3260 1938 3322 eirea

1114 3344 1119 3355 ’
1153 3358 1254 3419 boram
1285 3358 1461 3436 vigesimam,
1478 3367 1626 3436 portatum
1646 3369 1689 3419 est
1709 3376 1819 3438 carpus
1844 3359 1938 3421 bonae

1152 3458 1307 3519 memoriae
1327 3456 1441 3517 Domini
1462 3454 1609 3517 Eustachii
1630 3457 1837 3539 archiepiscopi
1860 3461 1937 3523 Are·

1151 3557 1263 3617 latensis
1283 3555 1337 3615 88.
1357 3556 1392 3615 D.
1414 3554 1448 3615 N.
1471 3556 1565 3636 Papae
1586 3559 1752 3629 assistentis,
1780 3561 1832 3637 qni
1854 3560 1938 3634 beri,

1152 3674 1284 3736 vespere,
1304 3656 1362 3714 vita
1381 3655 1498 3716 iunctus
1511 3652 1571 3729 est,
1592 3656 1628 3716 ad
1648 3658 1801 3719 ecclesiam
1828 3660 1935 3721 Bautae

1150 3756 1258 3817 Mariae
1283 3754 1401 3832 lilaJ'oris
1419 3756 1455 3815 ad
1477 3756 1679 3835 sepeliendum,
1699 3776 1716 3816 a
1734 3757 1851 3821 familiis
1871 3758 1934 3820 lut.

1150 3856 1211 3916 DD.
1233 3856 1441 3929 cardinalium,
1451 3867 1479 3916 ct
1495 3857 1557 3916 aliis
1569 3857 1760 3919 assistentibus
1782 3859 1931 3939 arehiepi-

1148 3957 1242 4037 scopis
1262 3966 1291 4016 et
1311 3957 1448 4035 episcopis
1466 3955 1623 4018 honorilice
1643 3960 1815 4019 associatum
1824 3980 1836 4033 3
1866 3961 1929 4022 ιιι-

1149 4069 1219 4117 runt
1244 4056 1339 4117 vocati
1367 4067 1531 4117 executores
1558 4059 1718 4117 testamenti
1748 4060 1795 4119 sui
1827 4058 1866 4118 R.
1895 4059 1929 4120 D.

1147 4155 1306 4218 Cardinalis
1324 4155 1358 4217 de
1370 4154 1490 4215 Sabellis
1507 4167 1535 4215 et
1550 4155 1690 4217 Dominus
1704 4155 1882 4220 cullielmus
1896 4158 1929 4222 de

1148 4255 1290 4316 Perreriis
1309 4253 1430 4313 Auditor
1452 4254 1552 4315 lictae.
1575 4255 1746 4333 Requiescst
1765 4260 1795 4317 in
1816 4275 1898 4338 pace.

1188 4355 1273 4415 Faria
1306 4364 1405 4426 serta,
1425 4355 1561 4433 vigesima
1591 4368 1694 4433 quarta
1718 4358 1841 4438 aprilis,
1876 4359 1929 4419 iuit

1146 4455 1346 4516 consistorium
1374 4465 1538 4528 secretum,
1558 4454 1586 4514 in
1608 4474 1666 4534 quo
1694 4458 1730 4517 li.
1753 4458 1783 4516 in
1813 4457 1929 4521 cbristo

1145 4555 1231 4615 Pater
1262 4555 1402 4615 Dominus
1430 4552 1562 4614 Nicoiaas
1591 4554 1661 4616 cibo
1693 4556 1927 4639 archiepiscopus

1144 4655 1328 4728 Cusentinus,
1349 4654 1403 4715 88.
1423 4654 1459 4714 D.
1474 4654 1506 4714 ll.
1525 4654 1617 4735 Papae
1636 4675 1721 4735 nepos
1734 4670 1762 4719 et
1777 4661 1926 4733 assistens,

1143 4759 1299 4818 translatus
1317 4768 1358 4818 est
1379 4756 1413 4816 de
1433 4754 1562 4818 Ecclesia
1589 4758 1740 4819 cusentina
1761 4761 1798 4819 ad
1818 4761 1924 4822 Arela-

1144 4869 1249 4920 tensem
1261 4880 1270 4932 3
1283 4858 1330 4919 sed
1343 4858 1417 4931 beri,
1430 4870 1464 4918 ut
1482 4858 1611 4917 nonnulli
1628 4858 1767 4932 dicebant,
1783 4860 1926 4940 expeditae

1142 4971 1209 5019 sunt
1234 4961 1333 5020 literae
1354 4961 1523 5039 apostolieae
1545 4977 1599 5038 pro
1622 4959 1785 5038 instiusmodi
1805 4981 1926 5042 promo·

1143 5060 1219 5120 tione
1241 5059 1322 5121 bodie
1344 5061 1427 5120 iacta.
1447 5059 1617 5138 Egoautem
1638 5059 1723 5122 bodie
1736 5079 1842 5141 parum
1863 5073 1926 5143 post

1142 5158 1297 5238 prandium
1329 5160 1389 5219 vidi
1419 5160 1515 5220 literas
1542 5163 1728 5240 promotionis
1759 5160 1926 5241 hujusmodi

1140 5259 1281 5333 bullatas,
1302 5260 1468 5338 registratas
1487 5270 1516 5320 et
1545 5262 1671 5322 totaliter
1698 5262 1844 5341 expeditas
1872 5281 1924 5342 per

1139 5357 1296 5420 Dominam
1318 5358 1496 5419 Hadrianum
1518 5358 1655 5421 camerae
1670 5360 1850 5441 Apostolicae
1864 5360 1924 5421 ilo·

1137 5461 1258 5533 tarium,
1274 5459 1329 5519 88.
1343 5458 1465 5519 Domino
1475 5457 1580 5519 Nostro
1592 5459 1716 5533 deferri,¹
1728 5470 1760 5521 ut
1774 5479 1822 5521 eas
1839 5477 1924 5520 man·

1137 5558 1218 5621 daret
1239 5558 1383 5639 praedicto
1405 5559 1440 5618 D.
1462 5557 1580 5620 llicolao
1600 5563 1788 5639 praesentari.
1814 5557 1922 5622 Eadem

1136 5658 1183 5721 die
1202 5669 1266 5738 post
1289 5660 1439 5739 prandium
1466 5660 1606 5723 Dominus
1625 5660 1664 5722 Μ.
1689 5662 1838 5743 episcopus
1866 5663 1922 5725 Se·
