4492 6859
298 644 408 730 (litt)
769 643 1053 712 conculcatus
1073 646 1297 711 abeuntium
1317 646 1441 711 suxit.
1859 655 1922 718 tib

298 797 405 843 nemas
423 773 673 881 distributionem,
693 783 812 862 quimus
823 774 930 847 liubila
949 786 985 847 aia
1002 785 1078 847 l’cr·
1146 786 1393 859 remansissent,
1423 797 1496 865 qnos
1519 786 1592 848 idem
1625 786 1723 851 Sixtus
1749 788 1848 854 deinde
1868 793 1924 854 alla

297 885 442 961 pignano,
463 883 511 944 eui
532 895 624 962 nuper
653 883 750 944 locum
771 885 808 944 ad
828 886 938 964 gradus
957 886 1023 947 solli
1043 885 1078 946 de
1145 884 1190 947 dic
1210 886 1320 951 Urbem
1341 888 1441 960 crire,
1459 898 1489 950 et
1508 890 1550 951 eis
1571 890 1684 969 publice
1713 907 1764 971 per
1786 909 1868 952 suam
1894 904 1925 956 et

298 981 436 1043 mandatu
445 982 539 1063 Papae
552 981 696 1043 dedctunt:
715 985 809 1044 omnia
824 985 880 1045 alia
894 1000 976 1047 more
995 986 1079 1064 solitu
1145 984 1478 1050 lierncardatamtltas
1488 988 1592 1069 accipi,
1605 1002 1633 1050 et
1644 990 1797 1053 atlUrbem
1811 991 1925 1073 publice

298 1092 379 1161 gesta
393 1093 469 1145 amnt.
484 1079 520 1143 Ι).
537 1079 955 1166 llarquardusOraturRegis
969 1087 1079 1148 noma
1144 1088 1181 1148 ad
1199 1088 1356 1169 hospitium
1377 1105 1479 1150 eorum
1501 1089 1638 1151 emaciari
1655 1091 1779 1152 iecisset:
1798 1103 1826 1154 et
1846 1094 1924 1171 quoti
2042 1160 2047 1173 ⁸

295 1197 402 1243 uorum
423 1184 525 1244 babuit
546 1187 651 1246 iterum
675 1188 801 1265 primum
825 1190 919 1248 mcum
941 1190 1001 1249 aine
1020 1198 1079 1247 cu·
1144 1190 1413 1271 similiter-tempore
1432 1191 1598 1253 recolendae
1618 1193 1772 1254 memoriae
1783 1194 1924 1255 btnuccn·

294 1278 474 1362 juncumque
491 1275 743 1349 cantradictione:
765 1305 925 1349 sermotiem
952 1290 1020 1350 iecit
1039 1288 1077 1350 lt.
1146 1290 1180 1349 tii
1200 1288 1294 1369 Papae
1313 1285 1441 1361 Octavi,
1461 1291 1601 1351 Oratores
1633 1288 1758 1368 ejusdem
1790 1291 1923 1373 Magistri

298 1383 334 1442 D.
360 1386 488 1464 Angelus
508 1387 748 1469 Arebiepiscopns
779 1391 951 1451 vernensis.
983 1391 1078 1453 Finita
1144 1399 1173 1449 ct
1188 1387 1307 1450 Ordinis
1324 1389 1441 1449 luissent
1460 1393 1489 1450 iu
1505 1407 1607 1452 eorum
1628 1392 1748 1453 introitu
1763 1393 1799 1452 ml
1815 1393 1924 1456 Urbem

298 1484 397 1559 iliaca,
407 1487 462 1547 SS.
475 1487 510 1546 b.
526 1487 572 1559 tt,
588 1505 634 1550 rue
649 1492 836 1569 supplicante,
848 1492 986 1553 concessit
998 1493 1078 1554 nobis
1146 1509 1196 1569 per
1226 1490 1349 1550 familias
1381 1488 1476 1571 Papae
1507 1501 1537 1553 ct
1568 1491 1764 1553 cardinalium
1796 1497 1925 1574 recepti,

297 1588 414 1648 elarius
441 1604 473 1647 ea
492 1589 681 1649 romanianum
697 1634 706 1663 ,
723 1602 751 1651 et
770 1594 935 1654 sunalbus
956 1602 986 1653 et
1016 1595 1079 1656 alis
1146 1598 1174 1651 et
1213 1590 1326 1669 publice
1368 1590 1403 1649 ad
1442 1608 1547 1651 corum
1586 1592 1746 1672 hospicium
1783 1593 1925 1654 aemulati.

300 1685 335 1746 da
347 1689 475 1767 cappella
491 1705 543 1748 sna
557 1691 753 1765 existentibus,
769 1691 936 1755 insultarent
956 1696 1081 1776 eligendi
1147 1689 1289 1770 &monii
1310 1690 1389 1769 qaod
1409 1700 1522 1753 emotae
1556 1693 1711 1754 memoriae
1747 1693 1927 1755 innocentius

300 1787 513 1861 contemnem,
529 1793 580 1869 qni
599 1792 700 1851 nesab
716 1795 848 1854 omnibus
868 1806 923 1856 ate.
939 1797 1080 1872 ιιιιοιιιι,
1147 1789 1224 1871 Papa
1246 1789 1377 1851 Octavus
1397 1791 1589 1871 ineptiorem
1612 1790 1775 1868 huiusmodi
1797 1795 1926 1868 fecisset,

297 1897 328 1947 at
349 1888 506 1968 plenariam
521 1891 750 1971 indulgentiam,
769 1903 797 1955 et
816 1898 1009 1957 remissionem
1023 1909 1078 1958 etc.
1147 1891 1182 1953 de
1212 1892 1417 1954 consuetudine
1449 1903 1477 1953 et
1507 1893 1690 1954 observantia
1723 1894 1815 1955 debita
1847 1896 1926 1957 circa

297 1988 467 2068 impendat,
496 2003 525 2052 et
557 1992 636 2070 quod
657 1994 797 2055 visitando
828 1998 950 2076 singulis
980 1998 1081 2060 creba,
1148 1989 1313 2068 hujusmodi
1338 1994 1420 2052 nimis
1442 1993 1628 2065 informatus,
1650 1992 1718 2072 quia
1740 2009 1806 2054 curn
1828 2005 1926 2074 postea

295 2091 388 2152 altare
409 2089 503 2168 majus
532 2093 665 2154 basilicae
687 2095 785 2156 Sancti
817 2096 896 2157 Petri
919 2112 1080 2177 consequa.
1146 2092 1256 2153 iactum
1277 2111 1294 2152 a
1316 2107 1363 2154 nac
1383 2093 1584 2164 intellexisset,
1607 2093 1676 2153 mihi
1695 2093 1764 2155 dixit
1785 2109 1852 2155 eum
1873 2110 1926 2156 nc·

295 2208 361 2251 mus
390 2192 581 2272 indulgentias
607 2194 790 2269 Stabianum,
810 2198 889 2274 quod
909 2207 938 2258 et
957 2199 1081 2277 quibus·
1147 2192 1273 2261 sellim,
1288 2202 1317 2252 ei
1331 2192 1420 2270 ulmi,
1435 2209 1503 2252 ⁰⁰³⁰
1518 2192 1650 2273 deinceps
1663 2207 1846 2267 “eniienim
1861 2211 1927 2253 ¹¹¹⁰·

296 2290 363 2351 ἀιιιι
384 2303 439 2353 etc.
468 2296 637 2355 cantoribus
657 2295 759 2357 deinde
779 2297 947 2375 significari.
1148 2294 1223 2370 plius
1243 2293 1356 2353 obvium
1379 2307 1434 2353 non
1456 2293 1543 2353 vellet
1564 2294 1611 2352 iri.
1634 2295 1676 2354 De
1695 2314 1728 2354 rc
1743 2313 1793 2374 per
1812 2294 1928 2356 Sintutn

343 2392 496 2454 Dominica
514 2398 607 2474 prima
619 2393 998 2475 Quadragasimae,xxrttt.
1012 2398 1081 2460 dicti
1147 2404 1234 2466 ⁸01⁰,
1254 2409 1300 2454 me
1322 2392 1494 2473 itipossdtit
1516 2409 1574 2454 ¹¹⁰⁰
1596 2396 1690 2467 iiiii,
1709 2412 1779 2455 ⁰⁰¹1}
1803 2411 1859 2457 ¹¹⁰ss
1879 2413 1930 2457 0³·

294 2495 420 2566 mensis,
439 2493 512 2555 liar.
534 2495 563 2554 ln
582 2495 700 2556 cbristo
720 2496 754 2556 P.
777 2497 815 2556 D.
837 2497 1003 2577 Stephanus
1021 2504 1082 2560 Ar·
1147 2501 1189 2554 set
1211 2505 1340 2573 tempore
1359 2511 1424 2556 meo
1444 2506 1546 2573 gesta,
1567 2495 1615 2555 aed
1648 2497 1826 2577 temporibus
1845 2493 1929 2573 ejus·

294 2594 498 2674 cbiepiscopus
519 2593 700 2658 l'atraeettsis
723 2609 751 2658 et
772 2598 934 2679 Episcopus
954 2600 1082 2662 Torcel-
1148 2594 1213 2656 dem
1245 2595 1320 2656 sisu
1352 2594 1439 2655 luisse
1459 2595 1532 2657 benc
1563 2598 1752 2657 caerimonias
1773 2605 1929 2678 corruptae

299 2696 394 2767 lanus,
425 2696 481 2756 SS.
504 2696 539 2757 l).
563 2696 596 2757 Ν.
623 2697 718 2779 Papae
748 2700 895 2774 assistens,
927 2701 1082 2763 celebravit
1148 2699 1176 2755 et
1197 2696 1380 2756 intermissas.
1413 2694 1596 2756 Pas-amentis
1614 2696 1713 2757 deinde
1733 2715 1785 2776 per·
1808 2695 1930 2758 Pontid-

294 2796 411 2857 liisacm
434 2798 583 2877 pubiicum
604 2800 633 2858 ln
655 2801 783 2879 cappella
799 2800 987 2879 supradicta,
1003 2802 1082 2883 Papa
1150 2813 1213 2858 cena
1234 2797 1378 2870 dimissis,
1400 2797 1509 2857 vocatis
1522 2793 1725 2858 Cardinallbus
1738 2797 1774 2856 ad
1788 2808 1928 2859 maumam

299 2909 454 2977 pracseme
477 2899 647 2961 &rmooem
672 2901 740 2962 lecit
764 2912 943 2981 procurator
965 2901 1084 2964 Ordinis
1150 2911 1306 2971 cameram,
1322 2888 1438 2957 babitus
1458 2907 1501 2958 est
1519 2896 1557 2959 de
1575 2897 1738 2977 praemissis
1758 2916 1809 2978 per
1828 2896 1932 2959 l'ottti-

297 2998 561 3075 rraedtcatorma,
585 3010 615 3062 et
646 3003 703 3064 alia
725 3001 819 3063 omnia
841 3004 994 3065 oberrata
1015 3016 1083 3067 aaut
1151 3000 1235 3061 irem
1255 3015 1372 3072 armo,
1404 3009 1434 3060 ct
1453 3014 1522 3059 enm
1551 2999 1639 3078 allati
1672 3015 1706 3061 ex
1726 2998 1932 3061 cardmlibus

299 3113 380 3162 ruore
405 3104 501 3163 solito.
1148 3104 1318 3181 allegassent
1350 3112 1396 3160 me
1417 3097 1540 3173 alsisse,
1562 3113 1597 3162 ea
1618 3099 1778 3162 rationibus
1796 3101 1933 3181 superius

338 3202 424 3264 Faria
441 3203 537 3274 tertia,
553 3212 658 3280 quarta
674 3202 747 3262 dieti
763 3204 866 3264 mensis
884 3203 990 3275 martii,
1009 3202 1081 3266 liar.
1150 3222 1201 3282 per
1221 3221 1267 3262 me
1287 3201 1426 3279 allegatis,
1448 3200 1562 3260 obuiam
1585 3199 1760 3261 Oratoribus
1783 3202 1851 3281 ipsis
1872 3215 1931 3262 non

296 3300 325 3361 in
346 3299 463 3363 Christo
483 3302 516 3362 P.
539 3300 575 3363 ll.
597 3302 702 3364 Petrus
718 3304 828 3365 Paulus
843 3304 993 3384 episcopus
1007 3304 1085 3365 San·
1149 3321 1210 3366 esse
1231 3305 1261 3363 in
1280 3315 1385 3381 genere
1410 3301 1558 3374 eundum,
1579 3302 1628 3362 aad
1659 3300 1858 3363 tantammodo
1878 3315 1930 3382 per

302 3413 366 3464 ctae
381 3405 510 3483 agathae
524 3406 683 3466 celebrarit
699 3407 813 3466 blissam
835 3406 991 3487 pubiicum,
1005 3407 1084 3487 Papa
1152 3405 1343 3484 particulares
1357 3404 1477 3475 munos,
1488 3402 1631 3483 respondit
1645 3402 1775 3465 Pontifex
1797 3419 1841 3464 sne
1859 3403 1931 3463 nibil

299 3506 421 3585 pluviali
455 3505 548 3567 rubeo
568 3515 597 3566 et
619 3508 680 3567 aliis
712 3508 887 3587 paramentis
912 3505 1004 3568 scibis
1036 3508 1085 3567 in·
1151 3506 1247 3579 scire,
1267 3517 1297 3566 et
1326 3504 1453 3566 decrevit
1477 3505 1555 3582 quod
1586 3521 1639 3564 sua
1660 3515 1688 3566 et
1706 3506 1835 3566 omnium
1854 3504 1933 3567 Car·

295 3606 391 3678 duto,
424 3605 453 3666 in
487 3609 619 3686 cappella
653 3609 818 3688 supradicta
840 3621 1010 3688 praesente,
1029 3625 1086 3690 pro
1154 3606 1292 3667 dinalium
1317 3605 1442 3664 familiae
1463 3606 1601 3684 praelatis
1622 3601 1796 3669 Oratoribus
1816 3607 1931 3668 ebriam
1994 3626 2006 3653 ·

298 3709 393 3767 aalma
414 3708 505 3770 bonae
524 3713 681 3772 memoriae
698 3709 872 3772 Ferdinandi
895 3710 1009 3773 Siciliae
1028 3723 1083 3773 etc.
1151 3708 1355 3780 mitterentur,
1389 3717 1478 3785 prout
1508 3709 1612 3768 cerens
1643 3706 1840 3770 Potentatibua
1869 3706 1932 3769 lieri

298 3806 387 3887 nega
401 3807 598 3888 Neapolitani,
618 3822 647 3871 et
662 3813 690 3870 in
707 3810 762 3871 bne
781 3808 881 3873 liissac
896 3805 973 3891 Papa
987 3811 1085 3872 absol-
1152 3811 1310 3870 emanavit.
1331 3808 1509 3868 latrantibus
1531 3809 1623 3886 igitur
1645 3811 1725 3870 eirca
1747 3809 1849 3869 boram
1870 3823 1932 3871 xxc

297 3910 339 3968 rit
359 3919 388 3969 et
411 3910 468 3967 alia
500 3911 597 3968 arania
619 3911 773 3970 observata
802 3923 868 3971 sunt
890 3927 972 3973 mure
991 3913 1084 3973 solita.
1152 3923 1203 3988 per
1224 3917 1339 3988 portam
1361 3906 1602 3982 lateranensem,
1623 3909 1786 3969 Asinariam
1816 3921 1931 3970 aunem

339 4008 452 4067 Eadem
468 4008 605 4078 dic‚cum
622 4009 761 4069 intraturi
777 4020 868 4071 essem
883 4012 967 4071 bodie
975 4011 1084 4072 Urbem
1152 4019 1258 4088 putam,
1280 4008 1315 4067 ll.
1337 4008 1365 4066 ln
1386 4005 1505 4067 cbristo
1523 4006 1611 4070 Patre
1628 4008 1665 4067 D.
1686 4007 1786 4072 narn
1807 4009 1932 4071 trente-

299 4107 444 4168 Oratures
476 4108 548 4167 lier.
583 4108 612 4166 ln
632 4107 750 4171 Christo
779 4111 812 4170 P.
833 4121 862 4171 ct
884 4112 919 4171 ll.
948 4112 984 4171 l).
1007 4111 1086 4173 i'ctrl
1152 4113 1267 4190 piscopo
1296 4106 1465 4179 colocensi,
1496 4118 1525 4168 et
1554 4108 1711 4189 magnificis
1731 4120 1760 4171 et
1780 4104 1931 4188 Religiosia

296 4208 472 4270 Dsubussau
495 4208 596 4268 Sancti
621 4205 762 4271 Hadriani
796 4212 919 4274 &actae
939 4212 1086 4276 Romanae
1153 4209 1291 4270 iratribus
1312 4207 1347 4266 Ι).
1369 4206 1458 4268 Petro
1485 4206 1582 4269 Stoler
1604 4225 1710 4289 magna
1739 4209 1842 4271 balivo
1862 4206 1932 4269 Ale·

296 4308 446 4371 Ecclesiae
480 4307 599 4370 lllacotti
634 4310 826 4387 cardinalis,
860 4333 896 4376 ac
931 4314 1026 4377 libudi
1056 4327 1086 4379 et
1153 4310 1282 4371 mannito
1315 4317 1345 4369 ti
1375 4309 1551 4389 &teugario
1583 4308 1682 4388 Xantij
1720 4310 1755 4373 dc
1785 4310 1931 4390 Βιιοιριιι

301 4410 422 4474 Ordinis
443 4411 543 4472 Sancti
557 4411 695 4473 inmunis
714 4414 967 4496 {lerosolymam
987 4417 1084 4499 Magne
1153 4410 1254 4471 l'rlore
1274 4407 1422 4470 normae
1441 4409 1581 4471 militibus
1600 4407 1717 4474 Ordinis
1741 4409 1772 4473 S.
1794 4410 1932 4474 iohannis

303 4514 437 4593 Magistri
457 4531 512 4593 pro
536 4514 693 4576 obedientia
716 4516 770 4576 SS.
793 4518 828 4577 l).
849 4518 884 4579 rt.
905 4520 1085 4599 pensemus,
1151 4507 1421 4590 liierosolpmitaul,
1441 4511 1600 4573 cardinalis
1617 4521 1646 4575 et
1665 4510 1794 4589 eiusdem
1813 4510 1932 4573 Οιιῐιιιιι

297 4615 372 4676 lier.
395 4615 431 4674 ll.
452 4612 622 4676 cardinalia
644 4618 782 4679 ananius
811 4619 1084 4697 vicecancellarius,
1152 4614 1248 4693 lirani
1268 4611 1399 4691 Magistri
1423 4612 1582 4692 supradicti
1607 4612 1779 4675 Oratoribus
1800 4614 1931 4681 Urbem,

298 4713 378 4775 balta
400 4713 506 4787 Elssa,
530 4716 723 4797 interrogavit
755 4737 823 4793 me,
853 4736 888 4781 an
911 4719 1085 4784 Oratoribus
1151 4714 1266 4774 ebriam
1290 4722 1431 4775 vetarunt
1452 4713 1576 4775 familiae
1597 4731 1670 4793 quac
1690 4731 1738 4776 eos
1759 4722 1931 4796 receperunt

300 4817 508 4896 aupmseriptis
527 4827 600 4878 esset
614 4835 666 4897 per
679 4813 802 4882 familias
824 4822 879 4884 SS.
907 4822 943 4881 ll.
965 4822 999 4883 n.
1025 4822 1085 4883 Pa·
1151 4828 1180 4879 et
1194 4836 1246 4896 per
1261 4817 1431 4887 Colisseum,
1451 4814 1585 4877 Sanctam
1600 4816 1721 4876 biaciam
1736 4815 1859 4887 Noram,
1873 4813 1933 4874 Pe-

299 4927 353 4991 ραι
373 4923 403 4973 et
417 4914 733 4977 Emerntdissimurum
749 4919 944 4981 cardinalium
972 4923 1085 4981 iturum
1153 4911 1296 4978 liciaciana
1308 4928 1375 4975 ante
1392 4915 1510 4976 domum
1525 4917 1560 4977 de
1578 4914 1707 4976 Maximis
1728 4930 1779 4995 per
1798 4925 1932 4993 campum

297 5014 414 5074 obviarn
449 5030 505 5094 pru
537 5031 639 5076 corum
676 5011 808 5079 introitu.
841 5020 906 5081 Diui
936 5019 1086 5082 Reveren-
1152 5017 1256 5078 Florae
1277 5017 1313 5075 ad
1332 5016 1451 5076 domum
1473 5015 1545 5079 lieu,
1576 5017 1611 5076 l).
1637 5014 1797 5076 Cardlnalis
1817 5012 1933 5074 liurde·

299 5114 432 5175 dlssimac
457 5115 650 5176 lietuinatloni
671 5116 771 5191 Suae,
803 5122 880 5199 quud
909 5136 987 5196 non,
1018 5125 1085 5200 quia
1153 5118 1296 5197 gaiensis,
1317 5131 1391 5195 qaue
1420 5117 1489 5177 olim
1523 5117 1578 5176 iuit
1609 5113 1767 5176 cardinalis
1799 5114 1933 5193 Aurege-

300 5216 428 5276 subditls
449 5216 574 5278 Sanctae
594 5215 741 5283 Romanae
762 5220 931 5296 Ecclesiae,
952 5240 987 5283 ac
1013 5223 1085 5283 rell-
1153 5220 1243 5279 reneis
1260 5263 1268 5291 ,
1285 5218 1313 5276 iu
1335 5233 1393 5294 qua
1427 5217 1566 5298 hospitari
1590 5218 1766 5289 voluerunt,
1796 5214 1933 5276 assoelmi

300 5319 390 5397 glosis
409 5318 538 5397 personis
558 5318 674 5378 obviam
697 5322 875 5400 nputanter
896 5337 953 5383 non
980 5322 1084 5383 iratur.
1152 5318 1271 5380 luerunt
1291 5333 1372 5378 mera
1393 5320 1485 5379 solito.
1508 5318 1750 5400 archepiscopus
1769 5317 1936 5378 morensis

299 5419 464 5500 lieplicavit
484 5411 662 5498 procurator
682 5420 750 5481 dicti
768 5422 891 5484 Ordinis
912 5421 962 5501 qui
983 5421 1085 5483 ibidem
1152 5420 1264 5501 primus
1285 5414 1396 5479 Orator
1417 5418 1473 5478 luit
1496 5418 1607 5479 medius
1635 5419 1710 5480 iuter
1731 5419 1934 5498 archiepisco·

298 5530 521 5601 praesensum,
543 5521 622 5599 quod
640 5532 771 5602 tempore
790 5521 884 5586 iclicls
904 5521 1086 5585 recordatio·
1152 5539 1221 5602 pum
1245 5520 1424 5600 Rugusinum
1438 5564 1446 5592 ,
1459 5529 1488 5580 et
1501 5517 1677 5599 Episcopum
1691 5518 1932 5581 &martianaeus

300 5623 346 5681 uls
368 5620 444 5681 Siatl
460 5619 556 5700 Papae
577 5614 698 5697 Quarti,
713 5621 856 5686 Oratores
871 5623 1000 5702 ejudem
1019 5623 1086 5685 lla-
1151 5623 1296 5703 praelatos
1312 5620 1427 5695 Palatii3
1449 5618 1566 5680 llalirus
1589 5619 1770 5694 alemaniae,
1791 5621 1933 5682 mundus

299 5723 400 5803 putet,
422 5734 450 5785 et
466 5720 585 5785 Ordinis
605 5722 731 5802 eduum
752 5743 819 5788 sero
838 5738 948 5790 macte
967 5726 1005 5787 aa
1022 5723 1087 5791 Ur·
1153 5722 1275 5799 Orator,
1305 5722 1361 5783 luit
1392 5721 1502 5785 medius
1522 5723 1598 5783 lntcr
1619 5720 1878 5803 Segobriacnsuu,
1904 5731 1933 5785 et
