4492 6859
296 643 407 727 (arao)

296 788 473 858 paratusne
494 778 584 840 moris
601 787 656 851 est,
669 778 747 840 venit
767 777 804 838 ad
823 780 982 859 cappellam
993 776 1089 855 majo·

299 896 365 939 rem
386 878 508 953 Palatii,
525 887 555 939 et
576 897 644 939 cum
665 899 700 943 eo
720 878 947 954 cardinales,et
968 877 1089 960 praelati

300 1129 492 1179 atraordinario
505 1143 519 1179 a
530 1134 688 1192 presentare
704 1131 728 1179 al
744 1129 811 1192 Papa
827 1133 905 1179 cento
919 1130 984 1181 Nori
996 1129 1037 1179 de’
1046 1127 1088 1191 plia

296 1209 392 1258 vistosi
417 1210 489 1271 presi
512 1210 539 1258 in
555 1222 666 1272 guerra,
683 1210 690 1259 i
708 1211 778 1273 quali
796 1224 811 1259 a
826 1210 878 1260 due
895 1222 910 1258 a
926 1210 977 1259 dae
998 1210 1088 1259 vestiti

296 1300 311 1336 a
329 1301 365 1337 nn
394 1288 538 1339 medesimo
555 1288 651 1348 modo,
667 1301 682 1339 e
699 1290 776 1353 legati
798 1302 848 1339 con
874 1302 966 1353 grosse
994 1293 1087 1339 catone

296 1366 392 1417 turono
419 1369 554 1418 introdotti
585 1369 627 1417 nel
654 1368 809 1419 Concisloro
836 1380 886 1418 ron
913 1369 1087 1431 grandissimo

301 1449 410 1509 placere
427 1447 452 1496 di
468 1447 518 1496 Sua
535 1448 654 1506 Santita,
675 1449 723 1497 che
745 1458 851 1510 sempre
868 1449 918 1497 mai
937 1448 993 1496 fece
1009 1459 1089 1509 gran·

296 1525 409 1576 dissime
423 1527 502 1576 stima
518 1525 544 1575 di
562 1530 657 1589 questo
679 1539 726 1585 re,
742 1539 756 1577 e
772 1527 790 1575 li
806 1527 962 1578 concedelte
974 1526 1016 1589 piir
1027 1540 1088 1589 gra·

296 1605 340 1656 zie
356 1605 405 1656 cite
421 1619 436 1655 a
452 1605 529 1669 quale
546 1606 568 1655 si
586 1607 668 1668 voglla
695 1607 763 1655 altro
789 1609 924 1668 polentato
947 1605 1086 1655 cristiano.

297 1685 327 1735 Li
353 1684 449 1735 mando
465 1688 555 1735 stoccc
571 1698 586 1735 e
604 1697 665 1734 rosa
682 1684 840 1745 benedetto,
857 1685 970 1735 dandola
992 1684 1041 1747 egli
1060 1684 1087 1734 di

297 1777 347 1815 sua
363 1766 472 1828 propria
488 1776 566 1814 mano
583 1764 626 1813 all'
636 1763 847 1823 ambasciatore,
863 1764 912 1814 cite
934 1764 958 1813 ia
977 1764 1056 1826 porto
1072 1777 1086 1812 a

297 1856 361 1895 casa
377 1845 404 1893 in
420 1855 512 1893 mezzo
536 1842 759 1904 ali'arcivescovo
781 1842 862 1900 Cibo,
879 1856 894 1893 e
911 1844 935 1892 al
951 1842 1088 1893 Governa·

297 1928 357 1974 tore
382 1923 409 1973 di
428 1923 509 1974 lioma
536 1922 585 1972 cho
614 1922 890 1985 l'accnmpagnaroao.
916 1922 944 1971 lli
971 1921 1049 1972 diedo
1069 1925 1086 1973 ll

298 2002 373 2053 detto
390 2002 503 2052 sussidio
520 2001 717 2060 ecclesiastico,
734 2002 757 2050 la
774 2002 816 2050 cai
836 2002 1018 2052 introduzione
1034 2014 1086 2052 non

298 2082 321 2131 si
338 2081 353 2132 e
370 2084 413 2144 poi
429 2081 481 2130 mai
505 2080 550 2143 piis
572 2080 681 2130 iasciata
704 2081 784 2130 ceder
801 2081 828 2129 in
851 2084 922 2130 terra
944 2080 986 2130 dai
1009 2093 1038 2129 rs
1060 2081 1087 2131 dl

297 2160 418 2224 Spagna,
428 2160 478 2210 che
495 2172 610 2222 sampre,
620 2172 668 2210 con
684 2162 804 2222 pretesto
816 2158 858 2208 del
870 2159 985 2221 servigio
996 2158 1021 2208 di
1033 2157 1087 2221 Dio,

296 2239 314 2289 il
331 2240 454 2303 godone,
469 2252 484 2289 e
501 2240 539 2302 gii
556 2239 667 2288 l’hanno
683 2237 780 2301 goduto
798 2235 841 2300 piis
857 2237 978 2287 dicento
1007 2239 1086 2298 anni,

299 2318 438 2368 avendone
465 2323 559 2367 cavato
583 2318 655 2367 moltl
683 2317 782 2367 milioni
799 2316 825 2366 d'
836 2330 891 2366 oro.
905 2315 949 2365 aaa
960 2318 1087 2376 ‚essendo

297 2404 386 2447 morto
402 2395 531 2446 Giovanni
548 2395 662 2446 Pacecco
678 2396 792 2445 Naestrn
808 2393 849 2444 de‘
865 2384 988 2445 cavalieri
1000 2396 1086 2448 disan

297 2475 417 2539 laenpo,
437 2476 592 2525 innocencio
619 2476 642 2525 si
667 2474 771 2525 riserbd
790 2475 817 2524 in
839 2487 868 2525 se
889 2476 906 2524 it
927 2477 1090 2554 llaestrato⁹

296 2555 396 2619 perche
422 2555 565 2619 etegqanoo
592 2557 600 2603 i
627 2551 759 2604 Caralieri
786 2555 793 2603 i
820 2554 944 2614 Naestrl,
977 2560 1088 2605 sovente

294 2636 324 2686 n’
334 2647 415 2685 erano
432 2635 506 2686 eletti
524 2634 550 2684 di
567 2634 647 2696 quelli
670 2634 718 2684 che
739 2633 865 2689 facerano
891 2635 971 2684 molta
994 2646 1088 2697 guerre

294 2714 350 2764 lino
367 2719 460 2764 contro
478 2715 494 2762 li
511 2712 649 2762 medesini
666 2726 713 2772 re,
733 2713 801 2763 onde
826 2713 898 2763 molti
916 2714 976 2761 mali
999 2715 1090 2776 segni·

295 2804 382 2850 vano3
398 2803 412 2840 e
429 2790 473 2853 poi
489 2789 540 2839 Sua
555 2787 654 2839 Santita
677 2788 754 2839 diedo
779 2790 852 2839 detto
871 2790 1015 2840 Maestratn
1038 2802 1088 2840 con

298 2872 388 2935 quello
404 2870 430 2920 di
446 2869 585 2919 calatrava
601 2882 616 2919 a
633 2868 796 2919 Ferdinando
813 2882 862 2931 per
878 2882 907 2919 se
925 2881 939 2918 e
956 2870 1013 2919 suni
1030 2881 1089 2919 suc·

299 2948 499 3008 cessori,onde
510 2949 566 2998 lire
583 2948 609 2996 di
626 2947 727 3011 Spagno
743 2948 830 2998 hanno
847 2947 873 2997 di
891 2948 939 2998 ctae
956 2950 1088 3010 premiere

297 3028 373 3081 molti
389 3028 542 3078 dell'onore
559 3026 619 3076 dell'
630 3028 719 3085 abito,
735 3039 750 3075 e
766 3026 828 3076 deli'
839 3027 902 3075 utile
929 3025 999 3075 delle
1016 3038 1086 3075 com-

295 3107 393 3160 menda
419 3106 489 3157 delle
512 3107 582 3169 quali
600 3106 693 3156 alcone
710 3118 776 3156 sono
794 3106 958 3156 riconissime
978 3125 999 3150 ι.
1026 3104 1089 3155 vrs-

301 3196 407 3238 uanus
423 3186 469 3236 loc.
488 3186 531 3234 eit.
549 3198 608 3248 pap.
625 3188 664 3236 58.

337 3266 378 3317 iix
399 3268 531 3326 Mariana,
547 3267 722 3324 lococitalo,
738 3266 771 3315 ad
789 3265 964 3328 supplendum
987 3265 1089 3315 vialar-

296 3346 375 3405 dum,
388 3346 453 3395 haec
465 3343 632 3407 adiungenda
648 3344 725 3393 nobis
736 3343 869 3393 videntur.
883 3364 893 3383 ·
907 3345 1017 3407 Aegypti
1030 3343 1089 3393 Sul·

298 3430 377 3476 tanus
400 3425 613 3487 potentissimus,
637 3423 687 3472 nisi
710 3427 816 3485 incepto
833 3422 976 3472 desisteret
998 3422 1089 3472 Perdi·

298 3503 419 3564 nundus,
435 3503 520 3566 gentis
543 3501 673 3554 Mauricae
696 3500 887 3564 impugnandae
910 3499 1011 3551 eisdem
1038 3501 1089 3550 im·

301 3581 383 3632 butae
400 3581 501 3641 sacris,
517 3581 598 3632 caede
620 3580 814 3631 vindicaturum
831 3594 861 3632 se
877 3581 1012 3639 omniurn,
1033 3582 1088 3643 qui·

303 3672 418 3723 cumque
434 3674 467 3710 cx
484 3662 585 3723 piorum
602 3662 709 3710 natione
725 3660 751 3709 in
772 3659 893 3723 Aegypto
917 3664 996 3722 atque
1012 3660 1089 3723 Syria

306 3742 400 3804 reliqui
412 3744 496 3797 erant,
507 3739 672 3790 minabaturs
684 3753 717 3789 ne
734 3754 749 3788 a
766 3741 850 3790 sacris
866 3741 972 3802 quidem
986 3744 1013 3789 at
1024 3744 1090 3789 tem·

301 3819 354 3881 plis
379 3824 597 3883 temperaturum.
618 3819 731 3882 Legatus
747 3821 773 3868 in
796 3832 854 3869 eam
882 3833 937 3870 rem
960 3820 1089 3869 Antonius

300 3900 423 3951 Nillanns
438 3898 612 3949 Franciscano
629 3900 787 3948 monasterio
804 3900 999 3962 Hierosolymae
1015 3898 1090 3948 Prae·

302 3978 408 4038 iectus,
424 3976 517 4028 eadent
533 3977 695 4040 Neapolitani
717 3977 792 4037 aegla
809 3980 919 4036 vernis,
935 3990 967 4027 eo
989 3990 1021 4027 ex
1045 3978 1090 4027 iti·

300 4069 367 4107 nere
388 4058 534 4114 convento,
550 4055 665 4113 monuit,
687 4058 715 4104 ut
733 4056 800 4105 tama
824 4055 943 4115 terebat,
958 4056 1088 4106 Mauricae

303 4136 375 4197 genti
391 4134 525 4197 aequioris
535 4144 613 4196 quam
623 4134 762 4185 honestum
780 4138 865 4193 esset,
882 4139 909 4184 et
925 4137 963 4183 tas
978 4133 1089 4196 Princjpl

299 4214 459 4264 christiano.
477 4211 555 4264 Nulla
569 4210 664 4269 iniuria
675 4216 848 4274 provocatum
865 4212 964 4262 debere
976 4212 1010 4262 ab
1021 4214 1090 4271 inju-

300 4293 340 4340 ria
356 4294 522 4353 temperare,
537 4301 624 4353 neque
640 4302 764 4348 movere,
782 4293 851 4341 unde
868 4294 1002 4355 graviores
1018 4293 1091 4342 cala-

298 4370 405 4419 mitates
422 4371 555 4419 extarent.
569 4369 654 4419 sacris
670 4372 789 4432 quamvis
806 4372 1011 4435 discrepantem,
1026 4384 1091 4437 gen·

298 4450 351 4500 lein
378 4451 480 4498 temere
505 4447 655 4498 violandam
679 4461 731 4498 non
757 4449 847 4499 videri.
869 4451 960 4514 Neque
982 4450 1088 4502 barbari

300 4528 392 4585 minis,
419 4538 505 4589 neque
530 4527 696 4589 Neapolitani
719 4531 887 4592 praeceptis,
910 4529 1090 4583 ferdinandus

298 4609 342 4657 est
357 4608 474 4656 territus.
491 4605 532 4655 Ad
546 4606 680 4656 Sullanum
703 4610 886 4669 tamen,bello
902 4615 1027 4674 peracto,
1043 4612 1090 4663 Pe·

298 4690 357 4737 trus
382 4687 484 4750 Martyr
505 4686 606 4750 legatus
624 4690 680 4745 est,
697 4687 757 4737 iacti
775 4690 904 4739 rationem
922 4690 1089 4748 redditurum

300 4764 334 4817 ad
348 4764 551 4829 Neapolitanum
567 4766 664 4830 inipso
681 4780 765 4817 norae
782 4769 959 4831 expeditionis
983 4773 1090 4833 procin-

299 4849 362 4904 ctu,
376 4844 505 4895 codicillis
516 4844 666 4908 explicatae
678 4857 793 4907 causae,
804 4860 852 4899 cnr
865 4854 922 4907 jure
935 4849 1088 4922 christiano,

299 4924 439 4987 imperium
462 4926 556 4984 injuria
580 4924 752 4976 constitutum
774 4927 946 4990 abantiquo,
967 4932 993 4977 et
1019 4929 1089 4980 unde

300 5005 397 5054 multae
414 5008 536 5054 recentes
553 5004 669 5056 oiiensao
684 5010 880 5068 provocarent,
897 5012 1020 5058 evertere
1040 5009 1090 5059 ho·

298 5086 405 5133 nestum
421 5084 514 5146 fasque
531 5088 602 5134 esset
620 5105 641 5133 ·.
657 5088 787 5135 manuus
804 5086 847 5136 la.
860 5086 931 5137 loll.
942 5100 998 5150 cop.
1009 5088 1057 5139 XV.

338 5164 522 5213 flrnvoasrtus
537 5164 643 5215 zonara
655 5166 681 5216 in
696 5166 810 5217 Historia
825 5166 864 5216 del
886 5166 936 5227 lieu
954 5168 1009 5218 lion
1026 5168 1089 5219 Her·

296 5241 380 5291 ruodo
397 5241 419 5291 sl
436 5240 565 5291 Gotiolico
581 5242 611 5293 de
627 5243 665 5293 las
681 5256 823 5308 cmpretas,
838 5258 855 5305 y
871 5245 934 5309 lions
955 5247 985 5295 de
1000 5247 1088 5296 ltalia,

270 5373 272 5378 ,
299 5323 363 5371 tom.
379 5320 406 5369 V.
422 5333 483 5383 pop.
499 5324 537 5371 22
555 5324 595 5372 23.
613 5321 676 5372 haec
694 5324 802 5374 subdit·
818 5325 1014 5374 considerando
1031 5329 1088 5375 esto

298 5402 324 5450 al
340 5402 440 5463 tiempo
467 5413 518 5463 que
546 5402 630 5451 murlo
658 5401 712 5452 don
739 5406 816 5453 Garci
839 5403 926 5466 Lopea
942 5402 976 5452 de
995 5402 1090 5455 Padilla

296 5480 411 5533 Naeslre
434 5480 468 5530 de
490 5480 630 5531 Caletrara
657 5495 821 5544 procuraron
845 5496 897 5546 que
914 5495 943 5532 se
960 5483 1048 5533 diesse
1065 5485 1088 5533 al

296 5559 352 5623 lley
375 5573 424 5623 por
447 5560 471 5609 la
495 5560 562 5611 Sede
587 5561 740 5624 Apostolica
765 5564 790 5613 la
815 5563 1030 5613 administracion
1056 5563 1090 5614 de

298 5641 375 5701 aquei
402 5640 579 5703 Naeslradgos
601 5641 661 5705 yal
678 5639 749 5705 Papa
764 5644 903 5694 inocencio
924 5642 1049 5693 concedio
1065 5643 1090 5692 la

299 5718 515 5774 administracicn
529 5723 660 5785 perpetua
683 5721 718 5774 de
734 5723 773 5774 los
792 5727 847 5775 tres
865 5722 1045 5788 tlaestradgos
1062 5724 1088 5775 al

770 638 1055 705 rotlatatctttls
1076 639 1302 707 tillioclllt‘ltl
1322 641 1474 710 octavi.
1882 655 1944 718 437

1160 778 1189 840 in
1214 783 1310 863 cappis
1338 783 1400 844 suis
1420 794 1477 846 etc.
1499 786 1589 848 Facta
1609 799 1652 851 est
1677 793 1824 871 processio
1854 811 1946 875 usque

1158 879 1196 938 ad
1217 880 1459 965 lobiam(i)extra
1480 905 1616 965 magnam
1637 892 1733 951 aulam
1756 893 1869 970 Palatii,
1895 893 1946 957 ult

1159 981 1288 1045 Pontifex
1312 982 1438 1063 projecit
1457 987 1596 1050 candelas
1609 996 1716 1072 populo
1721 1017 1732 1068 3
1754 996 1859 1074 quibus
1873 1018 1947 1078 pro·

1156 1079 1242 1158 jectis
1263 1104 1400 1148 reversus
1420 1100 1462 1149 est
1482 1090 1518 1149 ad
1540 1094 1717 1171 cappellam,
1733 1097 1794 1172 ubi,
1810 1098 1946 1179 depositis

1158 1203 1210 1263 per
1237 1185 1405 1250 cardinales
1433 1200 1462 1251 et
1482 1194 1625 1271 praelatos
1651 1201 1845 1276 paramentis,
1867 1201 1945 1262 dicto

1157 1298 1200 1347 est
1222 1288 1309 1347 missa
1329 1307 1411 1351 more
1430 1291 1525 1365 solito,
1539 1302 1569 1353 et
1590 1310 1646 1355 non
1665 1296 1723 1356 fuit
1741 1316 1857 1373 sermn;
1873 1319 1945 1361 can·

1159 1387 1235 1476 delas
1249 1388 1321 1447 diras
1332 1407 1452 1469 magnas
1467 1392 1557 1453 lenuit
1567 1394 1740 1458 Franciscus
1750 1397 1824 1459 Cibo
1839 1419 1947 1480 supra·

1158 1486 1267 1562 dictus,
1289 1488 1366 1549 iilius
1388 1490 1482 1571 Papae
1502 1512 1520 1552 a
1540 1494 1660 1570 dextris,
1681 1506 1709 1559 et
1731 1497 1871 1562 Antonius
1886 1502 1945 1562 lti-

1158 1588 1307 1665 randulae,
1319 1602 1376 1653 etc.
1394 1592 1496 1654 Comes
1515 1612 1532 1653 a
1552 1597 1683 1658 sinistris.
1701 1598 1743 1660 la
1760 1603 1943 1682 evangelium
2015 1591 2017 1597 ⁸

1158 1686 1248 1768 Papa,
1268 1689 1458 1766 cardinales,
1487 1705 1517 1755 et
1548 1695 1595 1755 alii
1628 1708 1791 1776 tenuerunt,
1813 1703 1944 1765 candelas

1157 1806 1225 1850 suas
1235 1811 1246 1863 3
1267 1791 1400 1854 similiter
1421 1804 1450 1854 et
1470 1795 1507 1854 ad
1532 1797 1720 1860 elevationem
1742 1800 1923 1865 Sacrameotl
1934 1824 1945 1880 3

1159 1889 1275 1950 interim
1290 1900 1386 1952 tamen
1401 1910 1483 1956 cerae
1496 1898 1703 1961 scutiferorum
1715 1902 1836 1964 fuerunt
1849 1905 1947 1967 extio·

1158 1998 1245 2063 ctae,
1266 1990 1315 2052 sed
1339 1992 1377 2050 ab
1396 1994 1554 2057 elevatione
1576 2016 1667 2077 usque
1699 2015 1764 2082 post
1793 2005 1947 2066 comunio·
1991 2057 1993 2063 .

1158 2107 1223 2150 nem
1249 2091 1446 2168 celebrantis,
1474 2098 1603 2160 scutiferi
1630 2112 1785 2164 tenuerunt
1812 2105 1945 2167 candelas

1158 2193 1233 2272 ipsas
1249 2192 1398 2269 ardentes,
1418 2206 1488 2257 tunc
1506 2217 1554 2260 eas
1573 2200 1766 2265 extinxerunt.
1782 2205 1878 2266 Finita
1893 2206 1947 2269 be·

1158 2292 1318 2357 nedictione
1346 2298 1557 2374 candelarum,
1585 2302 1641 2364 hoc
1678 2323 1762 2366 mane
1803 2305 1866 2367 dedi
1900 2307 1948 2369 io·

1159 2416 1227 2459 cum
1244 2401 1402 2463 venerabili
1415 2402 1530 2464 domino
1545 2403 1673 2467 Eroaldo
1690 2406 1726 2468 de
1745 2406 1947 2470 Senenhroder

1159 2499 1330 2581 Praeposito
1345 2505 1481 2565 eeclesiae
1501 2504 1833 2581 Elesionensis,0ratori
1856 2509 1946 2572 Sere·

1160 2602 1267 2662 nissimi
1287 2603 1374 2684 Regis
1393 2607 1498 2667 Daciae
1519 2608 1548 2668 in
1568 2611 1697 2689 cappella
1718 2612 1865 2692 praedicta
1882 2623 1948 2693 post

1159 2701 1319 2768 Oratorem
1351 2706 1428 2786 regis
1448 2707 1597 2783 Potoniae,
1616 2710 1650 2773 de
1670 2712 1806 2773 mandato
1826 2711 1881 2773 88.
1910 2714 1947 2773 D.

1159 2802 1193 2865 N.
1215 2806 1323 2885 Papae,
1341 2825 1376 2869 ex
1395 2808 1512 2871 consilio
1535 2809 1599 2871 litt.
1620 2810 1684 2876 ΠΙ).
1702 2812 1947 2891 vicecancellarii,

1159 2906 1347 2989 Neapolitani,
1368 2920 1398 2970 et
1419 2908 1519 2971 Sancti
1537 2912 1629 2974 Marci
1649 2912 1859 2989 Cardinalium,
1875 2914 1946 2975 mihi

1158 3008 1236 3069 facto
1248 3030 1258 3082 3
1283 3026 1370 3086 quem
1392 3010 1489 3070 locum
1523 3010 1656 3074 dominus
1682 3012 1827 3077 Eroaltius
1857 3034 1946 3077 acce

1159 3111 1262 3188 piavit,
1282 3110 1348 3169 iicet
1369 3109 1451 3188 prius
1470 3111 1541 3171 mint
1562 3112 1677 3176 dixisset
1697 3126 1727 3178 et
1741 3115 1840 3178 locum
1858 3135 1944 3178 suum

1159 3230 1219 3272 esse
1241 3210 1402 3273 immediate
1421 3223 1485 3290 post
1507 3209 1663 3276 Oratorem
1685 3215 1761 3295 regis
1781 3205 1930 3279 Franciae.

1200 3313 1288 3375 Feria
1307 3312 1403 3387 tertia,
1418 3331 1493 3374 nona
1510 3314 1660 3390 februarii,
1674 3317 1719 3379 die
1740 3318 1852 3389 martis,
1870 3319 1949 3380 venit

1129 3487 1131 3492 .
1159 3414 1196 3473 ad
1217 3414 1328 3477 Urbem
1349 3411 1386 3472 Ι).
1408 3414 1544 3477 albertus
1564 3416 1665 3479 Blesus
1684 3417 1799 3490 doctor,
1817 3428 1847 3478 et
1866 3417 1948 3478 miles

1159 3514 1356 3589 Coloniensis,
1376 3512 1485 3576 Orator
1513 3517 1684 3579 serenissimi
1715 3519 1833 3599 imperii
1853 3517 1948 3579 nostri
2034 3551 2039 3560 ·

1159 3634 1211 3696 per
1242 3614 1278 3677 tl.
1307 3614 1503 3676 Raimundum
1535 3615 1671 3679 Perandii
1690 3616 1948 3681 Prothonctsrium

1160 3717 1373 3797 Apostolicum,
1387 3726 1415 3776 et
1437 3714 1578 3776 Nuntium
1596 3717 1672 3797 apud
1693 3718 1827 3780 eumdem
1849 3720 1946 3799 impe·

1160 3828 1288 3879 retorem
1309 3819 1473 3880 existentem
1501 3817 1725 3894 subordinatus,
1748 3820 1798 3897 qui
1827 3818 1949 3880 intravit

1160 3918 1239 3978 circa
1259 3917 1363 3978 horam
1396 3918 1535 3979 decimam
1559 3936 1663 3979 nonam
1686 3939 1737 4000 per
1759 3932 1873 3999 portam
1892 3920 1947 3982 vt-

1159 4018 1261 4080 ridarii
1272 4061 1282 4091 ,
1302 4018 1411 4079 medius
1431 4019 1506 4079 inter
1527 4019 1693 4098 episcopum
1712 4021 1949 4095 Tornaesnsern,
1972 4079 1976 4088 .

1159 4121 1333 4200 Magistrum
1342 4122 1446 4181 domus
1456 4121 1555 4201 palatii
1573 4122 1731 4201 apostolici,
1746 4142 1763 4183 a
1778 4123 1948 4197 dexteris,et

1160 4225 1240 4284 ilias.
1263 4222 1298 4282 D.
1311 4222 1451 4283 laconum
1463 4223 1658 4285 Nerchionem
1669 4223 1827 4287 Badensem
1841 4244 1858 4286 a
1873 4226 1947 4287 siai·

1160 4325 1236 4398 siris,
1248 4318 1458 4405 principalibus
1466 4324 1623 4386 curialibus
1635 4325 1809 4401 Alemannis,
1820 4327 1948 4389 associa·

1161 4436 1208 4486 tus
1222 4443 1314 4502 usque
1332 4424 1369 4483 ad
1388 4423 1542 4505 hospitium
1550 4425 1687 4506 sangar
1703 4444 1793 4507 prope
1802 4427 1945 4507 Campum

1159 4527 1275 4599 Florae,
1290 4527 1318 4585 in
1334 4543 1392 4603 quo
1414 4525 1573 4606 hospitatus
1593 4539 1644 4589 cst.
1664 4526 1717 4588 Die
1738 4530 1867 4608 sequenti
1889 4527 1951 4591 88.

1159 4626 1196 4689 tl.
1217 4627 1252 4688 li.
1272 4629 1298 4688 ei
1320 4626 1467 4688 honestam
1488 4628 1638 4709 propinem
1661 4649 1695 4691 ex
1717 4629 1807 4703 vino,
1828 4631 1948 4711 spelta,

1160 4727 1401 4804 confectionibus,
1428 4731 1574 4810 cappanis,
1592 4742 1621 4793 et
1642 4730 1729 4792 rebus
1750 4730 1813 4793 aliis
1825 4774 1834 4804 ,
1848 4740 1877 4791 et
1902 4730 1947 4791 die

1155 4828 1245 4909 jovis,
1261 4832 1413 4892 undecima
1428 4828 1528 4906 hujus,
1544 4831 1644 4893 habuit
1657 4832 1829 4894 audientiam
1844 4832 1882 4891 ab
1894 4850 1949 4893 eo-

1160 4932 1226 4995 dem
1249 4932 1303 4996 SS.
1323 4933 1359 4993 D.
1382 4931 1436 5014 li..
1835 4923 1839 4934 '

1160 5166 1224 5228 lisy:
1243 5164 1300 5226 yet
1323 5161 1389 5225 Papa
1411 5161 1562 5212 alexandre
1584 5159 1608 5210 le
1625 5160 1668 5210 dio
1686 5172 1719 5209 en
1735 5160 1786 5209 etia
1807 5171 1857 5221 por
1877 5170 1950 5208 com·

1158 5257 1276 5308 pannera
1293 5257 1308 5293 a
1323 5244 1348 5293 ta
1365 5243 1463 5301 lteina3
1479 5254 1544 5304 para
1570 5253 1621 5303 que
1642 5240 1687 5290 >los
1710 5238 1760 5289 dos
1780 5240 1947 5300 tentamenta

1160 5326 1294 5375 laniessen
1318 5322 1343 5371 la
1367 5320 1592 5371 administraciom
1608 5333 1626 5383 y
1643 5331 1676 5368 en
1693 5321 1750 5369 este
1767 5318 1859 5368 mismo
1876 5328 1945 5368 anno

1160 5403 1271 5454 estando
1287 5403 1311 5452 el
1327 5403 1381 5466 ltey
1398 5414 1432 5451 en
1447 5400 1607 5455 Barcelona.
1632 5400 1716 5449 mario
1743 5398 1771 5447 tt.
1793 5398 1890 5447 Alonso
1912 5397 1945 5447 de

1160 5483 1292 5534 Cardenas
1309 5483 1421 5532 Naeslre
1432 5479 1465 5529 de
1481 5480 1615 5541 Santiagn=
1630 5492 1648 5542 y
1666 5482 1786 5527 tomaron
1798 5489 1812 5525 a
1825 5488 1855 5525 su
1867 5488 1947 5527 mano

1160 5564 1186 5612 la
1212 5560 1438 5611 administracion=
1453 5572 1473 5621 y
1489 5557 1580 5607 aiendo
1606 5556 1660 5606 don
1684 5554 1749 5605 lnan
1775 5553 1808 5604 de
1827 5553 1945 5617 Conniga

1160 5643 1272 5693 alaestre
1287 5640 1321 5690 de
1337 5640 1475 5689 dicantara
1485 5650 1536 5700 ,no
1552 5648 1631 5701 passo
1647 5647 1684 5685 un
1700 5646 1767 5684 anno
1784 5647 1835 5697 que
1847 5635 1871 5685 le
1883 5644 1946 5696 per·

1162 5720 1303 5775 suadicron
1318 5733 1370 5785 quc
1385 5720 1556 5771 renunciasse
1571 5718 1597 5769 el
1612 5716 1689 5768 titulo
1704 5719 1779 5769 eto..

1671 5808 1702 5862 tt
