<?xml version="1.0" encoding="UTF-8"?>
<!DOCTYPE html PUBLIC "-//W3C//DTD XHTML 1.0 Transitional//EN"
    "http://www.w3.org/TR/xhtml1/DTD/xhtml1-transitional.dtd">
<html xmlns="http://www.w3.org/1999/xhtml" xml:lang="en" lang="en">
 <head>
  <title>
</title>
<meta http-equiv="Content-Type" content="text/html;charset=utf-8" />
  <meta name='ocr-system' content='tesseract 3.04.00' />
  <meta name='ocr-capabilities' content='ocr_page ocr_carea ocr_par ocr_line ocrx_word'/>
</head>
<body>
  <div class='ocr_page' id='page_1' title='image "./johannisburchar01burcgoog/johannisburchar01burcgoog_0071.png"; bbox 0 0 4492 6859; ppageno 0'>
   <div class='ocr_carea' id='block_1_1' title="bbox 240 655 351 742">
    <p class='ocr_par' dir='ltr' id='par_1_1' title="bbox 240 655 351 742">
     <span class='ocr_line' id='line_1_1' title="bbox 240 655 351 742; baseline 0.018 -2"><span class='ocrx_word' id='word_1_1' title='bbox 240 655 351 742; x_wconf 56' lang='grc' dir='ltr'>(κει)</span> 
     </span>
    </p>
   </div>
   <div class='ocr_carea' id='block_1_2' title="bbox 717 648 1886 720">
    <p class='ocr_par' dir='ltr' id='par_1_2' title="bbox 717 648 1886 720">
     <span class='ocr_line' id='line_1_2' title="bbox 717 648 1886 720; baseline 0 -3"><span class='ocrx_word' id='word_1_2' title='bbox 717 650 999 720; x_wconf 74' lang='lat' dir='ltr'><strong>routartctrus</strong></span> <span class='ocrx_word' id='word_1_3' title='bbox 1019 648 1241 714; x_wconf 72' lang='lat' dir='ltr'><strong>introcurrit</strong></span> <span class='ocrx_word' id='word_1_4' title='bbox 1262 650 1413 716; x_wconf 77' lang='lat' dir='ltr'>OCTAVI.</span> <span class='ocrx_word' id='word_1_5' title='bbox 1846 655 1886 717; x_wconf 82' lang='lat' dir='ltr'><strong>ii</strong></span> 
     </span>
    </p>
   </div>
   <div class='ocr_carea' id='block_1_3' title="bbox 242 786 1889 875">
    <p class='ocr_par' dir='ltr' id='par_1_3' title="bbox 242 786 1889 875">
     <span class='ocr_line' id='line_1_3' title="bbox 242 786 1889 875; baseline 0 -20"><span class='ocrx_word' id='word_1_6' title='bbox 242 797 308 858; x_wconf 89' lang='lat' dir='ltr'><strong>sede</strong></span> <span class='ocrx_word' id='word_1_7' title='bbox 330 798 357 855; x_wconf 92' lang='lat' dir='ltr'><strong>in</strong></span> <span class='ocrx_word' id='word_1_8' title='bbox 379 814 436 874; x_wconf 88' lang='lat' dir='ltr'><strong>qun</strong></span> <span class='ocrx_word' id='word_1_9' title='bbox 457 792 643 875; x_wconf 89' lang='lat' dir='ltr'><strong>portabatur,</strong></span> <span class='ocrx_word' id='word_1_10' title='bbox 668 791 806 853; x_wconf 84' lang='lat' dir='ltr'><strong>demissus</strong></span> <span class='ocrx_word' id='word_1_11' title='bbox 829 792 904 852; x_wconf 91' lang='lat' dir='ltr'><strong>intra</strong></span> <span class='ocrx_word' id='word_1_12' title='bbox 926 789 1031 851; x_wconf 80' lang='lat' dir='ltr'><strong>dicun</strong></span> <span class='ocrx_word' id='word_1_13' title='bbox 1063 786 1068 871; x_wconf 73' lang='lat' dir='ltr'><strong>l</strong></span> <span class='ocrx_word' id='word_1_14' title='bbox 1099 789 1250 850; x_wconf 87' lang='lat' dir='ltr'><strong>uersiculis</strong></span> <span class='ocrx_word' id='word_1_15' title='bbox 1259 802 1290 851; x_wconf 91' lang='lat' dir='ltr'><strong>et</strong></span> <span class='ocrx_word' id='word_1_16' title='bbox 1303 790 1490 864; x_wconf 88' lang='lat' dir='ltr'><strong>orationibus,</strong></span> <span class='ocrx_word' id='word_1_17' title='bbox 1503 791 1565 853; x_wconf 84' lang='lat' dir='ltr'><strong>llll.</strong></span> <span class='ocrx_word' id='word_1_18' title='bbox 1584 792 1698 855; x_wconf 89' lang='lat' dir='ltr'><strong>Domini</strong></span> <span class='ocrx_word' id='word_1_19' title='bbox 1719 793 1850 856; x_wconf 86' lang='lat' dir='ltr'><strong>Senensis</strong></span> <span class='ocrx_word' id='word_1_20' title='bbox 1860 806 1889 857; x_wconf 91' lang='lat' dir='ltr'><strong>et</strong></span> 
     </span>
    </p>
   </div>
   <div class='ocr_carea' id='block_1_4' title="bbox 239 891 1032 1477">
    <p class='ocr_par' dir='ltr' id='par_1_4' title="bbox 242 891 1032 1076">
     <span class='ocr_line' id='line_1_4' title="bbox 242 891 1032 975; baseline -0.008 -17"><span class='ocrx_word' id='word_1_21' title='bbox 242 907 355 975; x_wconf 82' lang='lat' dir='ltr'><strong>portem</strong></span> <span class='ocrx_word' id='word_1_22' title='bbox 378 895 479 957; x_wconf 88' lang='lat' dir='ltr'><strong>Palatii</strong></span> <span class='ocrx_word' id='word_1_23' title='bbox 498 895 610 967; x_wconf 84' lang='lat' dir='ltr'><strong>sedens,</strong></span> <span class='ocrx_word' id='word_1_24' title='bbox 629 903 729 956; x_wconf 85' lang='lat' dir='ltr'><strong>ornnes</strong></span> <span class='ocrx_word' id='word_1_25' title='bbox 757 892 910 956; x_wconf 82' lang='lat' dir='ltr'><strong>canudcos</strong></span> <span class='ocrx_word' id='word_1_26' title='bbox 941 891 1032 952; x_wconf 89' lang='lat' dir='ltr'><strong>dietae</strong></span> 
     </span>
     <span class='ocr_line' id='line_1_5' title="bbox 242 993 824 1076; baseline -0.005 -21"><span class='ocrx_word' id='word_1_27' title='bbox 242 995 373 1057; x_wconf 85' lang='lat' dir='ltr'><strong>basilicae</strong></span> <span class='ocrx_word' id='word_1_28' title='bbox 395 996 431 1055; x_wconf 90' lang='lat' dir='ltr'><strong>ad</strong></span> <span class='ocrx_word' id='word_1_29' title='bbox 452 995 530 1076; x_wconf 89' lang='lat' dir='ltr'><strong>pedis</strong></span> <span class='ocrx_word' id='word_1_30' title='bbox 551 994 685 1055; x_wconf 85' lang='lat' dir='ltr'><strong>osculum</strong></span> <span class='ocrx_word' id='word_1_31' title='bbox 706 993 824 1072; x_wconf 89' lang='lat' dir='ltr'><strong>recepit.</strong></span> 
     </span>
    </p>

    <p class='ocr_par' dir='ltr' id='par_1_5' title="bbox 239 1092 1032 1477">
     <span class='ocr_line' id='line_1_6' title="bbox 284 1092 1030 1177; baseline -0.008 -21"><span class='ocrx_word' id='word_1_32' title='bbox 284 1095 392 1158; x_wconf 85' lang='lat' dir='ltr'><strong>Deinde</strong></span> <span class='ocrx_word' id='word_1_33' title='bbox 419 1107 552 1177; x_wconf 87' lang='lat' dir='ltr'><strong>portatus</strong></span> <span class='ocrx_word' id='word_1_34' title='bbox 578 1106 622 1156; x_wconf 80' lang='lat' dir='ltr'><strong>est</strong></span> <span class='ocrx_word' id='word_1_35' title='bbox 650 1096 678 1155; x_wconf 94' lang='lat' dir='ltr'><strong>in</strong></span> <span class='ocrx_word' id='word_1_36' title='bbox 707 1094 773 1156; x_wconf 89' lang='lat' dir='ltr'><strong>sede</strong></span> <span class='ocrx_word' id='word_1_37' title='bbox 800 1092 946 1175; x_wconf 86' lang='lat' dir='ltr'><strong>praedicta</strong></span> <span class='ocrx_word' id='word_1_38' title='bbox 978 1111 1030 1172; x_wconf 85' lang='lat' dir='ltr'><strong>per</strong></span> 
     </span>
     <span class='ocr_line' id='line_1_7' title="bbox 241 1192 1030 1273; baseline -0.006 -17"><span class='ocrx_word' id='word_1_39' title='bbox 241 1206 357 1273; x_wconf 81' lang='lat' dir='ltr'><strong>portani</strong></span> <span class='ocrx_word' id='word_1_40' title='bbox 381 1207 546 1256; x_wconf 84' lang='lat' dir='ltr'><strong>consuetum</strong></span> <span class='ocrx_word' id='word_1_41' title='bbox 568 1195 701 1267; x_wconf 80' lang='lat' dir='ltr'><strong>medians,</strong></span> <span class='ocrx_word' id='word_1_42' title='bbox 724 1193 854 1255; x_wconf 82' lang='lat' dir='ltr'><strong>uidelicet</strong></span> <span class='ocrx_word' id='word_1_43' title='bbox 873 1193 910 1253; x_wconf 88' lang='lat' dir='ltr'><strong>ad</strong></span> <span class='ocrx_word' id='word_1_44' title='bbox 931 1192 1030 1254; x_wconf 89' lang='lat' dir='ltr'><strong>basili-</strong></span> 
     </span>
     <span class='ocr_line' id='line_1_8' title="bbox 243 1293 1032 1375; baseline 0.001 -22"><span class='ocrx_word' id='word_1_45' title='bbox 243 1313 308 1355; x_wconf 88' lang='lat' dir='ltr'><strong>eam</strong></span> <span class='ocrx_word' id='word_1_46' title='bbox 336 1296 514 1375; x_wconf 88' lang='lat' dir='ltr'><strong>praedictam</strong></span> <span class='ocrx_word' id='word_1_47' title='bbox 542 1314 633 1375; x_wconf 79' lang='lat' dir='ltr'><strong>usque</strong></span> <span class='ocrx_word' id='word_1_48' title='bbox 657 1295 693 1355; x_wconf 91' lang='lat' dir='ltr'><strong>ad</strong></span> <span class='ocrx_word' id='word_1_49' title='bbox 720 1295 879 1357; x_wconf 83' lang='lat' dir='ltr'><strong>secundani</strong></span> <span class='ocrx_word' id='word_1_50' title='bbox 905 1293 1032 1375; x_wconf 51' lang='lat' dir='ltr'><strong>lapidem*</strong></span> 
     </span>
     <span class='ocr_line' id='line_1_9' title="bbox 239 1392 1029 1477; baseline 0.001 -23"><span class='ocrx_word' id='word_1_51' title='bbox 239 1413 379 1475; x_wconf 68' lang='lat' dir='ltr'><strong>magnum</strong></span> <span class='ocrx_word' id='word_1_52' title='bbox 398 1396 591 1477; x_wconf 86' lang='lat' dir='ltr'><strong>porpbireuni</strong></span> <span class='ocrx_word' id='word_1_53' title='bbox 612 1398 642 1456; x_wconf 93' lang='lat' dir='ltr'><strong>in</strong></span> <span class='ocrx_word' id='word_1_54' title='bbox 664 1406 743 1460; x_wconf 83' lang='lat' dir='ltr'><strong>terra</strong></span> <span class='ocrx_word' id='word_1_55' title='bbox 760 1397 901 1474; x_wconf 87' lang='lat' dir='ltr'><strong>positum,</strong></span> <span class='ocrx_word' id='word_1_56' title='bbox 929 1392 978 1454; x_wconf 89' lang='lat' dir='ltr'><strong>ubi</strong></span> <span class='ocrx_word' id='word_1_57' title='bbox 1000 1394 1029 1455; x_wconf 93' lang='lat' dir='ltr'><strong>in</strong></span> 
     </span>
    </p>
   </div>
   <div class='ocr_carea' id='block_1_5' title="bbox 239 1491 1059 1574">
    <p class='ocr_par' dir='ltr' id='par_1_6' title="bbox 239 1491 1059 1574">
     <span class='ocr_line' id='line_1_10' title="bbox 239 1491 1059 1574; baseline 0 -19"><span class='ocrx_word' id='word_1_58' title='bbox 239 1506 342 1574; x_wconf 85' lang='lat' dir='ltr'><strong>parato</strong></span> <span class='ocrx_word' id='word_1_59' title='bbox 362 1496 416 1556; x_wconf 89' lang='lat' dir='ltr'><strong>sibi</strong></span> <span class='ocrx_word' id='word_1_60' title='bbox 433 1496 592 1558; x_wconf 88' lang='lat' dir='ltr'><strong>faldistorio</strong></span> <span class='ocrx_word' id='word_1_61' title='bbox 610 1514 677 1557; x_wconf 88' lang='lat' dir='ltr'><strong>cum</strong></span> <span class='ocrx_word' id='word_1_62' title='bbox 696 1514 750 1557; x_wconf 89' lang='lat' dir='ltr'><strong>sno</strong></span> <span class='ocrx_word' id='word_1_63' title='bbox 766 1497 891 1558; x_wconf 89' lang='lat' dir='ltr'><strong>scabello</strong></span> <span class='ocrx_word' id='word_1_64' title='bbox 911 1508 940 1557; x_wconf 90' lang='lat' dir='ltr'><strong>et</strong></span> <span class='ocrx_word' id='word_1_65' title='bbox 961 1514 1030 1556; x_wconf 89' lang='lat' dir='ltr'><strong>cus·</strong></span> <span class='ocrx_word' id='word_1_66' title='bbox 1057 1491 1059 1495; x_wconf 78' lang='grc'><strong>’</strong></span> 
     </span>
    </p>
   </div>
   <div class='ocr_carea' id='block_1_6' title="bbox 232 1596 1029 5486">
    <p class='ocr_par' dir='ltr' id='par_1_7' title="bbox 236 1596 1029 2078">
     <span class='ocr_line' id='line_1_11' title="bbox 236 1596 1029 1677; baseline 0.005 -22"><span class='ocrx_word' id='word_1_67' title='bbox 236 1596 306 1658; x_wconf 90' lang='lat' dir='ltr'><strong>sinis</strong></span> <span class='ocrx_word' id='word_1_68' title='bbox 330 1616 365 1657; x_wconf 87' lang='lat' dir='ltr'><strong>ac</strong></span> <span class='ocrx_word' id='word_1_69' title='bbox 387 1609 483 1677; x_wconf 89' lang='lat' dir='ltr'><strong>tapeto</strong></span> <span class='ocrx_word' id='word_1_70' title='bbox 503 1597 605 1658; x_wconf 80' lang='lat' dir='ltr'>subtus</span> <span class='ocrx_word' id='word_1_71' title='bbox 626 1597 779 1666; x_wconf 86' lang='lat' dir='ltr'><strong>interram</strong></span> <span class='ocrx_word' id='word_1_72' title='bbox 798 1608 957 1677; x_wconf 88' lang='lat' dir='ltr'><strong>prostrato,</strong></span> <span class='ocrx_word' id='word_1_73' title='bbox 977 1596 1029 1659; x_wconf 91' lang='lat' dir='ltr'><strong>de·</strong></span> 
     </span>
     <span class='ocr_line' id='line_1_12' title="bbox 237 1694 1027 1777; baseline -0.001 -20"><span class='ocrx_word' id='word_1_74' title='bbox 237 1698 330 1776; x_wconf 89' lang='lat' dir='ltr'><strong>posito</strong></span> <span class='ocrx_word' id='word_1_75' title='bbox 348 1700 447 1770; x_wconf 90' lang='lat' dir='ltr'><strong>mitra,</strong></span> <span class='ocrx_word' id='word_1_76' title='bbox 459 1696 635 1777; x_wconf 79' lang='lat' dir='ltr'><strong>genuflexus,</strong></span> <span class='ocrx_word' id='word_1_77' title='bbox 653 1698 689 1758; x_wconf 88' lang='lat' dir='ltr'><strong>ud</strong></span> <span class='ocrx_word' id='word_1_78' title='bbox 705 1700 798 1759; x_wconf 89' lang='lat' dir='ltr'><strong>altare</strong></span> <span class='ocrx_word' id='word_1_79' title='bbox 811 1694 904 1775; x_wconf 82' lang='lat' dir='ltr'><strong>suajus</strong></span> <span class='ocrx_word' id='word_1_80' title='bbox 915 1697 1027 1771; x_wconf 79' lang='lat' dir='ltr'><strong>orarit3</strong></span> 
     </span>
     <span class='ocr_line' id='line_1_13' title="bbox 236 1782 1029 1878; baseline 0 -22"><span class='ocrx_word' id='word_1_81' title='bbox 236 1797 429 1858; x_wconf 73' lang='lat' dir='ltr'><strong>faldistorium</strong></span> <span class='ocrx_word' id='word_1_82' title='bbox 451 1816 519 1858; x_wconf 90' lang='lat' dir='ltr'><strong>cum</strong></span> <span class='ocrx_word' id='word_1_83' title='bbox 539 1797 682 1872; x_wconf 87' lang='lat' dir='ltr'><strong>scabello,</strong></span> <span class='ocrx_word' id='word_1_84' title='bbox 705 1782 839 1869; x_wconf 78' lang='lat' dir='ltr'><strong>cussinis,</strong></span> <span class='ocrx_word' id='word_1_85' title='bbox 859 1809 889 1859; x_wconf 89' lang='lat' dir='ltr'><strong>et</strong></span> <span class='ocrx_word' id='word_1_86' title='bbox 921 1808 1029 1878; x_wconf 91' lang='lat' dir='ltr'><strong>tapeto,</strong></span> 
     </span>
     <span class='ocr_line' id='line_1_14' title="bbox 236 1897 1028 1976; baseline -0.001 -19"><span class='ocrx_word' id='word_1_87' title='bbox 236 1899 394 1959; x_wconf 81' lang='lat' dir='ltr'>servientes</span> <span class='ocrx_word' id='word_1_88' title='bbox 407 1916 558 1959; x_wconf 88' lang='lat' dir='ltr'><strong>armorum</strong></span> <span class='ocrx_word' id='word_1_89' title='bbox 574 1897 642 1959; x_wconf 88' lang='lat' dir='ltr'><strong>binc</strong></span> <span class='ocrx_word' id='word_1_90' title='bbox 660 1907 689 1959; x_wconf 88' lang='lat' dir='ltr'><strong>et</strong></span> <span class='ocrx_word' id='word_1_91' title='bbox 704 1899 779 1973; x_wconf 90' lang='lat' dir='ltr'><strong>inde,</strong></span> <span class='ocrx_word' id='word_1_92' title='bbox 794 1915 853 1976; x_wconf 91' lang='lat' dir='ltr'><strong>quo</strong></span> <span class='ocrx_word' id='word_1_93' title='bbox 866 1914 939 1976; x_wconf 87' lang='lat' dir='ltr'><strong>opus</strong></span> <span class='ocrx_word' id='word_1_94' title='bbox 953 1908 1028 1970; x_wconf 90' lang='lat' dir='ltr'><strong>erat,</strong></span> 
     </span>
     <span class='ocr_line' id='line_1_15' title="bbox 236 2008 440 2078; baseline 0 -20"><span class='ocrx_word' id='word_1_95' title='bbox 236 2008 440 2078; x_wconf 82' lang='lat' dir='ltr'><strong>portaverunt.</strong></span> 
     </span>
    </p>

    <p class='ocr_par' dir='ltr' id='par_1_8' title="bbox 232 2097 1029 4189">
     <span class='ocr_line' id='line_1_16' title="bbox 277 2097 1027 2179; baseline 0 -21"><span class='ocrx_word' id='word_1_96' title='bbox 277 2100 367 2160; x_wconf 81' lang='lat' dir='ltr'><strong>Facta</strong></span> <span class='ocrx_word' id='word_1_97' title='bbox 388 2099 533 2173; x_wconf 88' lang='lat' dir='ltr'><strong>oratione,</strong></span> <span class='ocrx_word' id='word_1_98' title='bbox 553 2100 686 2179; x_wconf 90' lang='lat' dir='ltr'><strong>imposita</strong></span> <span class='ocrx_word' id='word_1_99' title='bbox 707 2110 751 2161; x_wconf 87' lang='lat' dir='ltr'><strong>est</strong></span> <span class='ocrx_word' id='word_1_100' title='bbox 772 2101 860 2160; x_wconf 88' lang='lat' dir='ltr'><strong>mitra</strong></span> <span class='ocrx_word' id='word_1_101' title='bbox 881 2097 1027 2174; x_wconf 86' lang='lat' dir='ltr'><strong>Pontifici,</strong></span> 
     </span>
     <span class='ocr_line' id='line_1_17' title="bbox 238 2200 1028 2281; baseline 0 -22"><span class='ocrx_word' id='word_1_102' title='bbox 238 2200 288 2277; x_wconf 89' lang='lat' dir='ltr'><strong>qui</strong></span> <span class='ocrx_word' id='word_1_103' title='bbox 311 2200 416 2261; x_wconf 87' lang='lat' dir='ltr'><strong>resedit</strong></span> <span class='ocrx_word' id='word_1_104' title='bbox 436 2201 464 2260; x_wconf 93' lang='lat' dir='ltr'><strong>in</strong></span> <span class='ocrx_word' id='word_1_105' title='bbox 486 2201 551 2261; x_wconf 82' lang='lat' dir='ltr'><strong>sede</strong></span> <span class='ocrx_word' id='word_1_106' title='bbox 572 2200 734 2281; x_wconf 88' lang='lat' dir='ltr'><strong>praedicta,</strong></span> <span class='ocrx_word' id='word_1_107' title='bbox 757 2202 787 2261; x_wconf 96' lang='lat' dir='ltr'><strong>lu</strong></span> <span class='ocrx_word' id='word_1_108' title='bbox 812 2219 869 2279; x_wconf 85' lang='lat' dir='ltr'><strong>qua</strong></span> <span class='ocrx_word' id='word_1_109' title='bbox 893 2211 1028 2280; x_wconf 86' lang='lat' dir='ltr'><strong>portatus</strong></span> 
     </span>
     <span class='ocr_line' id='line_1_18' title="bbox 235 2300 1026 2382; baseline 0 -22"><span class='ocrx_word' id='word_1_110' title='bbox 235 2312 278 2360; x_wconf 83' lang='lat' dir='ltr'><strong>est</strong></span> <span class='ocrx_word' id='word_1_111' title='bbox 298 2300 335 2361; x_wconf 90' lang='lat' dir='ltr'><strong>ad</strong></span> <span class='ocrx_word' id='word_1_112' title='bbox 357 2302 516 2382; x_wconf 87' lang='lat' dir='ltr'><strong>cappellam</strong></span> <span class='ocrx_word' id='word_1_113' title='bbox 538 2300 570 2362; x_wconf 83' lang='lat' dir='ltr'><strong>S.</strong></span> <span class='ocrx_word' id='word_1_114' title='bbox 594 2301 743 2380; x_wconf 74' lang='lat' dir='ltr'><strong>Gregorii,</strong></span> <span class='ocrx_word' id='word_1_115' title='bbox 767 2301 816 2362; x_wconf 86' lang='lat' dir='ltr'><strong>tibi</strong></span> <span class='ocrx_word' id='word_1_116' title='bbox 844 2302 975 2363; x_wconf 89' lang='lat' dir='ltr'><strong>similiter</strong></span> <span class='ocrx_word' id='word_1_117' title='bbox 998 2300 1026 2360; x_wconf 90' lang='lat' dir='ltr'><strong>in</strong></span> 
     </span>
     <span class='ocr_line' id='line_1_19' title="bbox 235 2400 1025 2481; baseline 0.005 -22"><span class='ocrx_word' id='word_1_118' title='bbox 235 2400 394 2462; x_wconf 89' lang='lat' dir='ltr'><strong>faldistorio</strong></span> <span class='ocrx_word' id='word_1_119' title='bbox 421 2402 599 2481; x_wconf 77' lang='lat' dir='ltr'><strong>genuflexus,</strong></span> <span class='ocrx_word' id='word_1_120' title='bbox 625 2403 685 2465; x_wconf 91' lang='lat' dir='ltr'><strong>siue</strong></span> <span class='ocrx_word' id='word_1_121' title='bbox 712 2405 799 2463; x_wconf 88' lang='lat' dir='ltr'><strong>mitra</strong></span> <span class='ocrx_word' id='word_1_122' title='bbox 826 2404 924 2464; x_wconf 80' lang='lat' dir='ltr'><strong>oravit</strong></span> <span class='ocrx_word' id='word_1_123' title='bbox 944 2420 1025 2463; x_wconf 88' lang='lat' dir='ltr'><strong>mora</strong></span> 
     </span>
     <span class='ocr_line' id='line_1_20' title="bbox 234 2502 1027 2584; baseline 0.001 -23"><span class='ocrx_word' id='word_1_124' title='bbox 234 2502 319 2563; x_wconf 88' lang='lat' dir='ltr'><strong>solito</strong></span> <span class='ocrx_word' id='word_1_125' title='bbox 330 2523 340 2575; x_wconf 99' lang='lat'>3</span> <span class='ocrx_word' id='word_1_126' title='bbox 363 2502 557 2563; x_wconf 73' lang='lat' dir='ltr'><strong>faldistorium</strong></span> <span class='ocrx_word' id='word_1_127' title='bbox 580 2521 647 2564; x_wconf 87' lang='lat' dir='ltr'><strong>cunt</strong></span> <span class='ocrx_word' id='word_1_128' title='bbox 668 2506 726 2563; x_wconf 89' lang='lat' dir='ltr'><strong>suis</strong></span> <span class='ocrx_word' id='word_1_129' title='bbox 751 2504 906 2564; x_wconf 89' lang='lat' dir='ltr'><strong>attinentiis</strong></span> <span class='ocrx_word' id='word_1_130' title='bbox 924 2513 1027 2584; x_wconf 88' lang='lat' dir='ltr'><strong>ports·</strong></span> 
     </span>
     <span class='ocr_line' id='line_1_21' title="bbox 235 2602 1026 2679; baseline 0 -17"><span class='ocrx_word' id='word_1_131' title='bbox 235 2612 304 2662; x_wconf 87' lang='lat' dir='ltr'><strong>cunt</strong></span> <span class='ocrx_word' id='word_1_132' title='bbox 325 2602 481 2664; x_wconf 85' lang='lat' dir='ltr'><strong>servitores</strong></span> <span class='ocrx_word' id='word_1_133' title='bbox 506 2623 670 2679; x_wconf 88' lang='lat' dir='ltr'><strong>armorum,</strong></span> <span class='ocrx_word' id='word_1_134' title='bbox 698 2615 729 2665; x_wconf 92' lang='lat' dir='ltr'><strong>ut</strong></span> <span class='ocrx_word' id='word_1_135' title='bbox 750 2604 841 2664; x_wconf 88' lang='lat' dir='ltr'><strong>moris</strong></span> <span class='ocrx_word' id='word_1_136' title='bbox 862 2615 913 2666; x_wconf 88' lang='lat' dir='ltr'><strong>est.</strong></span> <span class='ocrx_word' id='word_1_137' title='bbox 936 2606 1026 2666; x_wconf 85' lang='lat' dir='ltr'><strong>Facta</strong></span> 
     </span>
     <span class='ocr_line' id='line_1_22' title="bbox 234 2703 1027 2785; baseline 0.004 -23"><span class='ocrx_word' id='word_1_138' title='bbox 234 2705 375 2776; x_wconf 72' lang='lat' dir='ltr'><strong>oratiam,</strong></span> <span class='ocrx_word' id='word_1_139' title='bbox 390 2703 469 2783; x_wconf 88' lang='lat' dir='ltr'><strong>Papa</strong></span> <span class='ocrx_word' id='word_1_140' title='bbox 487 2716 604 2784; x_wconf 88' lang='lat' dir='ltr'><strong>accepta</strong></span> <span class='ocrx_word' id='word_1_141' title='bbox 631 2705 719 2765; x_wconf 87' lang='lat' dir='ltr'><strong>mitra</strong></span> <span class='ocrx_word' id='word_1_142' title='bbox 733 2704 806 2765; x_wconf 86' lang='lat' dir='ltr'><strong>sedit</strong></span> <span class='ocrx_word' id='word_1_143' title='bbox 824 2706 853 2764; x_wconf 95' lang='lat' dir='ltr'><strong>in</strong></span> <span class='ocrx_word' id='word_1_144' title='bbox 873 2704 937 2767; x_wconf 91' lang='lat' dir='ltr'><strong>sede</strong></span> <span class='ocrx_word' id='word_1_145' title='bbox 952 2722 1027 2785; x_wconf 93' lang='lat' dir='ltr'><strong>pon·</strong></span> 
     </span>
     <span class='ocr_line' id='line_1_23' title="bbox 235 2801 1026 2885; baseline 0.004 -23"><span class='ocrx_word' id='word_1_146' title='bbox 235 2801 334 2863; x_wconf 85' lang='lat' dir='ltr'><strong>tilicali</strong></span> <span class='ocrx_word' id='word_1_147' title='bbox 359 2803 464 2864; x_wconf 84' lang='lat' dir='ltr'><strong>ibidem</strong></span> <span class='ocrx_word' id='word_1_148' title='bbox 497 2804 552 2863; x_wconf 91' lang='lat' dir='ltr'><strong>sibi</strong></span> <span class='ocrx_word' id='word_1_149' title='bbox 579 2816 691 2883; x_wconf 89' lang='lat' dir='ltr'><strong>parato,</strong></span> <span class='ocrx_word' id='word_1_150' title='bbox 720 2805 769 2864; x_wconf 90' lang='lat' dir='ltr'><strong>ubi</strong></span> <span class='ocrx_word' id='word_1_151' title='bbox 790 2806 901 2885; x_wconf 85' lang='lat' dir='ltr'><strong>aceepit</strong></span> <span class='ocrx_word' id='word_1_152' title='bbox 929 2824 1026 2867; x_wconf 85' lang='lat' dir='ltr'><strong>omnes</strong></span> 
     </span>
     <span class='ocr_line' id='line_1_24' title="bbox 235 2903 1026 2985; baseline 0 -21"><span class='ocrx_word' id='word_1_153' title='bbox 235 2903 414 2975; x_wconf 78' lang='lat' dir='ltr'><strong>cardinales,</strong></span> <span class='ocrx_word' id='word_1_154' title='bbox 433 2905 482 2982; x_wconf 86' lang='lat' dir='ltr'><strong>qui</strong></span> <span class='ocrx_word' id='word_1_155' title='bbox 497 2906 702 2966; x_wconf 84' lang='lat' dir='ltr'><strong>osculabantur</strong></span> <span class='ocrx_word' id='word_1_156' title='bbox 721 2924 838 2965; x_wconf 90' lang='lat' dir='ltr'><strong>manum</strong></span> <span class='ocrx_word' id='word_1_157' title='bbox 857 2904 952 2985; x_wconf 91' lang='lat' dir='ltr'><strong>Papae</strong></span> <span class='ocrx_word' id='word_1_158' title='bbox 972 2904 1026 2964; x_wconf 90' lang='lat' dir='ltr'><strong>sub</strong></span> 
     </span>
     <span class='ocr_line' id='line_1_25' title="bbox 232 3004 1027 3085; baseline 0.006 -23"><span class='ocrx_word' id='word_1_159' title='bbox 232 3004 421 3083; x_wconf 76' lang='lat' dir='ltr'><strong>aurifrigerio</strong></span> <span class='ocrx_word' id='word_1_160' title='bbox 440 3006 481 3065; x_wconf 89' lang='lat' dir='ltr'><strong>eis</strong></span> <span class='ocrx_word' id='word_1_161' title='bbox 502 3017 677 3085; x_wconf 87' lang='lat' dir='ltr'><strong>porrectum.</strong></span> <span class='ocrx_word' id='word_1_162' title='bbox 700 3007 825 3068; x_wconf 89' lang='lat' dir='ltr'><strong>Praelati</strong></span> <span class='ocrx_word' id='word_1_163' title='bbox 847 3007 957 3077; x_wconf 90' lang='lat' dir='ltr'><strong>deiude,</strong></span> <span class='ocrx_word' id='word_1_164' title='bbox 972 3025 1027 3085; x_wconf 77' lang='lat' dir='ltr'><strong>ge·</strong></span> 
     </span>
     <span class='ocr_line' id='line_1_26' title="bbox 233 3104 1027 3187; baseline 0.004 -23"><span class='ocrx_word' id='word_1_165' title='bbox 233 3104 351 3177; x_wconf 78' lang='lat' dir='ltr'><strong>nullesi,</strong></span> <span class='ocrx_word' id='word_1_166' title='bbox 361 3104 462 3184; x_wconf 85' lang='lat' dir='ltr'><strong>pedem</strong></span> <span class='ocrx_word' id='word_1_167' title='bbox 477 3106 630 3167; x_wconf 79' lang='lat' dir='ltr'><strong>dexterum</strong></span> <span class='ocrx_word' id='word_1_168' title='bbox 642 3106 736 3187; x_wconf 89' lang='lat' dir='ltr'><strong>Papae</strong></span> <span class='ocrx_word' id='word_1_169' title='bbox 747 3108 954 3168; x_wconf 87' lang='lat' dir='ltr'><strong>osculabantur</strong></span> <span class='ocrx_word' id='word_1_170' title='bbox 966 3108 1027 3184; x_wconf 91' lang='lat' dir='ltr'><strong>qui,</strong></span> 
     </span>
     <span class='ocr_line' id='line_1_27' title="bbox 234 3204 1027 3286; baseline 0.003 -22"><span class='ocrx_word' id='word_1_171' title='bbox 234 3204 419 3278; x_wconf 77' lang='lat' dir='ltr'><strong>reverentia,</strong></span> <span class='ocrx_word' id='word_1_172' title='bbox 446 3217 480 3266; x_wconf 87' lang='lat' dir='ltr'><strong>ut</strong></span> <span class='ocrx_word' id='word_1_173' title='bbox 512 3206 692 3285; x_wconf 89' lang='lat' dir='ltr'><strong>praefertur,</strong></span> <span class='ocrx_word' id='word_1_174' title='bbox 712 3209 875 3286; x_wconf 87' lang='lat' dir='ltr'><strong>praestita,</strong></span> <span class='ocrx_word' id='word_1_175' title='bbox 901 3207 1027 3286; x_wconf 84' lang='lat' dir='ltr'><strong>deposita</strong></span> 
     </span>
     <span class='ocr_line' id='line_1_28' title="bbox 233 3305 1028 3389; baseline 0.006 -25"><span class='ocrx_word' id='word_1_176' title='bbox 233 3305 288 3366; x_wconf 88' lang='lat' dir='ltr'><strong>sibi</strong></span> <span class='ocrx_word' id='word_1_177' title='bbox 314 3308 417 3379; x_wconf 87' lang='lat' dir='ltr'><strong>mitra,</strong></span> <span class='ocrx_word' id='word_1_178' title='bbox 443 3308 592 3378; x_wconf 88' lang='lat' dir='ltr'><strong>surrexit,</strong></span> <span class='ocrx_word' id='word_1_179' title='bbox 626 3319 655 3367; x_wconf 90' lang='lat' dir='ltr'><strong>et</strong></span> <span class='ocrx_word' id='word_1_180' title='bbox 686 3319 764 3368; x_wconf 85' lang='lat' dir='ltr'><strong>stans</strong></span> <span class='ocrx_word' id='word_1_181' title='bbox 792 3307 905 3369; x_wconf 89' lang='lat' dir='ltr'><strong>detecto</strong></span> <span class='ocrx_word' id='word_1_182' title='bbox 937 3308 1028 3389; x_wconf 86' lang='lat' dir='ltr'><strong>capite</strong></span> 
     </span>
     <span class='ocr_line' id='line_1_29' title="bbox 235 3406 1027 3488; baseline 0.006 -24"><span class='ocrx_word' id='word_1_183' title='bbox 235 3424 338 3466; x_wconf 76' lang='lat' dir='ltr'><strong>versans</strong></span> <span class='ocrx_word' id='word_1_184' title='bbox 368 3406 405 3466; x_wconf 86' lang='lat' dir='ltr'><strong>ad</strong></span> <span class='ocrx_word' id='word_1_185' title='bbox 436 3408 528 3468; x_wconf 86' lang='lat' dir='ltr'><strong>altare</strong></span> <span class='ocrx_word' id='word_1_186' title='bbox 560 3408 653 3469; x_wconf 86' lang='lat' dir='ltr'><strong>dictae</strong></span> <span class='ocrx_word' id='word_1_187' title='bbox 685 3409 853 3488; x_wconf 87' lang='lat' dir='ltr'><strong>cappellae,</strong></span> <span class='ocrx_word' id='word_1_188' title='bbox 879 3408 1027 3469; x_wconf 81' lang='lat' dir='ltr'><strong>dixit-se-</strong></span> 
     </span>
     <span class='ocr_line' id='line_1_30' title="bbox 235 3508 1028 3588; baseline 0.003 -21"><span class='ocrx_word' id='word_1_189' title='bbox 235 3517 330 3584; x_wconf 74' lang='lat' dir='ltr'><strong>greie:</strong></span> <span class='ocrx_word' id='word_1_190' title='bbox 353 3508 452 3569; x_wconf 77' lang='lat' dir='ltr'><strong>Potes·</strong></span> <span class='ocrx_word' id='word_1_191' title='bbox 481 3519 587 3569; x_wconf 80' lang='lat' dir='ltr'><strong>noster</strong></span> <span class='ocrx_word' id='word_1_192' title='bbox 618 3520 673 3571; x_wconf 75' lang='lat' dir='ltr'><strong>cte,</strong></span> <span class='ocrx_word' id='word_1_193' title='bbox 693 3508 759 3579; x_wconf 81' lang='lat' dir='ltr'><strong>Quo</strong></span> <span class='ocrx_word' id='word_1_194' title='bbox 778 3510 936 3588; x_wconf 87' lang='lat' dir='ltr'><strong>completo,</strong></span> <span class='ocrx_word' id='word_1_195' title='bbox 957 3527 1028 3570; x_wconf 83' lang='lat' dir='ltr'><strong>uoce</strong></span> 
     </span>
     <span class='ocr_line' id='line_1_31' title="bbox 234 3606 1028 3687; baseline 0.001 -22"><span class='ocrx_word' id='word_1_196' title='bbox 234 3608 406 3687; x_wconf 70' lang='lat' dir='ltr'><strong>intelligibili</strong></span> <span class='ocrx_word' id='word_1_197' title='bbox 436 3607 506 3667; x_wconf 84' lang='lat' dir='ltr'><strong>dixit</strong></span> <span class='ocrx_word' id='word_1_198' title='bbox 533 3608 704 3680; x_wconf 87' lang='lat' dir='ltr'><strong>cantando,</strong></span> <span class='ocrx_word' id='word_1_199' title='bbox 734 3619 764 3668; x_wconf 93' lang='lat' dir='ltr'><strong>et</strong></span> <span class='ocrx_word' id='word_1_200' title='bbox 789 3629 819 3670; x_wconf 90' lang='lat' dir='ltr'><strong>sc</strong></span> <span class='ocrx_word' id='word_1_201' title='bbox 845 3628 863 3669; x_wconf 91' lang='lat' dir='ltr'><strong>a</strong></span> <span class='ocrx_word' id='word_1_202' title='bbox 889 3607 961 3669; x_wconf 90' lang='lat' dir='ltr'><strong>facie</strong></span> <span class='ocrx_word' id='word_1_203' title='bbox 991 3606 1028 3667; x_wconf 92' lang='lat' dir='ltr'><strong>ad</strong></span> 
     </span>
     <span class='ocr_line' id='line_1_32' title="bbox 234 3709 1027 3791; baseline -0.001 -22"><span class='ocrx_word' id='word_1_204' title='bbox 234 3721 334 3788; x_wconf 90' lang='lat' dir='ltr'><strong>pectus</strong></span> <span class='ocrx_word' id='word_1_205' title='bbox 360 3710 512 3789; x_wconf 77' lang='lat' dir='ltr'><strong>signando:</strong></span> <span class='ocrx_word' id='word_1_206' title='bbox 540 3709 626 3770; x_wconf 83' lang='lat' dir='ltr'><strong>Deus</strong></span> <span class='ocrx_word' id='word_1_207' title='bbox 648 3709 683 3769; x_wconf 82' lang='lat' dir='ltr'><strong>iu</strong></span> <span class='ocrx_word' id='word_1_208' title='bbox 705 3709 902 3791; x_wconf 75' lang='lat' dir='ltr'><strong>nrijuiorium</strong></span> <span class='ocrx_word' id='word_1_209' title='bbox 930 3729 1027 3770; x_wconf 76' lang='lat' dir='ltr'><strong>ancum</strong></span> 
     </span>
     <span class='ocr_line' id='line_1_33' title="bbox 236 3806 1027 3888; baseline -0.005 -19"><span class='ocrx_word' id='word_1_210' title='bbox 236 3810 362 3870; x_wconf 83' lang='lat' dir='ltr'><strong>intende</strong></span> <span class='ocrx_word' id='word_1_211' title='bbox 382 3821 440 3871; x_wconf 88' lang='lat' dir='ltr'><strong>etc.</strong></span> <span class='ocrx_word' id='word_1_212' title='bbox 453 3828 507 3888; x_wconf 92' lang='lat' dir='ltr'><strong>pro</strong></span> <span class='ocrx_word' id='word_1_213' title='bbox 518 3809 624 3870; x_wconf 81' lang='lat' dir='ltr'><strong>Tertiis</strong></span> <span class='ocrx_word' id='word_1_214' title='bbox 645 3809 686 3869; x_wconf 92' lang='lat' dir='ltr'><strong>sic</strong></span> <span class='ocrx_word' id='word_1_215' title='bbox 710 3826 827 3870; x_wconf 88' lang='lat' dir='ltr'><strong>manens</strong></span> <span class='ocrx_word' id='word_1_216' title='bbox 845 3826 936 3887; x_wconf 85' lang='lat' dir='ltr'><strong>usqne</strong></span> <span class='ocrx_word' id='word_1_217' title='bbox 958 3806 1027 3866; x_wconf 89' lang='lat' dir='ltr'><strong>dum</strong></span> 
     </span>
     <span class='ocr_line' id='line_1_34' title="bbox 234 3905 1028 3991; baseline 0 -22"><span class='ocrx_word' id='word_1_218' title='bbox 234 3920 367 3971; x_wconf 87' lang='lat' dir='ltr'><strong>cantores</strong></span> <span class='ocrx_word' id='word_1_219' title='bbox 381 3911 550 3987; x_wconf 79' lang='lat' dir='ltr'><strong>incepissent</strong></span> <span class='ocrx_word' id='word_1_220' title='bbox 571 3911 726 3988; x_wconf 86' lang='lat' dir='ltr'><strong>psalmum:</strong></span> <span class='ocrx_word' id='word_1_221' title='bbox 740 3909 852 3991; x_wconf 68' lang='lat' dir='ltr'><strong>bouem</strong></span> <span class='ocrx_word' id='word_1_222' title='bbox 860 3928 951 3989; x_wconf 85' lang='lat' dir='ltr'><strong>poue.</strong></span> <span class='ocrx_word' id='word_1_223' title='bbox 963 3905 1028 3976; x_wconf 87' lang='lat' dir='ltr'><strong>Quo</strong></span> 
     </span>
     <span class='ocr_line' id='line_1_35' title="bbox 236 4007 1029 4089; baseline -0.003 -20"><span class='ocrx_word' id='word_1_224' title='bbox 236 4011 352 4089; x_wconf 91' lang='lat' dir='ltr'><strong>incepto</strong></span> <span class='ocrx_word' id='word_1_225' title='bbox 390 4010 482 4082; x_wconf 90' lang='lat' dir='ltr'><strong>sedit,</strong></span> <span class='ocrx_word' id='word_1_226' title='bbox 509 4010 676 4089; x_wconf 84' lang='lat' dir='ltr'><strong>impositum</strong></span> <span class='ocrx_word' id='word_1_227' title='bbox 702 4022 745 4071; x_wconf 91' lang='lat' dir='ltr'><strong>est</strong></span> <span class='ocrx_word' id='word_1_228' title='bbox 771 4010 797 4068; x_wconf 91' lang='lat' dir='ltr'><strong>ei</strong></span> <span class='ocrx_word' id='word_1_229' title='bbox 826 4007 972 4069; x_wconf 88' lang='lat' dir='ltr'><strong>birretutn</strong></span> <span class='ocrx_word' id='word_1_230' title='bbox 998 4018 1029 4067; x_wconf 89' lang='lat' dir='ltr'><strong>et</strong></span> 
     </span>
     <span class='ocr_line' id='line_1_36' title="bbox 234 4109 958 4189; baseline 0 -21"><span class='ocrx_word' id='word_1_231' title='bbox 234 4114 341 4179; x_wconf 89' lang='lat' dir='ltr'><strong>mitra,</strong></span> <span class='ocrx_word' id='word_1_232' title='bbox 361 4120 390 4168; x_wconf 87' lang='lat' dir='ltr'><strong>et</strong></span> <span class='ocrx_word' id='word_1_233' title='bbox 410 4119 544 4169; x_wconf 86' lang='lat' dir='ltr'><strong>cantores</strong></span> <span class='ocrx_word' id='word_1_234' title='bbox 565 4112 711 4189; x_wconf 86' lang='lat' dir='ltr'><strong>prosecuti</strong></span> <span class='ocrx_word' id='word_1_235' title='bbox 732 4121 800 4170; x_wconf 89' lang='lat' dir='ltr'><strong>sunt</strong></span> <span class='ocrx_word' id='word_1_236' title='bbox 821 4109 958 4171; x_wconf 87' lang='lat' dir='ltr'><strong>Tertiam.</strong></span> 
     </span>
    </p>

    <p class='ocr_par' dir='ltr' id='par_1_9' title="bbox 233 4206 1027 5486">
     <span class='ocr_line' id='line_1_37' title="bbox 277 4206 1027 4273; baseline 0.008 -6"><span class='ocrx_word' id='word_1_237' title='bbox 277 4208 355 4268; x_wconf 86' lang='lat' dir='ltr'><strong>Turn</strong></span> <span class='ocrx_word' id='word_1_238' title='bbox 375 4206 567 4269; x_wconf 84' lang='lat' dir='ltr'><strong>subdiaconus</strong></span> <span class='ocrx_word' id='word_1_239' title='bbox 588 4211 693 4270; x_wconf 86' lang='lat' dir='ltr'><strong>latinus</strong></span> <span class='ocrx_word' id='word_1_240' title='bbox 718 4210 838 4270; x_wconf 87' lang='lat' dir='ltr'><strong>accessit</strong></span> <span class='ocrx_word' id='word_1_241' title='bbox 869 4210 905 4269; x_wconf 94' lang='lat' dir='ltr'><strong>ad</strong></span> <span class='ocrx_word' id='word_1_242' title='bbox 935 4210 1027 4273; x_wconf 85' lang='lat' dir='ltr'><strong>altare</strong></span> 
     </span>
     <span class='ocr_line' id='line_1_38' title="bbox 233 4307 1026 4389; baseline 0.003 -21"><span class='ocrx_word' id='word_1_243' title='bbox 233 4309 285 4368; x_wconf 92' lang='lat' dir='ltr'><strong>ubi</strong></span> <span class='ocrx_word' id='word_1_244' title='bbox 307 4307 436 4368; x_wconf 77' lang='lat' dir='ltr'><strong>sau-isis</strong></span> <span class='ocrx_word' id='word_1_245' title='bbox 456 4310 602 4389; x_wconf 75' lang='lat' dir='ltr'><strong>cappellae</strong></span> <span class='ocrx_word' id='word_1_246' title='bbox 624 4322 739 4371; x_wconf 90' lang='lat' dir='ltr'><strong>nostrae</strong></span> <span class='ocrx_word' id='word_1_247' title='bbox 765 4311 930 4389; x_wconf 88' lang='lat' dir='ltr'><strong>mappulam</strong></span> <span class='ocrx_word' id='word_1_248' title='bbox 951 4310 1026 4370; x_wconf 89' lang='lat' dir='ltr'><strong>scri·</strong></span> 
     </span>
     <span class='ocr_line' id='line_1_39' title="bbox 234 4408 1026 4489; baseline 0 -18"><span class='ocrx_word' id='word_1_249' title='bbox 234 4428 316 4471; x_wconf 89' lang='lat' dir='ltr'><strong>ceam</strong></span> <span class='ocrx_word' id='word_1_250' title='bbox 333 4427 420 4489; x_wconf 89' lang='lat' dir='ltr'><strong>super</strong></span> <span class='ocrx_word' id='word_1_251' title='bbox 437 4409 568 4483; x_wconf 89' lang='lat' dir='ltr'><strong>brachia,</strong></span> <span class='ocrx_word' id='word_1_252' title='bbox 580 4420 609 4469; x_wconf 89' lang='lat' dir='ltr'><strong>ct</strong></span> <span class='ocrx_word' id='word_1_253' title='bbox 621 4410 709 4469; x_wconf 91' lang='lat' dir='ltr'><strong>ctiam</strong></span> <span class='ocrx_word' id='word_1_254' title='bbox 723 4409 841 4488; x_wconf 78' lang='lat' dir='ltr'><strong>caligas,</strong></span> <span class='ocrx_word' id='word_1_255' title='bbox 857 4420 886 4472; x_wconf 92' lang='lat' dir='ltr'><strong>et</strong></span> <span class='ocrx_word' id='word_1_256' title='bbox 900 4408 1026 4471; x_wconf 87' lang='lat' dir='ltr'><strong>sandalia</strong></span> 
     </span>
     <span class='ocr_line' id='line_1_40' title="bbox 235 4510 1025 4589; baseline 0.005 -20"><span class='ocrx_word' id='word_1_257' title='bbox 235 4511 263 4570; x_wconf 93' lang='lat' dir='ltr'><strong>iu</strong></span> <span class='ocrx_word' id='word_1_258' title='bbox 289 4529 390 4572; x_wconf 87' lang='lat' dir='ltr'><strong>manus</strong></span> <span class='ocrx_word' id='word_1_259' title='bbox 411 4510 504 4583; x_wconf 84' lang='lat' dir='ltr'><strong>dedit,</strong></span> <span class='ocrx_word' id='word_1_260' title='bbox 525 4530 597 4589; x_wconf 84' lang='lat' dir='ltr'><strong>quas</strong></span> <span class='ocrx_word' id='word_1_261' title='bbox 622 4511 692 4585; x_wconf 83' lang='lat' dir='ltr'><strong>ille,</strong></span> <span class='ocrx_word' id='word_1_262' title='bbox 716 4512 847 4573; x_wconf 88' lang='lat' dir='ltr'><strong>manibus</strong></span> <span class='ocrx_word' id='word_1_263' title='bbox 867 4512 903 4571; x_wconf 90' lang='lat' dir='ltr'><strong>ad</strong></span> <span class='ocrx_word' id='word_1_264' title='bbox 923 4512 1025 4573; x_wconf 88' lang='lat' dir='ltr'><strong>furiem</strong></span> 
     </span>
     <span class='ocr_line' id='line_1_41' title="bbox 234 4611 1026 4690; baseline -0.003 -18"><span class='ocrx_word' id='word_1_265' title='bbox 234 4613 362 4683; x_wconf 82' lang='lat' dir='ltr'><strong>eleuatis,</strong></span> <span class='ocrx_word' id='word_1_266' title='bbox 379 4612 507 4690; x_wconf 87' lang='lat' dir='ltr'><strong>portarit</strong></span> <span class='ocrx_word' id='word_1_267' title='bbox 520 4622 586 4673; x_wconf 88' lang='lat' dir='ltr'><strong>ante</strong></span> <span class='ocrx_word' id='word_1_268' title='bbox 601 4611 770 4673; x_wconf 86' lang='lat' dir='ltr'><strong>Pontificem</strong></span> <span class='ocrx_word' id='word_1_269' title='bbox 779 4634 790 4687; x_wconf 91' lang='lat'>3</span> <span class='ocrx_word' id='word_1_270' title='bbox 805 4612 936 4674; x_wconf 72' lang='lat' dir='ltr'><strong>eumdem</strong></span> <span class='ocrx_word' id='word_1_271' title='bbox 953 4614 1026 4672; x_wconf 87' lang='lat' dir='ltr'><strong>sub-</strong></span> 
     </span>
     <span class='ocr_line' id='line_1_42' title="bbox 233 4712 1024 4793; baseline 0.003 -22"><span class='ocrx_word' id='word_1_272' title='bbox 233 4712 388 4774; x_wconf 82' lang='lat' dir='ltr'><strong>diaconum</strong></span> <span class='ocrx_word' id='word_1_273' title='bbox 402 4713 493 4773; x_wconf 88' lang='lat' dir='ltr'><strong>secuti</strong></span> <span class='ocrx_word' id='word_1_274' title='bbox 511 4724 580 4774; x_wconf 89' lang='lat' dir='ltr'><strong>sunt</strong></span> <span class='ocrx_word' id='word_1_275' title='bbox 603 4714 728 4793; x_wconf 73' lang='lat' dir='ltr'><strong>accolrti</strong></span> <span class='ocrx_word' id='word_1_276' title='bbox 750 4712 899 4793; x_wconf 91' lang='lat' dir='ltr'><strong>apostolici</strong></span> <span class='ocrx_word' id='word_1_277' title='bbox 915 4730 1024 4788; x_wconf 83' lang='lat' dir='ltr'><strong>omnes,</strong></span> 
     </span>
     <span class='ocr_line' id='line_1_43' title="bbox 236 4811 1025 4893; baseline 0.001 -21"><span class='ocrx_word' id='word_1_278' title='bbox 236 4813 342 4892; x_wconf 86' lang='lat' dir='ltr'><strong>quibus</strong></span> <span class='ocrx_word' id='word_1_279' title='bbox 364 4811 492 4873; x_wconf 80' lang='lat' dir='ltr'><strong>fimbrias</strong></span> <span class='ocrx_word' id='word_1_280' title='bbox 516 4812 612 4893; x_wconf 85' lang='lat' dir='ltr'><strong>Papae</strong></span> <span class='ocrx_word' id='word_1_281' title='bbox 633 4813 871 4885; x_wconf 84' lang='lat' dir='ltr'><strong>extendentibus,</strong></span> <span class='ocrx_word' id='word_1_282' title='bbox 897 4814 1025 4874; x_wconf 88' lang='lat' dir='ltr'><strong>retinen·</strong></span> 
     </span>
     <span class='ocr_line' id='line_1_44' title="bbox 237 4912 1025 4993; baseline 0.003 -21"><span class='ocrx_word' id='word_1_283' title='bbox 237 4914 370 4991; x_wconf 85' lang='lat' dir='ltr'><strong>tibusque</strong></span> <span class='ocrx_word' id='word_1_284' title='bbox 388 4912 586 4986; x_wconf 73' lang='lat' dir='ltr'><strong>subdiaconis,</strong></span> <span class='ocrx_word' id='word_1_285' title='bbox 608 4914 753 4993; x_wconf 84' lang='lat' dir='ltr'><strong>ipserum</strong></span> <span class='ocrx_word' id='word_1_286' title='bbox 776 4933 834 4975; x_wconf 88' lang='lat' dir='ltr'><strong>uuo</strong></span> <span class='ocrx_word' id='word_1_287' title='bbox 848 4932 883 4974; x_wconf 80' lang='lat' dir='ltr'><strong>ex</strong></span> <span class='ocrx_word' id='word_1_288' title='bbox 908 4915 1025 4976; x_wconf 84' lang='lat' dir='ltr'><strong>seeretis</strong></span> 
     </span>
     <span class='ocr_line' id='line_1_45' title="bbox 237 5003 1024 5095; baseline -0.001 -21"><span class='ocrx_word' id='word_1_289' title='bbox 237 5003 425 5075; x_wconf 85' lang='lat' dir='ltr'><strong>cubiculariis</strong></span> <span class='ocrx_word' id='word_1_290' title='bbox 449 5014 545 5095; x_wconf 85' lang='lat' dir='ltr'><strong>Papae</strong></span> <span class='ocrx_word' id='word_1_291' title='bbox 566 5014 601 5075; x_wconf 90' lang='lat' dir='ltr'><strong>de</strong></span> <span class='ocrx_word' id='word_1_292' title='bbox 626 5014 727 5077; x_wconf 81' lang='lat' dir='ltr'><strong>subtus</strong></span> <span class='ocrx_word' id='word_1_293' title='bbox 747 5015 866 5077; x_wconf 87' lang='lat' dir='ltr'><strong>intrarit</strong></span> <span class='ocrx_word' id='word_1_294' title='bbox 893 5027 921 5078; x_wconf 88' lang='lat' dir='ltr'><strong>et</strong></span> <span class='ocrx_word' id='word_1_295' title='bbox 952 5016 1024 5079; x_wconf 91' lang='lat' dir='ltr'><strong>cali·</strong></span> 
     </span>
     <span class='ocr_line' id='line_1_46' title="bbox 236 5114 1024 5197; baseline 0.004 -22"><span class='ocrx_word' id='word_1_296' title='bbox 236 5127 371 5194; x_wconf 79' lang='lat' dir='ltr'><strong>gamenta</strong></span> <span class='ocrx_word' id='word_1_297' title='bbox 385 5117 546 5175; x_wconf 88' lang='lat' dir='ltr'><strong>eommunia</strong></span> <span class='ocrx_word' id='word_1_298' title='bbox 561 5114 656 5195; x_wconf 91' lang='lat' dir='ltr'><strong>Papae</strong></span> <span class='ocrx_word' id='word_1_299' title='bbox 665 5117 856 5188; x_wconf 81' lang='lat' dir='ltr'><strong>extrahentes,</strong></span> <span class='ocrx_word' id='word_1_300' title='bbox 872 5117 979 5197; x_wconf 78' lang='lat' dir='ltr'><strong>caligas</strong></span> <span class='ocrx_word' id='word_1_301' title='bbox 995 5129 1024 5178; x_wconf 92' lang='lat' dir='ltr'><strong>et</strong></span> 
     </span>
     <span class='ocr_line' id='line_1_47' title="bbox 235 5215 1024 5297; baseline 0.003 -20"><span class='ocrx_word' id='word_1_302' title='bbox 235 5216 363 5277; x_wconf 83' lang='lat' dir='ltr'><strong>sandalio</strong></span> <span class='ocrx_word' id='word_1_303' title='bbox 389 5215 536 5294; x_wconf 85' lang='lat' dir='ltr'><strong>praedicta</strong></span> <span class='ocrx_word' id='word_1_304' title='bbox 551 5218 576 5279; x_wconf 91' lang='lat' dir='ltr'><strong>ei</strong></span> <span class='ocrx_word' id='word_1_305' title='bbox 591 5220 800 5297; x_wconf 87' lang='lat' dir='ltr'><strong>imposuerunt.</strong></span> <span class='ocrx_word' id='word_1_306' title='bbox 817 5216 936 5278; x_wconf 85' lang='lat' dir='ltr'><strong>lntcrim</strong></span> <span class='ocrx_word' id='word_1_307' title='bbox 961 5219 1024 5296; x_wconf 88' lang='lat' dir='ltr'><strong>epi·</strong></span> 
     </span>
     <span class='ocr_line' id='line_1_48' title="bbox 234 5314 1023 5396; baseline -0.001 -18"><span class='ocrx_word' id='word_1_308' title='bbox 234 5317 315 5396; x_wconf 88' lang='lat' dir='ltr'><strong>scopi</strong></span> <span class='ocrx_word' id='word_1_309' title='bbox 328 5318 490 5377; x_wconf 81' lang='lat' dir='ltr'><strong>assistentes</strong></span> <span class='ocrx_word' id='word_1_310' title='bbox 508 5316 573 5377; x_wconf 91' lang='lat' dir='ltr'><strong>binc</strong></span> <span class='ocrx_word' id='word_1_311' title='bbox 584 5329 613 5377; x_wconf 91' lang='lat' dir='ltr'><strong>et</strong></span> <span class='ocrx_word' id='word_1_312' title='bbox 626 5318 691 5379; x_wconf 93' lang='lat' dir='ltr'><strong>iude</strong></span> <span class='ocrx_word' id='word_1_313' title='bbox 706 5337 774 5379; x_wconf 85' lang='lat' dir='ltr'><strong>cnut</strong></span> <span class='ocrx_word' id='word_1_314' title='bbox 789 5314 928 5378; x_wconf 86' lang='lat' dir='ltr'><strong>Pontidce</strong></span> <span class='ocrx_word' id='word_1_315' title='bbox 942 5316 1023 5377; x_wconf 84' lang='lat' dir='ltr'><strong>dine·</strong></span> 
     </span>
     <span class='ocr_line' id='line_1_49' title="bbox 236 5416 1021 5486; baseline -0.001 -9"><span class='ocrx_word' id='word_1_316' title='bbox 236 5429 307 5477; x_wconf 94' lang='lat' dir='ltr'><strong>runt</strong></span> <span class='ocrx_word' id='word_1_317' title='bbox 328 5436 410 5478; x_wconf 90' lang='lat' dir='ltr'><strong>more</strong></span> <span class='ocrx_word' id='word_1_318' title='bbox 434 5417 536 5477; x_wconf 88' lang='lat' dir='ltr'><strong>solito:</strong></span> <span class='ocrx_word' id='word_1_319' title='bbox 559 5417 603 5477; x_wconf 85' lang='lat' dir='ltr'><strong>ll&#39;e</strong></span> <span class='ocrx_word' id='word_1_320' title='bbox 626 5419 844 5481; x_wconf 82' lang='lat' dir='ltr'><strong>reminiscaris</strong></span> <span class='ocrx_word' id='word_1_321' title='bbox 875 5429 929 5478; x_wconf 88' lang='lat' dir='ltr'><strong>etc.</strong></span> <span class='ocrx_word' id='word_1_322' title='bbox 957 5416 1021 5486; x_wconf 86' lang='lat' dir='ltr'><strong>Qua</strong></span> 
     </span>
    </p>
   </div>
   <div class='ocr_carea' id='block_1_7' title="bbox 235 5517 1021 5798">
    <p class='ocr_par' dir='ltr' id='par_1_10' title="bbox 235 5517 1021 5798">
     <span class='ocr_line' id='line_1_50' title="bbox 235 5517 1021 5597; baseline 0.001 -22"><span class='ocrx_word' id='word_1_323' title='bbox 235 5517 312 5579; x_wconf 89' lang='lat' dir='ltr'><strong>dieta</strong></span> <span class='ocrx_word' id='word_1_324' title='bbox 333 5529 401 5589; x_wconf 85' lang='lat' dir='ltr'><strong>etc,</strong></span> <span class='ocrx_word' id='word_1_325' title='bbox 422 5537 456 5579; x_wconf 91' lang='lat' dir='ltr'><strong>ac</strong></span> <span class='ocrx_word' id='word_1_326' title='bbox 477 5518 544 5592; x_wconf 90' lang='lat' dir='ltr'><strong>alia,</strong></span> <span class='ocrx_word' id='word_1_327' title='bbox 565 5528 652 5597; x_wconf 91' lang='lat' dir='ltr'><strong>prout</strong></span> <span class='ocrx_word' id='word_1_328' title='bbox 674 5520 702 5579; x_wconf 90' lang='lat' dir='ltr'><strong>in</strong></span> <span class='ocrx_word' id='word_1_329' title='bbox 723 5518 822 5580; x_wconf 86' lang='lat' dir='ltr'><strong>eodeni</strong></span> <span class='ocrx_word' id='word_1_330' title='bbox 839 5518 914 5579; x_wconf 89' lang='lat' dir='ltr'><strong>libro</strong></span> <span class='ocrx_word' id='word_1_331' title='bbox 935 5517 1021 5579; x_wconf 88' lang='lat' dir='ltr'><strong>ordi·</strong></span> 
     </span>
     <span class='ocr_line' id='line_1_51' title="bbox 235 5629 398 5681; baseline 0.006 -4"><span class='ocrx_word' id='word_1_332' title='bbox 235 5631 323 5681; x_wconf 85' lang='lat' dir='ltr'><strong>natm·</strong></span> <span class='ocrx_word' id='word_1_333' title='bbox 344 5629 398 5679; x_wconf 88' lang='lat' dir='ltr'><strong>etc.</strong></span> 
     </span>
     <span class='ocr_line' id='line_1_52' title="bbox 275 5718 1018 5798; baseline 0.003 -17"><span class='ocrx_word' id='word_1_334' title='bbox 275 5722 373 5781; x_wconf 84' lang='lat' dir='ltr'><strong>Finito</strong></span> <span class='ocrx_word' id='word_1_335' title='bbox 394 5721 504 5798; x_wconf 83' lang='lat' dir='ltr'><strong>psaluto</strong></span> <span class='ocrx_word' id='word_1_336' title='bbox 524 5750 562 5763; x_wconf 89' lang='lat'>-</span> <span class='ocrx_word' id='word_1_337' title='bbox 588 5718 687 5789; x_wconf 72' lang='lat' dir='ltr'><strong>Qucum</strong></span> <span class='ocrx_word' id='word_1_338' title='bbox 708 5720 844 5792; x_wconf 83' lang='lat' dir='ltr'><strong>dilectu,</strong></span> <span class='ocrx_word' id='word_1_339' title='bbox 867 5739 934 5784; x_wconf 84' lang='lat' dir='ltr'><strong>eum</strong></span> <span class='ocrx_word' id='word_1_340' title='bbox 961 5722 1018 5783; x_wconf 88' lang='lat' dir='ltr'><strong>suis</strong></span> 
     </span>
    </p>
   </div>
   <div class='ocr_carea' id='block_1_8' title="bbox 1092 880 1906 4998">
    <p class='ocr_par' dir='ltr' id='par_1_11' title="bbox 1094 880 1889 2058">
     <span class='ocr_line' id='line_1_53' title="bbox 1099 880 1889 969; baseline 0.015 -24"><span class='ocrx_word' id='word_1_341' title='bbox 1099 884 1197 949; x_wconf 88' lang='lat' dir='ltr'><strong>Sancti</strong></span> <span class='ocrx_word' id='word_1_342' title='bbox 1224 887 1342 968; x_wconf 77' lang='lat' dir='ltr'><strong>Georgii</strong></span> <span class='ocrx_word' id='word_1_343' title='bbox 1370 892 1421 969; x_wconf 89' lang='lat' dir='ltr'><strong>qni</strong></span> <span class='ocrx_word' id='word_1_344' title='bbox 1441 880 1609 956; x_wconf 81' lang='lat' dir='ltr'><strong>assistebant</strong></span> <span class='ocrx_word' id='word_1_345' title='bbox 1630 891 1773 967; x_wconf 83' lang='lat' dir='ltr'><strong>Pontifici,</strong></span> <span class='ocrx_word' id='word_1_346' title='bbox 1800 906 1829 955; x_wconf 89' lang='lat' dir='ltr'><strong>et</strong></span> <span class='ocrx_word' id='word_1_347' title='bbox 1854 895 1889 957; x_wconf 90' lang='lat' dir='ltr'><strong>dc</strong></span> 
     </span>
     <span class='ocr_line' id='line_1_54' title="bbox 1099 982 1887 1071; baseline 0.014 -25"><span class='ocrx_word' id='word_1_348' title='bbox 1099 986 1231 1062; x_wconf 88' lang='lat' dir='ltr'><strong>Sabellis,</strong></span> <span class='ocrx_word' id='word_1_349' title='bbox 1261 982 1355 1051; x_wconf 83' lang='lat' dir='ltr'><strong>senior</strong></span> <span class='ocrx_word' id='word_1_350' title='bbox 1377 1003 1441 1071; x_wconf 90' lang='lat' dir='ltr'><strong>post</strong></span> <span class='ocrx_word' id='word_1_351' title='bbox 1458 1012 1507 1056; x_wconf 88' lang='lat' dir='ltr'><strong>eos</strong></span> <span class='ocrx_word' id='word_1_352' title='bbox 1527 993 1685 1069; x_wconf 86' lang='lat' dir='ltr'><strong>Diaconos,</strong></span> <span class='ocrx_word' id='word_1_353' title='bbox 1705 1008 1887 1057; x_wconf 86' lang='lat' dir='ltr'><strong>recesserunt</strong></span> 
     </span>
     <span class='ocr_line' id='line_1_55' title="bbox 1098 1087 1888 1175; baseline 0.014 -29"><span class='ocrx_word' id='word_1_354' title='bbox 1098 1106 1116 1146; x_wconf 91' lang='lat' dir='ltr'><strong>a</strong></span> <span class='ocrx_word' id='word_1_355' title='bbox 1144 1087 1282 1151; x_wconf 85' lang='lat' dir='ltr'><strong>Pontifice</strong></span> <span class='ocrx_word' id='word_1_356' title='bbox 1302 1102 1331 1152; x_wconf 88' lang='lat' dir='ltr'><strong>et</strong></span> <span class='ocrx_word' id='word_1_357' title='bbox 1352 1103 1433 1153; x_wconf 89' lang='lat' dir='ltr'><strong>retro</strong></span> <span class='ocrx_word' id='word_1_358' title='bbox 1461 1092 1553 1173; x_wconf 73' lang='lat' dir='ltr'><strong>altore</strong></span> <span class='ocrx_word' id='word_1_359' title='bbox 1578 1094 1682 1156; x_wconf 89' lang='lat' dir='ltr'><strong>ibidem</strong></span> <span class='ocrx_word' id='word_1_360' title='bbox 1712 1107 1888 1175; x_wconf 87' lang='lat' dir='ltr'><strong>acceperunt</strong></span> 
     </span>
     <span class='ocr_line' id='line_1_56' title="bbox 1099 1190 1888 1269; baseline 0.009 -20"><span class='ocrx_word' id='word_1_361' title='bbox 1099 1201 1265 1269; x_wconf 82' lang='lat' dir='ltr'><strong>paramenta</strong></span> <span class='ocrx_word' id='word_1_362' title='bbox 1286 1190 1343 1249; x_wconf 92' lang='lat' dir='ltr'><strong>albi</strong></span> <span class='ocrx_word' id='word_1_363' title='bbox 1364 1192 1486 1265; x_wconf 89' lang='lat' dir='ltr'><strong>coloris,</strong></span> <span class='ocrx_word' id='word_1_364' title='bbox 1513 1193 1646 1256; x_wconf 85' lang='lat' dir='ltr'><strong>videlicet</strong></span> <span class='ocrx_word' id='word_1_365' title='bbox 1669 1195 1829 1269; x_wconf 87' lang='lat' dir='ltr'><strong>amictum,</strong></span> <span class='ocrx_word' id='word_1_366' title='bbox 1857 1207 1888 1258; x_wconf 91' lang='lat' dir='ltr'><strong>ct</strong></span> 
     </span>
     <span class='ocr_line' id='line_1_57' title="bbox 1097 1290 1885 1369; baseline 0.01 -20"><span class='ocrx_word' id='word_1_367' title='bbox 1097 1290 1280 1352; x_wconf 88' lang='lat' dir='ltr'><strong>dalmaticam</strong></span> <span class='ocrx_word' id='word_1_368' title='bbox 1292 1314 1303 1364; x_wconf 83' lang='lat'>3</span> <span class='ocrx_word' id='word_1_369' title='bbox 1325 1292 1403 1351; x_wconf 89' lang='lat' dir='ltr'><strong>ultra</strong></span> <span class='ocrx_word' id='word_1_370' title='bbox 1428 1310 1504 1369; x_wconf 85' lang='lat' dir='ltr'><strong>quae</strong></span> <span class='ocrx_word' id='word_1_371' title='bbox 1523 1292 1560 1354; x_wconf 87' lang='lat' dir='ltr'><strong>ll.</strong></span> <span class='ocrx_word' id='word_1_372' title='bbox 1581 1292 1617 1353; x_wconf 92' lang='lat' dir='ltr'><strong>D.</strong></span> <span class='ocrx_word' id='word_1_373' title='bbox 1639 1293 1799 1356; x_wconf 78' lang='lat' dir='ltr'><strong>cardinalis</strong></span> <span class='ocrx_word' id='word_1_374' title='bbox 1827 1295 1885 1357; x_wconf 81' lang='lat' dir='ltr'><strong>Sc·</strong></span> 
     </span>
     <span class='ocr_line' id='line_1_58' title="bbox 1098 1392 1886 1475; baseline 0.003 -22"><span class='ocrx_word' id='word_1_375' title='bbox 1098 1394 1202 1466; x_wconf 86' lang='lat' dir='ltr'><strong>nensis,</strong></span> <span class='ocrx_word' id='word_1_376' title='bbox 1213 1396 1278 1470; x_wconf 87' lang='lat' dir='ltr'><strong>qnia</strong></span> <span class='ocrx_word' id='word_1_377' title='bbox 1291 1392 1422 1454; x_wconf 90' lang='lat' dir='ltr'><strong>dicturus</strong></span> <span class='ocrx_word' id='word_1_378' title='bbox 1436 1404 1500 1454; x_wconf 89' lang='lat' dir='ltr'><strong>erat</strong></span> <span class='ocrx_word' id='word_1_379' title='bbox 1509 1396 1703 1472; x_wconf 77' lang='lat' dir='ltr'><strong>euangelium,</strong></span> <span class='ocrx_word' id='word_1_380' title='bbox 1714 1396 1825 1475; x_wconf 89' lang='lat' dir='ltr'><strong>accepit</strong></span> <span class='ocrx_word' id='word_1_381' title='bbox 1838 1395 1886 1455; x_wconf 91' lang='lat' dir='ltr'><strong>al·</strong></span> 
     </span>
     <span class='ocr_line' id='line_1_59' title="bbox 1097 1492 1886 1573; baseline 0.005 -19"><span class='ocrx_word' id='word_1_382' title='bbox 1097 1492 1175 1567; x_wconf 90' lang='lat' dir='ltr'><strong>bam,</strong></span> <span class='ocrx_word' id='word_1_383' title='bbox 1192 1493 1352 1572; x_wconf 79' lang='lat' dir='ltr'><strong>cingulum,</strong></span> <span class='ocrx_word' id='word_1_384' title='bbox 1366 1507 1394 1554; x_wconf 88' lang='lat' dir='ltr'><strong>et</strong></span> <span class='ocrx_word' id='word_1_385' title='bbox 1409 1495 1511 1555; x_wconf 89' lang='lat' dir='ltr'><strong>stolam</strong></span> <span class='ocrx_word' id='word_1_386' title='bbox 1519 1515 1530 1567; x_wconf 91' lang='lat'>3</span> <span class='ocrx_word' id='word_1_387' title='bbox 1546 1504 1612 1555; x_wconf 85' lang='lat' dir='ltr'><strong>ante</strong></span> <span class='ocrx_word' id='word_1_388' title='bbox 1626 1513 1753 1573; x_wconf 86' lang='lat' dir='ltr'><strong>quorum</strong></span> <span class='ocrx_word' id='word_1_389' title='bbox 1777 1495 1886 1558; x_wconf 85' lang='lat' dir='ltr'><strong>disces-</strong></span> 
     </span>
     <span class='ocr_line' id='line_1_60' title="bbox 1097 1592 1883 1668; baseline 0.004 -15"><span class='ocrx_word' id='word_1_390' title='bbox 1097 1611 1166 1654; x_wconf 89' lang='lat' dir='ltr'><strong>sum</strong></span> <span class='ocrx_word' id='word_1_391' title='bbox 1181 1613 1198 1654; x_wconf 90' lang='lat' dir='ltr'><strong>a</strong></span> <span class='ocrx_word' id='word_1_392' title='bbox 1214 1592 1363 1668; x_wconf 87' lang='lat' dir='ltr'><strong>Pontifice,</strong></span> <span class='ocrx_word' id='word_1_393' title='bbox 1375 1607 1557 1658; x_wconf 86' lang='lat' dir='ltr'><strong>accesserunt</strong></span> <span class='ocrx_word' id='word_1_394' title='bbox 1571 1595 1607 1655; x_wconf 90' lang='lat' dir='ltr'><strong>od</strong></span> <span class='ocrx_word' id='word_1_395' title='bbox 1618 1596 1804 1659; x_wconf 88' lang='lat' dir='ltr'><strong>assistendum</strong></span> <span class='ocrx_word' id='word_1_396' title='bbox 1818 1596 1883 1657; x_wconf 73' lang='lat' dir='ltr'><strong>RD.</strong></span> 
     </span>
     <span class='ocr_line' id='line_1_61' title="bbox 1097 1694 1886 1777; baseline -0.001 -20"><span class='ocrx_word' id='word_1_397' title='bbox 1097 1694 1214 1757; x_wconf 81' lang='lat' dir='ltr'><strong>Domini</strong></span> <span class='ocrx_word' id='word_1_398' title='bbox 1235 1696 1270 1757; x_wconf 94' lang='lat' dir='ltr'><strong>de</strong></span> <span class='ocrx_word' id='word_1_399' title='bbox 1291 1695 1433 1757; x_wconf 71' lang='lat' dir='ltr'><strong>Columo</strong></span> <span class='ocrx_word' id='word_1_400' title='bbox 1453 1706 1483 1757; x_wconf 92' lang='lat' dir='ltr'><strong>et</strong></span> <span class='ocrx_word' id='word_1_401' title='bbox 1504 1696 1539 1758; x_wconf 90' lang='lat' dir='ltr'><strong>dc</strong></span> <span class='ocrx_word' id='word_1_402' title='bbox 1561 1694 1684 1770; x_wconf 88' lang='lat' dir='ltr'><strong>Ursinis,</strong></span> <span class='ocrx_word' id='word_1_403' title='bbox 1697 1707 1763 1777; x_wconf 91' lang='lat' dir='ltr'><strong>post</strong></span> <span class='ocrx_word' id='word_1_404' title='bbox 1783 1696 1886 1769; x_wconf 85' lang='lat' dir='ltr'><strong>dirtos,</strong></span> 
     </span>
     <span class='ocr_line' id='line_1_62' title="bbox 1094 1796 1886 1876; baseline 0.003 -21"><span class='ocrx_word' id='word_1_405' title='bbox 1094 1796 1222 1858; x_wconf 87' lang='lat' dir='ltr'><strong>seniores</strong></span> <span class='ocrx_word' id='word_1_406' title='bbox 1243 1796 1363 1858; x_wconf 89' lang='lat' dir='ltr'><strong>Diaooui</strong></span> <span class='ocrx_word' id='word_1_407' title='bbox 1385 1797 1563 1871; x_wconf 72' lang='lat' dir='ltr'><strong>cardinales,</strong></span> <span class='ocrx_word' id='word_1_408' title='bbox 1581 1811 1628 1873; x_wconf 90' lang='lat' dir='ltr'><strong>et,</strong></span> <span class='ocrx_word' id='word_1_409' title='bbox 1649 1797 1694 1858; x_wconf 92' lang='lat' dir='ltr'><strong>bis</strong></span> <span class='ocrx_word' id='word_1_410' title='bbox 1716 1797 1809 1858; x_wconf 89' lang='lat' dir='ltr'><strong>tribus</strong></span> <span class='ocrx_word' id='word_1_411' title='bbox 1830 1816 1886 1876; x_wconf 90' lang='lat' dir='ltr'><strong>pa·</strong></span> 
     </span>
     <span class='ocr_line' id='line_1_63' title="bbox 1097 1895 1886 1971; baseline 0 -15"><span class='ocrx_word' id='word_1_412' title='bbox 1097 1899 1187 1969; x_wconf 89' lang='lat' dir='ltr'><strong>ratis,</strong></span> <span class='ocrx_word' id='word_1_413' title='bbox 1206 1897 1248 1957; x_wconf 90' lang='lat' dir='ltr'><strong>illi</strong></span> <span class='ocrx_word' id='word_1_414' title='bbox 1265 1895 1324 1957; x_wconf 92' lang='lat' dir='ltr'><strong>duo</strong></span> <span class='ocrx_word' id='word_1_415' title='bbox 1343 1897 1379 1957; x_wconf 89' lang='lat' dir='ltr'><strong>ad</strong></span> <span class='ocrx_word' id='word_1_416' title='bbox 1396 1899 1458 1961; x_wconf 84' lang='lat' dir='ltr'><strong>loca</strong></span> <span class='ocrx_word' id='word_1_417' title='bbox 1474 1916 1526 1959; x_wconf 92' lang='lat' dir='ltr'><strong>sua</strong></span> <span class='ocrx_word' id='word_1_418' title='bbox 1540 1897 1710 1971; x_wconf 89' lang='lat' dir='ltr'><strong>redierunt,</strong></span> <span class='ocrx_word' id='word_1_419' title='bbox 1724 1906 1752 1959; x_wconf 89' lang='lat' dir='ltr'><strong>et</strong></span> <span class='ocrx_word' id='word_1_420' title='bbox 1769 1896 1798 1957; x_wconf 89' lang='lat' dir='ltr'><strong>bl</strong></span> <span class='ocrx_word' id='word_1_421' title='bbox 1812 1896 1886 1956; x_wconf 83' lang='lat' dir='ltr'><strong>asti·</strong></span> 
     </span>
     <span class='ocr_line' id='line_1_64' title="bbox 1096 2000 1409 2058; baseline 0.01 -3"><span class='ocrx_word' id='word_1_422' title='bbox 1096 2006 1193 2057; x_wconf 87' lang='lat' dir='ltr'><strong>terunt</strong></span> <span class='ocrx_word' id='word_1_423' title='bbox 1215 2015 1296 2057; x_wconf 89' lang='lat' dir='ltr'><strong>more</strong></span> <span class='ocrx_word' id='word_1_424' title='bbox 1316 2000 1409 2058; x_wconf 92' lang='lat' dir='ltr'><strong>solito.</strong></span> 
     </span>
    </p>

    <p class='ocr_par' dir='ltr' id='par_1_12' title="bbox 1092 2098 1906 3792">
     <span class='ocr_line' id='line_1_65' title="bbox 1137 2098 1906 2181; baseline 0.007 -24"><span class='ocrx_word' id='word_1_425' title='bbox 1137 2098 1256 2159; x_wconf 91' lang='lat' dir='ltr'><strong>loteritn</strong></span> <span class='ocrx_word' id='word_1_426' title='bbox 1276 2109 1409 2161; x_wconf 88' lang='lat' dir='ltr'><strong>cantores</strong></span> <span class='ocrx_word' id='word_1_427' title='bbox 1428 2102 1574 2180; x_wconf 81' lang='lat' dir='ltr'><strong>cappellae</strong></span> <span class='ocrx_word' id='word_1_428' title='bbox 1593 2111 1707 2162; x_wconf 87' lang='lat' dir='ltr'><strong>nostrae</strong></span> <span class='ocrx_word' id='word_1_429' title='bbox 1727 2100 1757 2161; x_wconf 92' lang='lat' dir='ltr'><strong>in</strong></span> <span class='ocrx_word' id='word_1_430' title='bbox 1776 2102 1885 2181; x_wconf 77' lang='lat' dir='ltr'><strong>nngtilo</strong></span> <span class='ocrx_word' id='word_1_431' title='bbox 1904 2150 1906 2154; x_wconf 14' lang='grc' dir='ltr'><em>Α</em></span> 
     </span>
     <span class='ocr_line' id='line_1_66' title="bbox 1092 2195 1885 2281; baseline 0.008 -25"><span class='ocrx_word' id='word_1_432' title='bbox 1092 2195 1176 2275; x_wconf 78' lang='lat' dir='ltr'><strong>juxta</strong></span> <span class='ocrx_word' id='word_1_433' title='bbox 1199 2217 1316 2259; x_wconf 80' lang='lat' dir='ltr'><strong>risurum</strong></span> <span class='ocrx_word' id='word_1_434' title='bbox 1338 2210 1421 2261; x_wconf 81' lang='lat' dir='ltr'><strong>entra</strong></span> <span class='ocrx_word' id='word_1_435' title='bbox 1447 2199 1553 2261; x_wconf 86' lang='lat' dir='ltr'><strong>dictam</strong></span> <span class='ocrx_word' id='word_1_436' title='bbox 1575 2201 1735 2281; x_wconf 85' lang='lat' dir='ltr'><strong>cappellam</strong></span> <span class='ocrx_word' id='word_1_437' title='bbox 1763 2212 1885 2275; x_wconf 87' lang='lat' dir='ltr'><strong>stantes,</strong></span> 
     </span>
     <span class='ocr_line' id='line_1_67' title="bbox 1095 2300 1885 2380; baseline -0.001 -19"><span class='ocrx_word' id='word_1_438' title='bbox 1095 2302 1241 2380; x_wconf 89' lang='lat' dir='ltr'><strong>prosecuti</strong></span> <span class='ocrx_word' id='word_1_439' title='bbox 1268 2310 1334 2360; x_wconf 89' lang='lat' dir='ltr'><strong>sunt</strong></span> <span class='ocrx_word' id='word_1_440' title='bbox 1361 2300 1488 2362; x_wconf 86' lang='lat' dir='ltr'><strong>Tertiam</strong></span> <span class='ocrx_word' id='word_1_441' title='bbox 1516 2319 1606 2379; x_wconf 88' lang='lat' dir='ltr'><strong>usque</strong></span> <span class='ocrx_word' id='word_1_442' title='bbox 1633 2300 1670 2361; x_wconf 85' lang='lat' dir='ltr'><strong>ad</strong></span> <span class='ocrx_word' id='word_1_443' title='bbox 1704 2303 1863 2380; x_wconf 89' lang='lat' dir='ltr'><strong>capitulum</strong></span> <span class='ocrx_word' id='word_1_444' title='bbox 1875 2323 1885 2377; x_wconf 93' lang='lat'>3</span> 
     </span>
     <span class='ocr_line' id='line_1_68' title="bbox 1095 2401 1886 2484; baseline 0.003 -23"><span class='ocrx_word' id='word_1_445' title='bbox 1095 2420 1156 2479; x_wconf 86' lang='lat' dir='ltr'><strong>quo</strong></span> <span class='ocrx_word' id='word_1_446' title='bbox 1183 2418 1348 2479; x_wconf 87' lang='lat' dir='ltr'><strong>perunum</strong></span> <span class='ocrx_word' id='word_1_447' title='bbox 1373 2420 1409 2463; x_wconf 83' lang='lat' dir='ltr'><strong>ex</strong></span> <span class='ocrx_word' id='word_1_448' title='bbox 1429 2401 1496 2481; x_wconf 86' lang='lat' dir='ltr'><strong>ipsis</strong></span> <span class='ocrx_word' id='word_1_449' title='bbox 1523 2403 1655 2484; x_wconf 88' lang='lat' dir='ltr'><strong>incepto,</strong></span> <span class='ocrx_word' id='word_1_450' title='bbox 1679 2402 1756 2483; x_wconf 87' lang='lat' dir='ltr'><strong>Papa</strong></span> <span class='ocrx_word' id='word_1_451' title='bbox 1783 2420 1886 2463; x_wconf 89' lang='lat' dir='ltr'><strong>surre-</strong></span> 
     </span>
     <span class='ocr_line' id='line_1_69' title="bbox 1094 2502 1888 2581; baseline 0.001 -20"><span class='ocrx_word' id='word_1_452' title='bbox 1094 2502 1137 2563; x_wconf 84' lang='lat' dir='ltr'><strong>xit</strong></span> <span class='ocrx_word' id='word_1_453' title='bbox 1161 2517 1229 2562; x_wconf 90' lang='lat' dir='ltr'><strong>cum</strong></span> <span class='ocrx_word' id='word_1_454' title='bbox 1257 2502 1345 2561; x_wconf 90' lang='lat' dir='ltr'><strong>rnitra</strong></span> <span class='ocrx_word' id='word_1_455' title='bbox 1371 2519 1439 2563; x_wconf 91' lang='lat' dir='ltr'><strong>cum</strong></span> <span class='ocrx_word' id='word_1_456' title='bbox 1461 2502 1608 2564; x_wconf 89' lang='lat' dir='ltr'><strong>diceretur</strong></span> <span class='ocrx_word' id='word_1_457' title='bbox 1624 2503 1807 2575; x_wconf 79' lang='lat' dir='ltr'><strong>uersiculus3</strong></span> <span class='ocrx_word' id='word_1_458' title='bbox 1821 2511 1888 2581; x_wconf 88' lang='lat' dir='ltr'><strong>post</strong></span> 
     </span>
     <span class='ocr_line' id='line_1_70' title="bbox 1094 2600 1884 2682; baseline 0.005 -23"><span class='ocrx_word' id='word_1_459' title='bbox 1094 2602 1214 2664; x_wconf 87' lang='lat' dir='ltr'><strong>breuem</strong></span> <span class='ocrx_word' id='word_1_460' title='bbox 1236 2602 1451 2682; x_wconf 86' lang='lat' dir='ltr'><strong>responsorium</strong></span> <span class='ocrx_word' id='word_1_461' title='bbox 1474 2615 1616 2665; x_wconf 88' lang='lat' dir='ltr'><strong>venerunt</strong></span> <span class='ocrx_word' id='word_1_462' title='bbox 1634 2615 1700 2665; x_wconf 89' lang='lat' dir='ltr'><strong>ante</strong></span> <span class='ocrx_word' id='word_1_463' title='bbox 1714 2600 1884 2664; x_wconf 84' lang='lat' dir='ltr'><strong>Pontificem</strong></span> 
     </span>
     <span class='ocr_line' id='line_1_71' title="bbox 1094 2703 1885 2783; baseline 0.001 -22"><span class='ocrx_word' id='word_1_464' title='bbox 1094 2703 1154 2764; x_wconf 92' lang='lat' dir='ltr'><strong>duo</strong></span> <span class='ocrx_word' id='word_1_465' title='bbox 1174 2703 1300 2783; x_wconf 79' lang='lat' dir='ltr'><strong>accolyti</strong></span> <span class='ocrx_word' id='word_1_466' title='bbox 1319 2703 1487 2766; x_wconf 84' lang='lat' dir='ltr'><strong>ceroferarii</strong></span> <span class='ocrx_word' id='word_1_467' title='bbox 1510 2721 1578 2763; x_wconf 91' lang='lat' dir='ltr'><strong>cum</strong></span> <span class='ocrx_word' id='word_1_468' title='bbox 1605 2704 1684 2764; x_wconf 87' lang='lat' dir='ltr'><strong>socio</strong></span> <span class='ocrx_word' id='word_1_469' title='bbox 1705 2721 1780 2777; x_wconf 88' lang='lat' dir='ltr'><strong>meo,</strong></span> <span class='ocrx_word' id='word_1_470' title='bbox 1800 2721 1885 2763; x_wconf 88' lang='lat' dir='ltr'><strong>cum·</strong></span> 
     </span>
     <span class='ocr_line' id='line_1_72' title="bbox 1095 2800 1884 2884; baseline 0 -21"><span class='ocrx_word' id='word_1_471' title='bbox 1095 2803 1201 2881; x_wconf 88' lang='lat' dir='ltr'><strong>petenti</strong></span> <span class='ocrx_word' id='word_1_472' title='bbox 1223 2802 1314 2882; x_wconf 89' lang='lat' dir='ltr'><strong>spatio</strong></span> <span class='ocrx_word' id='word_1_473' title='bbox 1322 2825 1331 2874; x_wconf 86' lang='lat'>3</span> <span class='ocrx_word' id='word_1_474' title='bbox 1360 2800 1440 2864; x_wconf 85' lang='lat' dir='ltr'><strong>linito</strong></span> <span class='ocrx_word' id='word_1_475' title='bbox 1461 2802 1494 2874; x_wconf 75' lang='lat' dir='ltr'><strong>ti.</strong></span> <span class='ocrx_word' id='word_1_476' title='bbox 1521 2803 1558 2864; x_wconf 90' lang='lat' dir='ltr'><strong>ad</strong></span> <span class='ocrx_word' id='word_1_477' title='bbox 1580 2806 1777 2878; x_wconf 79' lang='lat' dir='ltr'><strong>uersiculum,</strong></span> <span class='ocrx_word' id='word_1_478' title='bbox 1806 2803 1884 2884; x_wconf 86' lang='lat' dir='ltr'><strong>Papa</strong></span> 
     </span>
     <span class='ocr_line' id='line_1_73' title="bbox 1094 2901 1885 2981; baseline 0.005 -20"><span class='ocrx_word' id='word_1_479' title='bbox 1094 2901 1221 2981; x_wconf 89' lang='lat' dir='ltr'><strong>deposita</strong></span> <span class='ocrx_word' id='word_1_480' title='bbox 1242 2901 1295 2962; x_wconf 91' lang='lat' dir='ltr'><strong>sibi</strong></span> <span class='ocrx_word' id='word_1_481' title='bbox 1317 2902 1404 2963; x_wconf 90' lang='lat' dir='ltr'><strong>mitra</strong></span> <span class='ocrx_word' id='word_1_482' title='bbox 1422 2904 1506 2966; x_wconf 78' lang='lat' dir='ltr'><strong>dixit:</strong></span> <span class='ocrx_word' id='word_1_483' title='bbox 1522 2906 1676 2968; x_wconf 82' lang='lat' dir='ltr'><strong>Dominus</strong></span> <span class='ocrx_word' id='word_1_484' title='bbox 1703 2904 1885 2977; x_wconf 85' lang='lat' dir='ltr'><strong>vobiscum,</strong></span> 
     </span>
     <span class='ocr_line' id='line_1_74' title="bbox 1093 3004 1885 3085; baseline 0.004 -22"><span class='ocrx_word' id='word_1_485' title='bbox 1093 3004 1294 3064; x_wconf 85' lang='lat' dir='ltr'><strong>etorationem</strong></span> <span class='ocrx_word' id='word_1_486' title='bbox 1313 3023 1347 3063; x_wconf 84' lang='lat' dir='ltr'><strong>ex</strong></span> <span class='ocrx_word' id='word_1_487' title='bbox 1369 3004 1456 3077; x_wconf 92' lang='lat' dir='ltr'><strong>libro,</strong></span> <span class='ocrx_word' id='word_1_488' title='bbox 1471 3023 1559 3083; x_wconf 85' lang='lat' dir='ltr'><strong>quum</strong></span> <span class='ocrx_word' id='word_1_489' title='bbox 1576 3006 1714 3085; x_wconf 90' lang='lat' dir='ltr'><strong>subprior</strong></span> <span class='ocrx_word' id='word_1_490' title='bbox 1724 3004 1885 3084; x_wconf 78' lang='lat' dir='ltr'><strong>Presbyte-</strong></span> 
     </span>
     <span class='ocr_line' id='line_1_75' title="bbox 1094 3102 1883 3179; baseline 0 -14"><span class='ocrx_word' id='word_1_491' title='bbox 1094 3123 1198 3165; x_wconf 89' lang='lat' dir='ltr'><strong>rorum</strong></span> <span class='ocrx_word' id='word_1_492' title='bbox 1224 3102 1433 3179; x_wconf 79' lang='lat' dir='ltr'><strong>cardinalium,</strong></span> <span class='ocrx_word' id='word_1_493' title='bbox 1458 3104 1590 3167; x_wconf 85' lang='lat' dir='ltr'><strong>uidelicet</strong></span> <span class='ocrx_word' id='word_1_494' title='bbox 1610 3105 1645 3165; x_wconf 87' lang='lat' dir='ltr'><strong>ll.</strong></span> <span class='ocrx_word' id='word_1_495' title='bbox 1666 3106 1702 3165; x_wconf 90' lang='lat' dir='ltr'><strong>D.</strong></span> <span class='ocrx_word' id='word_1_496' title='bbox 1723 3104 1883 3165; x_wconf 75' lang='lat' dir='ltr'><strong>cardinalis</strong></span> 
     </span>
     <span class='ocr_line' id='line_1_76' title="bbox 1094 3203 1883 3285; baseline 0.001 -20"><span class='ocrx_word' id='word_1_497' title='bbox 1094 3203 1279 3266; x_wconf 84' lang='lat' dir='ltr'><strong>Novariensis</strong></span> <span class='ocrx_word' id='word_1_498' title='bbox 1313 3206 1471 3278; x_wconf 71' lang='lat' dir='ltr'><strong>seruabat,</strong></span> <span class='ocrx_word' id='word_1_499' title='bbox 1516 3206 1632 3266; x_wconf 87' lang='lat' dir='ltr'><strong>domino</strong></span> <span class='ocrx_word' id='word_1_500' title='bbox 1666 3206 1883 3285; x_wconf 86' lang='lat' dir='ltr'><strong>archiepiscopo</strong></span> 
     </span>
     <span class='ocr_line' id='line_1_77' title="bbox 1094 3304 1884 3386; baseline 0 -22"><span class='ocrx_word' id='word_1_501' title='bbox 1094 3304 1258 3365; x_wconf 73' lang='lat' dir='ltr'><strong>anciniensi</strong></span> <span class='ocrx_word' id='word_1_502' title='bbox 1285 3308 1379 3386; x_wconf 88' lang='lat' dir='ltr'><strong>ipsum</strong></span> <span class='ocrx_word' id='word_1_503' title='bbox 1404 3307 1575 3379; x_wconf 86' lang='lat' dir='ltr'><strong>adiurante,</strong></span> <span class='ocrx_word' id='word_1_504' title='bbox 1599 3317 1627 3367; x_wconf 89' lang='lat' dir='ltr'><strong>et</strong></span> <span class='ocrx_word' id='word_1_505' title='bbox 1652 3305 1884 3385; x_wconf 87' lang='lat' dir='ltr'><strong>archiepisscopo</strong></span> 
     </span>
     <span class='ocr_line' id='line_1_78' title="bbox 1094 3406 1883 3483; baseline -0.003 -16"><span class='ocrx_word' id='word_1_506' title='bbox 1094 3407 1305 3481; x_wconf 72' lang='lat' dir='ltr'><strong>Deiiemutauo,</strong></span> <span class='ocrx_word' id='word_1_507' title='bbox 1313 3406 1521 3480; x_wconf 87' lang='lat' dir='ltr'><strong>assistentibus,</strong></span> <span class='ocrx_word' id='word_1_508' title='bbox 1534 3407 1682 3467; x_wconf 88' lang='lat' dir='ltr'><strong>candelam</strong></span> <span class='ocrx_word' id='word_1_509' title='bbox 1697 3416 1883 3483; x_wconf 65' lang='lat' dir='ltr'><strong>tensumque</strong></span> 
     </span>
     <span class='ocr_line' id='line_1_79' title="bbox 1094 3504 1884 3587; baseline 0.001 -22"><span class='ocrx_word' id='word_1_510' title='bbox 1094 3504 1185 3579; x_wconf 83' lang='lat' dir='ltr'><strong>linita,</strong></span> <span class='ocrx_word' id='word_1_511' title='bbox 1199 3506 1278 3587; x_wconf 86' lang='lat' dir='ltr'><strong>Papa</strong></span> <span class='ocrx_word' id='word_1_512' title='bbox 1295 3508 1409 3587; x_wconf 87' lang='lat' dir='ltr'><strong>repetiit</strong></span> <span class='ocrx_word' id='word_1_513' title='bbox 1433 3539 1470 3551; x_wconf 91' lang='lat'>-</span> <span class='ocrx_word' id='word_1_514' title='bbox 1491 3506 1644 3570; x_wconf 81' lang='lat' dir='ltr'><strong>Dominus</strong></span> <span class='ocrx_word' id='word_1_515' title='bbox 1669 3507 1884 3578; x_wconf 65' lang='lat' dir='ltr'><strong>vobiscumet</strong></span> 
     </span>
     <span class='ocr_line' id='line_1_80' title="bbox 1095 3607 1882 3681; baseline 0 -14"><span class='ocrx_word' id='word_1_516' title='bbox 1095 3619 1248 3681; x_wconf 85' lang='lat' dir='ltr'><strong>cantores,</strong></span> <span class='ocrx_word' id='word_1_517' title='bbox 1267 3608 1493 3669; x_wconf 81' lang='lat' dir='ltr'><strong>Benedicomus</strong></span> <span class='ocrx_word' id='word_1_518' title='bbox 1518 3607 1656 3669; x_wconf 85' lang='lat' dir='ltr'><strong>Domino</strong></span> <span class='ocrx_word' id='word_1_519' title='bbox 1682 3619 1737 3669; x_wconf 90' lang='lat' dir='ltr'><strong>etc.</strong></span> <span class='ocrx_word' id='word_1_520' title='bbox 1762 3608 1882 3668; x_wconf 84' lang='lat' dir='ltr'><strong>iuterim</strong></span> 
     </span>
     <span class='ocr_line' id='line_1_81' title="bbox 1094 3705 1670 3792; baseline -0.002 -22"><span class='ocrx_word' id='word_1_521' title='bbox 1094 3709 1262 3770; x_wconf 88' lang='lat' dir='ltr'><strong>ceroferarii</strong></span> <span class='ocrx_word' id='word_1_522' title='bbox 1284 3708 1432 3771; x_wconf 87' lang='lat' dir='ltr'><strong>redierunt</strong></span> <span class='ocrx_word' id='word_1_523' title='bbox 1451 3707 1487 3767; x_wconf 91' lang='lat' dir='ltr'><strong>ad</strong></span> <span class='ocrx_word' id='word_1_524' title='bbox 1508 3708 1602 3772; x_wconf 84' lang='lat' dir='ltr'><strong>altars</strong></span> <span class='ocrx_word' id='word_1_525' title='bbox 1615 3705 1670 3792; x_wconf 82' lang='lat' dir='ltr'><strong>(i).</strong></span> 
     </span>
    </p>

    <p class='ocr_par' dir='ltr' id='par_1_13' title="bbox 1093 3808 1883 4493">
     <span class='ocr_line' id='line_1_82' title="bbox 1136 3808 1881 3890; baseline -0.003 -20"><span class='ocrx_word' id='word_1_526' title='bbox 1136 3810 1230 3870; x_wconf 81' lang='lat' dir='ltr'><strong>Finita</strong></span> <span class='ocrx_word' id='word_1_527' title='bbox 1249 3812 1345 3883; x_wconf 85' lang='lat' dir='ltr'><strong>tertia,</strong></span> <span class='ocrx_word' id='word_1_528' title='bbox 1358 3810 1389 3870; x_wconf 81' lang='lat' dir='ltr'><strong>S.</strong></span> <span class='ocrx_word' id='word_1_529' title='bbox 1401 3810 1437 3870; x_wconf 85' lang='lat' dir='ltr'><strong>D.</strong></span> <span class='ocrx_word' id='word_1_530' title='bbox 1450 3808 1484 3869; x_wconf 83' lang='lat' dir='ltr'><strong>N.</strong></span> <span class='ocrx_word' id='word_1_531' title='bbox 1501 3810 1574 3871; x_wconf 87' lang='lat' dir='ltr'><strong>sedit</strong></span> <span class='ocrx_word' id='word_1_532' title='bbox 1591 3823 1631 3884; x_wconf 87' lang='lat' dir='ltr'><strong>et,</strong></span> <span class='ocrx_word' id='word_1_533' title='bbox 1649 3821 1766 3890; x_wconf 89' lang='lat' dir='ltr'><strong>accepta</strong></span> <span class='ocrx_word' id='word_1_534' title='bbox 1783 3809 1881 3883; x_wconf 88' lang='lat' dir='ltr'><strong>mitra,</strong></span> 
     </span>
     <span class='ocr_line' id='line_1_83' title="bbox 1094 3909 1882 3984; baseline 0.001 -16"><span class='ocrx_word' id='word_1_535' title='bbox 1094 3910 1167 3969; x_wconf 87' lang='lat' dir='ltr'><strong>lavit</strong></span> <span class='ocrx_word' id='word_1_536' title='bbox 1178 3929 1290 3981; x_wconf 77' lang='lat' dir='ltr'><strong>ananus,</strong></span> <span class='ocrx_word' id='word_1_537' title='bbox 1302 3929 1385 3971; x_wconf 89' lang='lat' dir='ltr'><strong>more</strong></span> <span class='ocrx_word' id='word_1_538' title='bbox 1397 3910 1536 3984; x_wconf 85' lang='lat' dir='ltr'><strong>solito,ll.</strong></span> <span class='ocrx_word' id='word_1_539' title='bbox 1548 3910 1583 3970; x_wconf 89' lang='lat' dir='ltr'><strong>D.</strong></span> <span class='ocrx_word' id='word_1_540' title='bbox 1591 3911 1625 3972; x_wconf 85' lang='lat' dir='ltr'><strong>V.</strong></span> <span class='ocrx_word' id='word_1_541' title='bbox 1638 3909 1818 3972; x_wconf 86' lang='lat' dir='ltr'><strong>Cancellario</strong></span> <span class='ocrx_word' id='word_1_542' title='bbox 1828 3909 1882 3969; x_wconf 92' lang='lat' dir='ltr'><strong>sibl</strong></span> 
     </span>
     <span class='ocr_line' id='line_1_84' title="bbox 1094 4008 1883 4088; baseline 0.001 -22"><span class='ocrx_word' id='word_1_543' title='bbox 1094 4010 1237 4069; x_wconf 79' lang='lat' dir='ltr'><strong>serviente</strong></span> <span class='ocrx_word' id='word_1_544' title='bbox 1260 4020 1289 4070; x_wconf 90' lang='lat' dir='ltr'><strong>et</strong></span> <span class='ocrx_word' id='word_1_545' title='bbox 1310 4008 1395 4069; x_wconf 85' lang='lat' dir='ltr'><strong>dante</strong></span> <span class='ocrx_word' id='word_1_546' title='bbox 1415 4027 1521 4087; x_wconf 86' lang='lat' dir='ltr'><strong>aquam</strong></span> <span class='ocrx_word' id='word_1_547' title='bbox 1529 4032 1540 4084; x_wconf 87' lang='lat'>3</span> <span class='ocrx_word' id='word_1_548' title='bbox 1554 4014 1615 4088; x_wconf 87' lang='lat' dir='ltr'><strong>qui,</strong></span> <span class='ocrx_word' id='word_1_549' title='bbox 1630 4012 1695 4070; x_wconf 91' lang='lat' dir='ltr'><strong>lotis</strong></span> <span class='ocrx_word' id='word_1_550' title='bbox 1716 4022 1744 4071; x_wconf 88' lang='lat' dir='ltr'><strong>et</strong></span> <span class='ocrx_word' id='word_1_551' title='bbox 1764 4009 1883 4071; x_wconf 82' lang='lat' dir='ltr'><strong>extersis</strong></span> 
     </span>
     <span class='ocr_line' id='line_1_85' title="bbox 1094 4108 1881 4188; baseline 0 -19"><span class='ocrx_word' id='word_1_552' title='bbox 1094 4110 1237 4182; x_wconf 85' lang='lat' dir='ltr'><strong>manibus,</strong></span> <span class='ocrx_word' id='word_1_553' title='bbox 1249 4108 1375 4188; x_wconf 88' lang='lat' dir='ltr'><strong>deposita</strong></span> <span class='ocrx_word' id='word_1_554' title='bbox 1394 4110 1446 4170; x_wconf 91' lang='lat' dir='ltr'><strong>sibi</strong></span> <span class='ocrx_word' id='word_1_555' title='bbox 1466 4111 1554 4171; x_wconf 89' lang='lat' dir='ltr'><strong>mitra</strong></span> <span class='ocrx_word' id='word_1_556' title='bbox 1573 4112 1711 4185; x_wconf 81' lang='lat' dir='ltr'><strong>surrexit,</strong></span> <span class='ocrx_word' id='word_1_557' title='bbox 1723 4122 1751 4173; x_wconf 90' lang='lat' dir='ltr'><strong>et</strong></span> <span class='ocrx_word' id='word_1_558' title='bbox 1766 4108 1881 4169; x_wconf 88' lang='lat' dir='ltr'><strong>dimisso</strong></span> 
     </span>
     <span class='ocr_line' id='line_1_86' title="bbox 1093 4210 1878 4293; baseline -0.003 -22"><span class='ocrx_word' id='word_1_559' title='bbox 1093 4211 1217 4290; x_wconf 83' lang='lat' dir='ltr'><strong>pluviali</strong></span> <span class='ocrx_word' id='word_1_560' title='bbox 1243 4221 1272 4271; x_wconf 91' lang='lat' dir='ltr'><strong>et</strong></span> <span class='ocrx_word' id='word_1_561' title='bbox 1298 4211 1371 4269; x_wconf 91' lang='lat' dir='ltr'><strong>stola</strong></span> <span class='ocrx_word' id='word_1_562' title='bbox 1394 4210 1509 4283; x_wconf 89' lang='lat' dir='ltr'><strong>rubeis,</strong></span> <span class='ocrx_word' id='word_1_563' title='bbox 1535 4213 1648 4292; x_wconf 89' lang='lat' dir='ltr'><strong>accepit</strong></span> <span class='ocrx_word' id='word_1_564' title='bbox 1679 4222 1878 4293; x_wconf 87' lang='lat' dir='ltr'><strong>paramentum</strong></span> 
     </span>
     <span class='ocr_line' id='line_1_87' title="bbox 1093 4311 1880 4386; baseline 0.004 -16"><span class='ocrx_word' id='word_1_565' title='bbox 1093 4312 1151 4372; x_wconf 87' lang='lat' dir='ltr'><strong>albi</strong></span> <span class='ocrx_word' id='word_1_566' title='bbox 1173 4311 1281 4372; x_wconf 88' lang='lat' dir='ltr'><strong>coloris</strong></span> <span class='ocrx_word' id='word_1_567' title='bbox 1304 4330 1386 4373; x_wconf 86' lang='lat' dir='ltr'><strong>more</strong></span> <span class='ocrx_word' id='word_1_568' title='bbox 1407 4321 1436 4372; x_wconf 87' lang='lat' dir='ltr'><strong>et</strong></span> <span class='ocrx_word' id='word_1_569' title='bbox 1455 4311 1557 4374; x_wconf 90' lang='lat' dir='ltr'><strong>ordine</strong></span> <span class='ocrx_word' id='word_1_570' title='bbox 1580 4325 1734 4386; x_wconf 87' lang='lat' dir='ltr'><strong>consueto,</strong></span> <span class='ocrx_word' id='word_1_571' title='bbox 1756 4312 1793 4372; x_wconf 88' lang='lat' dir='ltr'><strong>ll.</strong></span> <span class='ocrx_word' id='word_1_572' title='bbox 1814 4311 1880 4373; x_wconf 83' lang='lat' dir='ltr'><strong>Do·</strong></span> 
     </span>
     <span class='ocr_line' id='line_1_88' title="bbox 1093 4411 1747 4493; baseline -0.003 -19"><span class='ocrx_word' id='word_1_573' title='bbox 1093 4414 1171 4474; x_wconf 90' lang='lat' dir='ltr'><strong>mino</strong></span> <span class='ocrx_word' id='word_1_574' title='bbox 1190 4411 1345 4475; x_wconf 86' lang='lat' dir='ltr'><strong>Cardinsle</strong></span> <span class='ocrx_word' id='word_1_575' title='bbox 1363 4411 1481 4475; x_wconf 71' lang='lat' dir='ltr'><strong>&amp;nansi</strong></span> <span class='ocrx_word' id='word_1_576' title='bbox 1503 4414 1597 4493; x_wconf 86' lang='lat' dir='ltr'><strong>ipsum</strong></span> <span class='ocrx_word' id='word_1_577' title='bbox 1618 4425 1747 4493; x_wconf 88' lang='lat' dir='ltr'><strong>parante.</strong></span> 
     </span>
    </p>

    <p class='ocr_par' dir='ltr' id='par_1_14' title="bbox 1092 4512 1881 4998">
     <span class='ocr_line' id='line_1_89' title="bbox 1134 4512 1878 4594; baseline 0 -21"><span class='ocrx_word' id='word_1_578' title='bbox 1134 4514 1264 4585; x_wconf 85' lang='lat' dir='ltr'><strong>interint,</strong></span> <span class='ocrx_word' id='word_1_579' title='bbox 1286 4513 1356 4572; x_wconf 88' lang='lat' dir='ltr'><strong>dum</strong></span> <span class='ocrx_word' id='word_1_580' title='bbox 1385 4512 1516 4574; x_wconf 79' lang='lat' dir='ltr'><strong>Pontifex</strong></span> <span class='ocrx_word' id='word_1_581' title='bbox 1535 4525 1701 4594; x_wconf 88' lang='lat' dir='ltr'><strong>paramenta</strong></span> <span class='ocrx_word' id='word_1_582' title='bbox 1723 4516 1878 4594; x_wconf 87' lang='lat' dir='ltr'><strong>acciperet,</strong></span> 
     </span>
     <span class='ocr_line' id='line_1_90' title="bbox 1092 4612 1880 4695; baseline -0.001 -19"><span class='ocrx_word' id='word_1_583' title='bbox 1092 4632 1191 4676; x_wconf 87' lang='lat' dir='ltr'><strong>omnes</strong></span> <span class='ocrx_word' id='word_1_584' title='bbox 1211 4613 1274 4673; x_wconf 84' lang='lat' dir='ltr'><strong>titt.</strong></span> <span class='ocrx_word' id='word_1_585' title='bbox 1295 4612 1408 4676; x_wconf 87' lang='lat' dir='ltr'><strong>Domini</strong></span> <span class='ocrx_word' id='word_1_586' title='bbox 1422 4613 1608 4687; x_wconf 76' lang='lat' dir='ltr'><strong>cardinales,</strong></span> <span class='ocrx_word' id='word_1_587' title='bbox 1627 4615 1765 4695; x_wconf 85' lang='lat' dir='ltr'><strong>praelati,</strong></span> <span class='ocrx_word' id='word_1_588' title='bbox 1784 4627 1813 4675; x_wconf 91' lang='lat' dir='ltr'><strong>et</strong></span> <span class='ocrx_word' id='word_1_589' title='bbox 1831 4616 1880 4675; x_wconf 92' lang='lat' dir='ltr'><strong>of·</strong></span> 
     </span>
     <span class='ocr_line' id='line_1_91' title="bbox 1092 4714 1881 4797; baseline 0 -22"><span class='ocrx_word' id='word_1_590' title='bbox 1092 4714 1200 4777; x_wconf 85' lang='lat' dir='ltr'><strong>licialcs</strong></span> <span class='ocrx_word' id='word_1_591' title='bbox 1220 4732 1272 4775; x_wconf 86' lang='lat' dir='ltr'><strong>sun</strong></span> <span class='ocrx_word' id='word_1_592' title='bbox 1294 4728 1460 4795; x_wconf 86' lang='lat' dir='ltr'><strong>paramenta</strong></span> <span class='ocrx_word' id='word_1_593' title='bbox 1481 4726 1656 4797; x_wconf 90' lang='lat' dir='ltr'><strong>aeceperunt</strong></span> <span class='ocrx_word' id='word_1_594' title='bbox 1673 4715 1754 4787; x_wconf 91' lang='lat' dir='ltr'><strong>alba,</strong></span> <span class='ocrx_word' id='word_1_595' title='bbox 1773 4715 1881 4777; x_wconf 86' lang='lat' dir='ltr'><strong>Cardi-</strong></span> 
     </span>
     <span class='ocr_line' id='line_1_92' title="bbox 1092 4812 1880 4899; baseline 0.001 -23"><span class='ocrx_word' id='word_1_596' title='bbox 1092 4817 1170 4876; x_wconf 87' lang='lat' dir='ltr'><strong>nalcs</strong></span> <span class='ocrx_word' id='word_1_597' title='bbox 1182 4812 1223 4896; x_wconf 91' lang='lat' dir='ltr'><strong>(in</strong></span> <span class='ocrx_word' id='word_1_598' title='bbox 1239 4816 1366 4897; x_wconf 88' lang='lat' dir='ltr'><strong>cappella</strong></span> <span class='ocrx_word' id='word_1_599' title='bbox 1381 4816 1527 4896; x_wconf 85' lang='lat' dir='ltr'><strong>praedicta</strong></span> <span class='ocrx_word' id='word_1_600' title='bbox 1538 4816 1566 4876; x_wconf 93' lang='lat' dir='ltr'><strong>iu</strong></span> <span class='ocrx_word' id='word_1_601' title='bbox 1582 4818 1652 4877; x_wconf 89' lang='lat' dir='ltr'><strong>locis</strong></span> <span class='ocrx_word' id='word_1_602' title='bbox 1666 4817 1737 4899; x_wconf 79' lang='lat' dir='ltr'><strong>suis)</strong></span> <span class='ocrx_word' id='word_1_603' title='bbox 1749 4816 1880 4877; x_wconf 86' lang='lat' dir='ltr'><strong>videlicet</strong></span> 
     </span>
     <span class='ocr_line' id='line_1_93' title="bbox 1092 4915 1879 4998; baseline -0.001 -22"><span class='ocrx_word' id='word_1_604' title='bbox 1092 4915 1228 4996; x_wconf 79' lang='lat' dir='ltr'><strong>Episcopi</strong></span> <span class='ocrx_word' id='word_1_605' title='bbox 1253 4917 1478 4996; x_wconf 84' lang='lat' dir='ltr'><strong>superpelicium</strong></span> <span class='ocrx_word' id='word_1_606' title='bbox 1505 4927 1533 4978; x_wconf 89' lang='lat' dir='ltr'><strong>et</strong></span> <span class='ocrx_word' id='word_1_607' title='bbox 1556 4918 1694 4997; x_wconf 80' lang='lat' dir='ltr'><strong>pluviale,</strong></span> <span class='ocrx_word' id='word_1_608' title='bbox 1712 4917 1879 4998; x_wconf 74' lang='lat' dir='ltr'><strong>Presbyteri</strong></span> 
     </span>
    </p>
   </div>
   <div class='ocr_carea' id='block_1_9' title="bbox 1085 5181 1882 5799">
    <p class='ocr_par' dir='ltr' id='par_1_15' title="bbox 1085 5181 1882 5799">
     <span class='ocr_line' id='line_1_94' title="bbox 1132 5181 1879 5245; baseline -0.001 -13"><span class='ocrx_word' id='word_1_609' title='bbox 1132 5187 1169 5241; x_wconf 89' lang='lat' dir='ltr'><strong>(t)</strong></span> <span class='ocrx_word' id='word_1_610' title='bbox 1183 5182 1300 5232; x_wconf 81' lang='lat' dir='ltr'><strong>Dianium</strong></span> <span class='ocrx_word' id='word_1_611' title='bbox 1310 5182 1455 5232; x_wconf 75' lang='lat' dir='ltr'><strong>burchardi</strong></span> <span class='ocrx_word' id='word_1_612' title='bbox 1471 5182 1570 5245; x_wconf 85' lang='lat' dir='ltr'><strong>publici</strong></span> <span class='ocrx_word' id='word_1_613' title='bbox 1586 5182 1655 5245; x_wconf 77' lang='lat' dir='ltr'><strong>iuris</strong></span> <span class='ocrx_word' id='word_1_614' title='bbox 1673 5181 1825 5241; x_wconf 84' lang='lat' dir='ltr'><strong>reddentes,</strong></span> <span class='ocrx_word' id='word_1_615' title='bbox 1838 5193 1879 5231; x_wconf 90' lang='lat' dir='ltr'><strong>res</strong></span> 
     </span>
     <span class='ocr_line' id='line_1_95' title="bbox 1091 5259 1882 5321; baseline -0.003 -10"><span class='ocrx_word' id='word_1_616' title='bbox 1091 5264 1259 5314; x_wconf 81' lang='lat' dir='ltr'><strong>caerimoniis</strong></span> <span class='ocrx_word' id='word_1_617' title='bbox 1276 5265 1302 5312; x_wconf 90' lang='lat' dir='ltr'><strong>ct</strong></span> <span class='ocrx_word' id='word_1_618' title='bbox 1319 5262 1381 5312; x_wconf 88' lang='lat' dir='ltr'><strong>ritui</strong></span> <span class='ocrx_word' id='word_1_619' title='bbox 1397 5262 1577 5311; x_wconf 88' lang='lat' dir='ltr'><strong>ecclesiastico</strong></span> <span class='ocrx_word' id='word_1_620' title='bbox 1593 5259 1697 5309; x_wconf 87' lang='lat' dir='ltr'><strong>omnino</strong></span> <span class='ocrx_word' id='word_1_621' title='bbox 1718 5262 1882 5321; x_wconf 88' lang='lat' dir='ltr'><strong>spectantes,</strong></span> 
     </span>
     <span class='ocr_line' id='line_1_96' title="bbox 1090 5337 1878 5406; baseline -0.001 -17"><span class='ocrx_word' id='word_1_622' title='bbox 1090 5346 1183 5406; x_wconf 88' lang='lat' dir='ltr'><strong>utpote</strong></span> <span class='ocrx_word' id='word_1_623' title='bbox 1199 5342 1326 5391; x_wconf 81' lang='lat' dir='ltr'><strong>historiae</strong></span> <span class='ocrx_word' id='word_1_624' title='bbox 1343 5342 1427 5390; x_wconf 87' lang='lat' dir='ltr'><strong>minus</strong></span> <span class='ocrx_word' id='word_1_625' title='bbox 1443 5340 1531 5400; x_wconf 88' lang='lat' dir='ltr'><strong>utiles,</strong></span> <span class='ocrx_word' id='word_1_626' title='bbox 1544 5340 1707 5389; x_wconf 87' lang='lat' dir='ltr'><strong>exiustituto</strong></span> <span class='ocrx_word' id='word_1_627' title='bbox 1724 5337 1878 5388; x_wconf 88' lang='lat' dir='ltr'><strong>omittimus.</strong></span> 
     </span>
     <span class='ocr_line' id='line_1_97' title="bbox 1090 5418 1879 5481; baseline -0.004 -11"><span class='ocrx_word' id='word_1_628' title='bbox 1090 5420 1293 5477; x_wconf 67' lang='lat' dir='ltr'><strong>attonsarum</strong></span> <span class='ocrx_word' id='word_1_629' title='bbox 1306 5423 1398 5469; x_wconf 88' lang='lat' dir='ltr'><strong>auctor</strong></span> <span class='ocrx_word' id='word_1_630' title='bbox 1410 5420 1444 5469; x_wconf 88' lang='lat' dir='ltr'><strong>sit</strong></span> <span class='ocrx_word' id='word_1_631' title='bbox 1456 5418 1673 5469; x_wconf 82' lang='lat' dir='ltr'><strong>caerimoniarum</strong></span> <span class='ocrx_word' id='word_1_632' title='bbox 1681 5420 1810 5481; x_wconf 71' lang='lat' dir='ltr'><strong>niuster,</strong></span> <span class='ocrx_word' id='word_1_633' title='bbox 1818 5429 1879 5469; x_wconf 84' lang='lat' dir='ltr'><strong>cum</strong></span> 
     </span>
     <span class='ocr_line' id='line_1_98' title="bbox 1090 5495 1878 5562; baseline -0.001 -15"><span class='ocrx_word' id='word_1_634' title='bbox 1090 5511 1167 5561; x_wconf 83' lang='lat' dir='ltr'><strong>opus,</strong></span> <span class='ocrx_word' id='word_1_635' title='bbox 1183 5497 1265 5547; x_wconf 86' lang='lat' dir='ltr'><strong>rebus</strong></span> <span class='ocrx_word' id='word_1_636' title='bbox 1276 5495 1506 5547; x_wconf 87' lang='lat' dir='ltr'><strong>caerimonialibus</strong></span> <span class='ocrx_word' id='word_1_637' title='bbox 1522 5497 1557 5547; x_wconf 85' lang='lat' dir='ltr'><strong>sit</strong></span> <span class='ocrx_word' id='word_1_638' title='bbox 1572 5496 1685 5562; x_wconf 80' lang='lat' dir='ltr'><strong>undique</strong></span> <span class='ocrx_word' id='word_1_639' title='bbox 1698 5497 1837 5560; x_wconf 86' lang='lat' dir='ltr'><strong>repletum,</strong></span> <span class='ocrx_word' id='word_1_640' title='bbox 1852 5498 1878 5546; x_wconf 91' lang='lat' dir='ltr'><strong>in</strong></span> 
     </span>
     <span class='ocr_line' id='line_1_99' title="bbox 1089 5577 1877 5641; baseline 0.003 -16"><span class='ocrx_word' id='word_1_641' title='bbox 1089 5578 1248 5640; x_wconf 81' lang='lat' dir='ltr'><strong>exemplum,</strong></span> <span class='ocrx_word' id='word_1_642' title='bbox 1276 5579 1357 5640; x_wconf 91' lang='lat' dir='ltr'><strong>utque</strong></span> <span class='ocrx_word' id='word_1_643' title='bbox 1386 5577 1502 5639; x_wconf 85' lang='lat' dir='ltr'><strong>legentes</strong></span> <span class='ocrx_word' id='word_1_644' title='bbox 1527 5578 1658 5641; x_wconf 83' lang='lat' dir='ltr'><strong>integrum</strong></span> <span class='ocrx_word' id='word_1_645' title='bbox 1685 5577 1719 5626; x_wconf 91' lang='lat' dir='ltr'><strong>de</strong></span> <span class='ocrx_word' id='word_1_646' title='bbox 1748 5578 1877 5640; x_wconf 89' lang='lat' dir='ltr'><strong>scriptore</strong></span> 
     </span>
     <span class='ocr_line' id='line_1_100' title="bbox 1085 5653 1878 5718; baseline -0.004 -11"><span class='ocrx_word' id='word_1_647' title='bbox 1085 5657 1215 5717; x_wconf 83' lang='lat' dir='ltr'><strong>judicium</strong></span> <span class='ocrx_word' id='word_1_648' title='bbox 1234 5660 1260 5707; x_wconf 88' lang='lat' dir='ltr'><strong>et</strong></span> <span class='ocrx_word' id='word_1_649' title='bbox 1276 5657 1309 5706; x_wconf 89' lang='lat' dir='ltr'><strong>de</strong></span> <span class='ocrx_word' id='word_1_650' title='bbox 1326 5656 1402 5705; x_wconf 86' lang='lat' dir='ltr'><strong>diarii</strong></span> <span class='ocrx_word' id='word_1_651' title='bbox 1419 5655 1506 5706; x_wconf 86' lang='lat' dir='ltr'><strong>forms</strong></span> <span class='ocrx_word' id='word_1_652' title='bbox 1521 5655 1593 5705; x_wconf 88' lang='lat' dir='ltr'><strong>ferre</strong></span> <span class='ocrx_word' id='word_1_653' title='bbox 1609 5656 1723 5718; x_wconf 89' lang='lat' dir='ltr'><strong>possint,</strong></span> <span class='ocrx_word' id='word_1_654' title='bbox 1735 5653 1878 5705; x_wconf 79' lang='lat' dir='ltr'><strong>lianc&#39;nar-</strong></span> 
     </span>
     <span class='ocr_line' id='line_1_101' title="bbox 1089 5736 1740 5799; baseline -0.003 -13"><span class='ocrx_word' id='word_1_655' title='bbox 1089 5739 1218 5788; x_wconf 88' lang='lat' dir='ltr'><strong>rationem</strong></span> <span class='ocrx_word' id='word_1_656' title='bbox 1238 5750 1271 5787; x_wconf 86' lang='lat' dir='ltr'><strong>ex</strong></span> <span class='ocrx_word' id='word_1_657' title='bbox 1288 5736 1410 5799; x_wconf 88' lang='lat' dir='ltr'><strong>pluribus</strong></span> <span class='ocrx_word' id='word_1_658' title='bbox 1427 5736 1484 5787; x_wconf 87' lang='lat' dir='ltr'><strong>loco</strong></span> <span class='ocrx_word' id='word_1_659' title='bbox 1502 5747 1549 5786; x_wconf 88' lang='lat' dir='ltr'><strong>suo</strong></span> <span class='ocrx_word' id='word_1_660' title='bbox 1566 5736 1740 5786; x_wconf 85' lang='lat' dir='ltr'><strong>servarimus.</strong></span> 
     </span>
    </p>
   </div>
   <div class='ocr_carea' id='block_1_10' title="bbox 1592 5830 1607 5873">
    <p class='ocr_par' dir='ltr' id='par_1_16' title="bbox 1592 5830 1607 5873">
     <span class='ocr_line' id='line_1_102' title="bbox 1592 5830 1607 5873; baseline 0 0"><span class='ocrx_word' id='word_1_661' title='bbox 1592 5830 1607 5873; x_wconf 83' lang='lat' dir='ltr'><strong>n</strong></span> 
     </span>
    </p>
   </div>
   <div class='ocr_carea' id='block_1_11' title="bbox 0 0 2250 6855">
    <p class='ocr_par' dir='ltr' id='par_1_17' title="bbox 0 0 2250 6855">
     <span class='ocr_line' id='line_1_103' title="bbox 0 0 2250 6855; baseline 0 0"><span class='ocrx_word' id='word_1_662' title='bbox 0 0 2250 6855; x_wconf 95' lang='lat' dir='ltr'><strong> </strong></span> 
     </span>
    </p>
   </div>
  </div>
 </body>
</html>
