4492 6859
239 617 350 699 tiras)

240 773 328 834 super
354 765 463 815 terram
493 753 645 835 appodiata
672 756 725 817 sed
745 758 856 819 elevata
890 771 1028 822 tenerent.

243 852 315 913 llev.
329 853 364 913 l).
381 853 484 915 blontis
494 855 610 935 Regalis
621 858 744 935 primam
755 858 871 921 Missam
885 860 1029 934 dicturus,

241 953 322 1014 venit
340 954 378 1014 ed
402 956 597 1016 faldistorium
624 967 689 1037 post
714 958 861 1039 inceptum
889 974 1028 1023 octavum

241 1055 473 1132 responsorium,
502 1059 613 1136 accepit
639 1058 766 1119 sandalia
795 1070 825 1121 et
857 1062 912 1121 alia
940 1081 1029 1140 pare·

241 1165 335 1215 menta
358 1167 515 1229 consueta,
537 1168 566 1218 et
597 1160 653 1220 suit
679 1174 798 1239 paratus
828 1162 858 1221 in
878 1173 1028 1242 tempore;

240 1253 335 1312 onmia
355 1255 411 1314 alia
433 1274 515 1317 more
536 1270 673 1320 consueto
694 1270 761 1321 sunt
780 1262 943 1323 observata.
966 1261 1030 1322 En·

240 1371 300 1413 sem
319 1365 385 1417 ante
407 1354 569 1435 Principem
593 1361 683 1419 tenuit
703 1359 876 1441 biagniflcus
896 1360 932 1422 Ι).
954 1362 1031 1423 Ber-

240 1454 383 1532 lingarius
403 1456 529 1530 ceraue,
543 1457 625 1520 bliles
641 1458 857 1536 majordomus
877 1481 957 1536 suae,
978 1464 1030 1541 qui

241 1551 329 1614 linitis
351 1558 497 1617 matutinis
518 1577 587 1618 eum
608 1572 674 1621 ante
689 1561 814 1624 Crucem
837 1565 965 1644 portarit
981 1582 1029 1624 me

239 1654 407 1727 ordinante,
440 1677 493 1737 pro
514 1677 549 1720 eo
580 1660 660 1738 quod
685 1660 764 1722 finita
787 1659 913 1738 majore,
931 1681 1028 1725 ensem

241 1755 335 1834 ipsum
356 1757 473 1835 publice
493 1759 573 1820 dicto
592 1759 721 1841 Principi
742 1761 812 1824 dere
840 1764 951 1824 statuit.
972 1763 1029 1824 Di»

240 1855 317 1916 misit
338 1857 425 1916 etiam
454 1858 530 1919 idem
563 1861 644 1922 miles
664 1863 758 1940 ipsum
791 1880 886 1926 ensem
917 1865 946 1923 in
976 1881 1028 1924 ca·

242 1971 322 2014 mera
344 1954 492 2035 Pepegalli
505 1958 534 2017 in
547 1961 678 2021 manibus
696 1962 732 2021 D.
752 1962 889 2025 lobannis
910 1965 1029 2026 ldarra·

240 2050 289 2113 des
310 2055 490 2118 cubicularii
510 2060 624 2121 secreti.

282 2154 429 2218 asmicto
462 2157 602 2221 Pontibce
621 2162 658 2220 ad
679 2181 824 2225 cameram
852 2164 1028 2245 Papegalli,

240 2263 269 2313 et
300 2257 421 2320 dimissis
453 2260 558 2323 ibidem
589 2265 787 2342 paramentis,
810 2266 882 2330 Rev.
909 2268 1028 2329 Domini

240 2354 345 2418 Montis
357 2358 486 2438 Regalis,
505 2376 533 2423 et
549 2365 689 2426 maenius
710 2368 880 2431 cardinales
894 2369 929 2430 de
944 2388 1028 2430 man-

240 2455 309 2516 dato
331 2458 425 2537 Papae
446 2465 627 2526 associarunt
648 2467 713 2529 inde
735 2468 900 2547 Principem
937 2486 1028 2547 usque

238 2558 276 2616 ad
298 2577 428 2621 cameras
450 2579 561 2637 novas,
588 2567 616 2625 in
638 2568 747 2643 quibus
768 2578 798 2629 et
817 2572 845 2630 in
868 2569 922 2631 bac
944 2582 1028 2632 nocte

239 2657 400 2735 quieverat.
417 2661 513 2723 Finita
524 2665 620 2745 prime
636 2666 734 2738 Missa,
757 2668 812 2730 SS.
832 2669 973 2730 Dominus
993 2668 1026 2730 tt.

240 2761 493 2836 processionaliter
506 2768 583 2826 venit
597 2767 634 2833 ad
653 2768 808 2830 Basilicam
824 2769 926 2831 Sancti
937 2771 1027 2844 Petri,

240 2859 288 2919 ubi
310 2860 467 2923 celebravit
482 2865 598 2927 Missam
619 2869 774 2932 solemnem
795 2871 938 2931 consuetis
959 2889 1028 2932 cae·

241 2960 372 3023 rimantis
386 2984 397 3035 ς
435 2964 508 3026 llev.
546 2965 583 3028 D.
621 2968 782 3032 cardinalis
823 2971 1029 3051 Neapolitanus

239 3060 351 3134 estitit,
378 3072 407 3124 et
440 3063 513 3126 Rev.
546 3066 582 3127 D.
613 3068 777 3132 cardinalis
807 3071 939 3133 Senensis
960 3072 1030 3135 dixit

239 3157 445 3240 Evangelium,
465 3165 500 3225 D.
516 3167 710 3231 bernardinus
736 3170 882 3231 Damnata
908 3171 1028 3232 subdia·

239 3278 330 3322 conus
350 3265 537 3343 spostolicae
556 3267 718 3349 Epistulam
740 3273 869 3339 latinam.
890 3272 925 3332 D.
948 3274 1028 3333 isaa-

239 3363 302 3423 cius
315 3365 513 3444 brgyropilus
532 3368 725 3450 Evangelium
746 3391 898 3452 graecum,
918 3384 948 3435 et
967 3373 1028 3436 De·

240 3465 360 3525 metrias
377 3467 526 3545 epistolam
542 3488 689 3547 graecam.
711 3473 830 3535 interim
850 3473 931 3547 dum,
944 3485 974 3535 et
994 3477 1028 3537 ive

240 3572 327 3625 terro
348 3583 365 3624 a
387 3569 555 3630 cantoribus
575 3572 735 3646 dccccliii,
753 3573 785 3635 S.
804 3575 840 3635 D.
861 3575 896 3635 tl.
919 3576 1030 3655 recepit

240 3665 268 3723 in
287 3666 462 3730 assistentem
478 3671 531 3731 sibi
547 3672 619 3734 Rev.
642 3672 678 3734 D.
698 3674 887 3737 benedictum
902 3675 1028 3739 Arabia·

240 3766 387 3846 piscopum
408 3767 610 3844 Nicoslensem,
630 3776 676 3835 cui
698 3775 733 3835 de
754 3775 890 3837 mandato
910 3777 1029 3839 Sancti·

242 3870 305 3928 tatis
322 3869 411 3944 Suae,
426 3891 461 3933 ex
476 3884 544 3933 tunc
566 3876 641 3936 inter
661 3878 735 3938 alios
755 3878 916 3939 assistentes
930 3877 1027 3938 locum

240 3969 315 4061 dedi.
328 3973 421 4032 Finita
435 3974 531 4043 blissa,
542 3974 618 4051 Papa
636 3976 764 4037 ascendit
781 3978 896 4049 solium,
911 3977 960 4037 ubi
975 3978 1028 4040 be·

240 4072 345 4132 nedixit
364 4090 471 4145 ensem,
486 4091 542 4132 non
559 4086 652 4135 tamen
671 4078 801 4155 aspersit,
813 4078 881 4154 quia
895 4095 951 4138 non
964 4087 1029 4139 erat

241 4170 278 4231 ibi
300 4187 376 4247 aqua
397 4171 554 4233 benedicta.
585 4173 662 4238 Tum
688 4174 764 4235 dedit
784 4193 852 4237 eum
878 4176 959 4238 illm.
991 4177 1027 4239 D.

238 4271 390 4334 Priderico
408 4290 509 4335 coram
529 4294 559 4335 ee
577 4276 737 4355 genuflexo,
747 4277 804 4338 sub
825 4277 920 4341 verbis
935 4297 1028 4342 enno-

718 615 1008 688 PDN'PlFlchUS
1030 617 1257 686 stamnum
1277 612 1403 677 sexti.

1819 606 1882 670 ccii

1098 757 1196 819 dentes
1217 764 1320 816 mutuo
1333 750 1514 828 equitarunt:
1535 748 1608 809 inter
1619 745 1691 809 Rev.
1711 743 1749 805 D.
1770 743 1882 805 Senen-

1096 877 1169 930 sem,
1186 867 1216 917 et
1235 850 1437 917 camerarium
1457 850 1486 910 in
1508 850 1613 911 ultimo
1632 849 1700 909 loco
1718 845 1883 924 equitantes

1096 957 1237 1037 Princeps
1267 955 1399 1027 mediae,
1430 963 1461 1013 et
1493 950 1656 1012 immediate
1687 959 1753 1010 ente
1788 946 1885 1027 ipsum
1970 966 1974 977 ·

1097 1061 1179 1122 miles
1200 1076 1296 1120 ensem
1316 1074 1384 1118 cnm
1404 1054 1480 1133 pileo
1500 1061 1615 1132 gestans
1636 1067 1720 1111 more
1733 1048 1827 1110 solito.
1842 1044 1882 1106 tlt

1096 1171 1195 1222 autem
1206 1158 1372 1221 cardinales
1386 1154 1581 1216 interfuerunt
1594 1146 1884 1229 videlicet,lleapoli-

1098 1274 1194 1334 tanus,
1205 1260 1306 1321 Sancti
1322 1258 1400 1319 Petri
1411 1255 1447 1316 ad
1458 1254 1581 1316 Vincula
1595 1250 1653 1336 (l),
1659 1251 1758 1314 Sancti
1769 1246 1886 1327 bugeli,

1097 1361 1318 1432 Ulixbonensis,
1339 1354 1576 1427 Recbenetensis,
1595 1352 1693 1415 Sancti
1710 1348 1883 1413 clementis·

1097 1463 1268 1535 Jonuensis,
1305 1458 1485 1529 Parmensis,
1505 1458 1738 1527 Beneventanus,
1760 1452 1884 1515 moene

1097 1553 1381 1636 Anastasise,lllontis
1389 1559 1516 1639 Regalis,
1527 1556 1625 1619 Sancti
1637 1554 1779 1626 Severini,
1792 1553 1884 1614 Asca·

1097 1666 1175 1738 nius,
1192 1665 1328 1736 Ursinus,
1348 1662 1502 1735 columm,
1523 1659 1669 1733 Sabellus,
1682 1656 1882 1726 Camerarius,

1097 1764 1238 1826 Senensis.
1260 1765 1335 1825 cum
1353 1772 1447 1824 essem
1468 1771 1533 1822 ente
1553 1771 1668 1841 portem
1690 1756 1786 1838 palatii
1800 1758 1884 1836 Apo

1097 1867 1252 1938 stolorum,
1273 1864 1439 1927 cardinales
1459 1862 1561 1925 ordine
1581 1862 1668 1924 solito
1686 1879 1717 1921 se
1737 1860 1884 1929 locarunt,

1096 1966 1204 2042 quibus
1223 1985 1258 2025 ex
1278 1984 1361 2027 more
1386 1963 1526 2043 Princeps
1545 1963 1609 2043 egit
1630 1961 1762 2041 gratias,
1782 1969 1812 2019 ct
1831 1977 1884 2021 re·

1095 2076 1242 2127 cesserunt
1264 2084 1384 2139 omnes3
1414 2064 1451 2123 avl
1483 2064 1607 2143 primam
1629 2062 1779 2124 lectionem
1803 2058 1883 2120 dedit

1094 2183 1201 2245 aquam
1213 2165 1345 2226 Marinus
1364 2162 1481 2225 beonm
1507 2160 1618 2226 Orator
1639 2155 1831 2243 venetus(b);
1845 2156 1884 2219 ad
1943 2226 1945 2230 .

1095 2267 1254 2329 secundum
1274 2266 1341 2326 Dux
1358 2264 1505 2326 Gravinae
1525 2261 1638 2326 Orator
1658 2261 1747 2341 Regis
1764 2258 1883 2343 Nmpe-f

1096 2368 1187 2443 titani,
1207 2387 1265 2429 non
1279 2377 1314 2429 ut
1334 2365 1457 2439 Drator,
1478 2364 1528 2428 sed
1549 2374 1583 2425 ut
1601 2364 1688 2437 Dux3
1708 2361 1745 2422 ed
1765 2360 1883 2422 tertiam

1095 2466 1267 2547 Magnificus
1302 2467 1337 2526 D.
1359 2467 1504 2527 ,lohannes
1525 2464 1560 2528 de
1591 2466 1619 2525 la
1651 2463 1743 2525 Serra
1771 2457 1883 2523 Orator

1094 2568 1184 2648 Regis
1213 2568 1376 2641 Franciae,
1401 2578 1430 2628 et
1457 2567 1548 2626 affinis
1570 2565 1674 2645 Papae.
1707 2564 1735 2623 ls
1762 2561 1884 2624 debebat

1094 2670 1250 2731 secundam
1265 2667 1386 2741 dedisse,
1400 2677 1430 2727 et
1448 2666 1547 2728 dictus
1560 2665 1629 2725 Dux
1642 2663 1772 2734 tertiam,
1786 2670 1884 2723 tamen

1094 2770 1136 2831 sic
1156 2771 1250 2830 voluit
1268 2767 1414 2842 Pontiic13
1428 2766 1464 2827 ad
1480 2777 1615 2846 quartam
1635 2764 1716 2826 lllus.
1734 2762 1799 2823 Don
1815 2762 1886 2824 Fri·

1094 2870 1219 2932 derious.

1136 2972 1283 3035 Venerunt
1300 2970 1503 3050 superioribus
1525 2966 1639 3040 diebus,
1659 2967 1689 3029 in
1710 2983 1743 3029 x.
1756 2967 1803 3027 vet
1821 2964 1886 3026 cir·

1094 3075 1168 3134 citer
1183 3073 1295 3147 diebus,
1305 3091 1339 3134 ex
1355 3071 1469 3131 civitate
1481 3069 1706 3132 Barchinonansi
1721 3085 1813 3129 novae
1828 3064 1887 3127 Se·

1095 3191 1156 3235 retr.
1177 3173 1394 3236 Perdinandurn
1415 3173 1622 3253 Hispaniarum
1647 3170 1757 3251 Regem
1776 3187 1812 3230 ex
1831 3185 1887 3247 pa·

1095 3275 1165 3335 latio
1186 3274 1311 3353 quodem
1332 3292 1385 3355 per
1403 3272 1513 3353 gradus
1531 3267 1814 3344 descendentcm,die
1830 3288 1886 3332 vra·

1095 3370 1185 3450 hujus
1205 3374 1309 3435 mensis
1327 3393 1343 3433 a
1366 3373 1631 3452 quetemttosreo,
1646 3390 1712 3435 ense
1726 3371 1758 3432 iu
1776 3372 1886 3433 collum

1094 3476 1229 3554 graviter
1250 3493 1421 3556 percussum
1438 3475 1537 3548 luisse,
1556 3475 1596 3535 ite
1612 3472 1691 3552 quod
1706 3491 1755 3534 sex
1770 3472 1886 3551 punctis

1095 3578 1201 3637 vulnus
1221 3578 1315 3656 ipsum
1335 3587 1435 3648 sutum
1450 3575 1555 3647 luerit,
1573 3592 1608 3635 ac
1632 3573 1788 3636 Rusticum
1806 3572 1885 3635 deli·

1094 3673 1885 3759 ctorem(3)duobusvulneribusaservitnribusDegis

1094 3795 1276 3857 percussum,
1305 3788 1425 3856 captum
1448 3795 1518 3838 esse.
1545 3776 1588 3836 Ae
1610 3775 1711 3837 deinde
1732 3778 1760 3836 in
1782 3775 1883 3855 paucis

1094 3881 1156 3938 aliis
1176 3878 1277 3939 diebus
1289 3880 1365 3939 venit
1376 3879 1431 3938 elia
1454 3896 1541 3948 nova,
1556 3876 1665 3955 Regem
1684 3877 1778 3956 ipsum
1799 3886 1882 3938 extra

1094 3978 1256 4056 pericnlum
1272 3996 1344 4049 esse,
1357 3995 1393 4037 ac
1409 3976 1563 4037 llusticum
1577 3975 1757 4057 praedictum
1773 3975 1882 4037 visione

1095 4077 1206 4137 Diaboli
1226 4073 1368 4159 (quiante
1388 4092 1445 4138 xx.
1467 4094 1559 4138 annos
1570 4076 1624 4137 sub
1637 4074 1883 4156 speciebngeliei

1093 4177 1238 4257 apparuit,
1258 4184 1288 4238 et
1309 4177 1423 4237 nomine
1443 4177 1644 4257 omnipotentis
1664 4176 1716 4237 Dei
1730 4175 1785 4236 sibi
1798 4192 1882 4236 com·

1094 4277 1173 4337 misit
1193 4277 1303 4358 Regem
1319 4276 1423 4339 debere
1443 4277 1729 4357 occidere,quoniam
1746 4278 1805 4357 ipse
1820 4274 1882 4338 Rex

240 4372 333 4445 tetis,
364 4382 398 4433 ut
431 4376 524 4435 solent
556 4374 681 4436 Romani
714 4377 875 4439 Pontifices.
901 4377 1028 4459 Expletie
1100 4438 1110 4446 .

219 4492 221 4498 ·
242 4475 340 4538 verbis
351 4474 430 4554 Papa
442 4477 551 4554 recepit
562 4477 655 4556 ipsum
667 4477 830 4559 Principem
841 4480 878 4540 ad
891 4482 1027 4542 osculum

240 4576 332 4655 pedis,
353 4595 456 4637 merrus
473 4587 502 4638 et
523 4578 602 4638 oris:
621 4597 677 4657 ego
697 4579 762 4642 dedi
780 4599 875 4642 ensem
890 4598 944 4641 sno
962 4582 1028 4640 bia·

238 4672 387 4753 jordomo,
407 4678 457 4755 qui
478 4697 545 4739 eum
567 4690 631 4759 post
652 4681 828 4756 immediate,
849 4694 914 4745 ante
932 4683 1026 4763 ipsum

241 4778 407 4859 Principem
430 4782 567 4859 portavit.
601 4781 677 4861 Papa
704 4783 759 4842 sub
782 4783 897 4862 porticu
926 4782 1027 4844 Sancti

241 4881 321 4943 Petri
344 4881 422 4942 dedit
442 4882 585 4943 licentiam
607 4882 741 4945 omnibus
759 4882 978 4954 cardinalibus,
998 4895 1028 4949 et

241 4983 336 5042 voluit
355 4981 434 5060 quod
455 5001 556 5065 omnes·
575 4984 631 5062 ipsi
652 4983 819 5046 cardinales
837 4983 1026 5062 collegialiter

240 5099 332 5161 nsque
365 5083 400 5142 ad
433 5082 577 5145 Palatium
611 5086 815 5164 Apostolorum
847 5084 1027 5146 habitationis

239 5200 309 5246 suae
315 5184 491 5245 associarent
502 5183 677 5264 Principem,
692 5186 759 5263 qnia
770 5186 812 5245 sic
823 5184 918 5247 luerat
932 5203 1026 5265 nuper

239 5283 275 5345 de
296 5285 428 5364 ipsorum
461 5284 657 5346 cardinalium
689 5286 809 5348 coneilio
841 5286 1027 5359 ordinatum,

239 5384 340 5466 sieque
360 5388 470 5449 lactum
491 5396 543 5447 cst.
563 5386 700 5449 Venimus
720 5407 772 5469 per
791 5387 913 5450 Pontem
929 5387 1027 5449 Sancti

240 5488 344 5568 trigeti
366 5489 412 5547 vie
433 5498 513 5549 recta
535 5488 573 5550 ad
593 5488 735 5569 campum
756 5490 884 5563 Florae,
908 5489 1027 5551 domum

240 5588 276 5651 de
296 5589 444 5664 bannis,
462 5588 624 5652 Minervam
645 5590 681 5649 ad
702 5590 862 5669 Apostolos.
881 5589 1027 5651 interlue-

239 5703 310 5756 runt
328 5707 420 5754 xvsti.
439 5690 617 5766 cardinales,
631 5692 682 5771 qui
696 5691 756 5753 bini
774 5692 832 5752 bini
854 5691 907 5753 sibi
922 5709 1027 5755 succe·

1135 4512 1172 4573 (tl
1185 4511 1261 4573 Quod
1276 4524 1336 4575 pag.
1351 4513 1399 4562 2¹⁶
1414 4510 1463 4560 col.
1480 4513 1497 4559 2
1520 4509 1621 4562 dictum
1637 4512 1688 4570 est,
1712 4508 1818 4561 videtur
1834 4522 1882 4573 pu·

1093 4603 1247 4652 generarem
1271 4603 1304 4641 eo
1320 4588 1391 4653 quod
1408 4591 1448 4640 bic
1473 4593 1563 4641 narrat
1579 4594 1688 4649 auctor,
1704 4588 1733 4639 id
1757 4592 1799 4639 est
1821 4600 1883 4640 cum

1094 4668 1238 4720 cardinalia
1259 4669 1284 4720 S
1301 4670 1371 4720 Petri
1398 4669 1431 4719 ed
1448 4667 1556 4720 Vincula
1582 4671 1607 4719 in
1623 4667 1692 4720 Urbe
1718 4667 1881 4732 praeseutia.

1093 4749 1144 4799 Sed
1159 4762 1226 4809 nos,
1251 4750 1300 4798 etsi
1323 4750 1479 4798 auctoritate
1496 4748 1596 4798 codicis
1612 4747 1743 4808 Parisinl,
1762 4748 1788 4797 ln
1806 4750 1882 4798 textu

1094 4832 1185 4879 nostro
1201 4829 1334 4879 intulimus
1350 4840 1381 4878 ea
1398 4839 1466 4891 quae
1487 4825 1648 4891 praecedant
1663 4830 1765 4878 textum
1782 4826 1880 4876 codicis

1093 4907 1334 4972 Megllebeocbienl,
1344 4911 1433 4958 temen
1448 4911 1583 4971 procerte
1598 4905 1737 4957 babuimue
1749 4918 1783 4955 ex
1795 4907 1882 4955 omui·

1094 4987 1144 5039 bus
1181 4986 1329 5038 inleseuree
1355 4984 1494 5037 codlcibue
1518 4986 1579 5036 baio
1611 4984 1711 5036 auctori
1735 4996 1788 5035 aon
1815 4984 1883 5035 Bur·

1093 5066 1192 5117 cbardo
1209 5064 1366 5124 tribuenda,
1391 5067 1418 5114 et
1442 5065 1468 5114 in
1485 5064 1577 5115 codice
1593 5063 1710 5113 Parisino
1734 5062 1881 5115 burchardi

1094 5146 1231 5210 abaliquo
1258 5144 1441 5207 exemplatore
1465 5144 1592 5207 inscripta
1609 5156 1643 5194 ex
1669 5142 1782 5209 quodam
1800 5142 1883 5194 inles-

1094 5238 1173 5275 surae
1191 5224 1355 5287 exemplari,
1377 5222 1411 5273 ad
1427 5222 1575 5286 supplenda
1592 5235 1661 5286 quae
1685 5223 1712 5273 ln
1728 5222 1882 5274 burchardo

1093 5305 1289 5355 desiderantur.
1304 5303 1345 5354 Sic
1363 5305 1450 5353 omnia
1471 5302 1654 5363 concordant,
1673 5304 1712 5353 sio
1727 5302 1799 5366 quod
1816 5303 1883 5354 flur·

1093 5386 1209 5435 eirardus
1225 5383 1353 5444 elbrmm,
1369 5381 1507 5446 praecedit
1524 5386 1644 5445 tempore
1660 5382 1731 5447 quod
1746 5382 1780 5433 eb
1797 5382 1883 5435 inles-

1094 5477 1157 5515 sure
1173 5468 1308 5515 narratur.

1134 5546 1170 5605 (tt
1192 5541 1263 5595 llaec
1287 5554 1348 5593 sero
1364 5541 1500 5602 adnotate,
1521 5542 1597 5592 laclle
1619 5554 1653 5593 ex
1673 5541 1810 5593 oblivione
1832 5556 1881 5592 eu·

1094 5624 1216 5767 croppln
1232 5701 1359 5765 mearco,
1375 5700 1564 5763 alemanam.

1604 5804 1636 5853 29
