4492 6859
387 616 450 677 m

383 766 463 817 extra
475 755 503 815 in
514 754 549 815 Ι).
561 754 834 817 llauritiilsonorem
846 755 1176 829 noniuitobservatum3

383 867 448 935 post
473 853 526 917 lros
546 874 564 914 a
584 855 707 917 dexteris
728 852 840 917 Orator
861 855 949 935 Regis
970 855 1132 927 Franciae,
1156 874 1174 914 a

383 955 506 1016 siuisuis
521 954 609 1017 Prior
623 954 713 1017 Urbis
734 957 963 1036 consanguineus
989 956 1084 1036 sponsi
1101 954 1174 1017 inter

383 1057 513 1137 primum
531 1054 687 1117 Oratorem
703 1055 790 1137 Regis
807 1058 961 1137 Hispaniae
975 1075 992 1116 a
1007 1055 1133 1118 dexteris
1146 1067 1175 1117 et

386 1156 530 1235 quendam
545 1156 665 1216 militem
686 1160 930 1237 consanguineum
948 1160 1042 1238 sponsi
1063 1176 1080 1217 a
1102 1157 1174 1218 ainl-

383 1254 465 1316 stris.
491 1255 564 1316 item
589 1256 732 1317 secundus
755 1255 865 1319 Orator
888 1260 964 1338 regis
984 1256 1173 1338 Hispaniaea

384 1354 519 1427 dexteris,
536 1354 763 1437 christophorus
783 1358 913 1419 lluilalus
927 1378 944 1419 a
958 1359 1085 1421 sinistris.
1100 1358 1172 1419 ltem

387 1451 500 1515 Orator
514 1455 700 1516 Veneriorum
718 1476 736 1517 a
757 1444 895 1533 dexteris,
909 1471 938 1521 et
955 1458 1172 1521 llediolanensis

382 1556 618 1619 asinistris.ltem
626 1555 736 1621 Orator
747 1558 1172 1623 Mantuanusadexterlsblon·

284 1719 287 1724 ,
385 1666 503 1718 tacroso
515 1655 601 1739 (lia
621 1640 743 1720 sinistris
763 1661 800 1724 Ι).
819 1662 987 1723 Dominicus
1000 1662 1097 1723 Aurea
1118 1678 1171 1722 aa·

237 1761 270 1834 'J
382 1757 517 1836 pitaneus
542 1758 655 1818 Palatii.
683 1760 754 1821 ltem
776 1761 812 1821 Ι).
835 1762 983 1823 Gerardus
1005 1762 1171 1826 Ususmavie

383 1857 574 1937 depositarius
602 1858 696 1939 Papae
727 1879 744 1920 a
774 1860 922 1937 dexteris,
954 1875 984 1925 et
1013 1862 1170 1924 Gratianus

384 1960 487 2032 miles,
503 1962 683 2021 camerarius
707 1960 867 2023 Cardinslis
886 1963 921 2023 de
941 1964 1034 2036 Faxo,
1058 1982 1075 2022 a
1097 1964 1169 2023 sini-

383 2059 468 2135 stris,
482 2070 548 2141 post
563 2061 616 2123 bos
631 2061 754 2124 Romani
768 2073 797 2125 at
817 2064 942 2125 familiae
956 2064 1168 2126 Cardlnalium:

380 2160 432 2221 sed
448 2180 558 2232 omnes,
577 2162 680 2224 ordine
698 2163 848 2243 praedicto
868 2165 935 2227 dato
953 2163 1166 2241 nonobstante,

379 2260 440 2321 sine
460 2262 563 2323 ordine
581 2265 758 2341 equitarunt.

420 2359 502 2422 lovis
519 2361 568 2422 ld.
586 2363 669 2437 maii,
686 2381 739 2444 per
759 2376 875 2444 portam
888 2365 1024 2427 viridarii
1038 2367 1169 2427 intrave-

379 2472 450 2521 runt
469 2462 579 2525 Urbem
601 2461 744 2526 Oratores
776 2465 955 2527 Sereniasimi
981 2467 1168 2547 imperatoris

383 2563 474 2623 nostri
497 2563 673 2626 Gullielmus
695 2550 729 2626 de
750 2565 839 2626 liibra
860 2565 907 2650 (i)
927 2567 1019 2640 miles,
1042 2578 1072 2627 et
1091 2567 1168 2628 Ber·

380 2664 491 2724 nardus
509 2664 544 2725 de
565 2663 750 2727 llumbesteln
779 2662 826 2749 (Ξ)
860 2667 1013 2729 eanonicus
1035 2667 1168 2728 banber-

339 2776 341 2780 ’
378 2764 488 2845 qenais,
502 2763 733 2846 Christopbanus
749 2765 889 2828 &cahier
906 2769 1105 2830 Blitterzanch
1121 2765 1168 2851 (3)

377 2864 480 2926 doctor
502 2875 531 2925 ct
551 2865 643 2940 miles,
664 2868 716 2945 qui
731 2867 791 2929 duo
809 2869 914 2942 ultimi,
936 2871 1003 2930 licet
1024 2888 1075 2949 par
1096 2870 1168 2949 plu·

378 2983 425 3027 res
446 2966 505 3027 dies
524 2966 641 3027 luerent
662 2966 691 3027 in
712 2967 804 3043 Urbe,
826 2969 1010 3031 nibilominus
1031 2989 1066 3031 ac
1087 2972 1110 3030 sl
1132 2970 1167 3032 de

379 3086 459 3131 novo
489 3068 618 3130 venirent
646 3068 764 3130 luerunt
784 3071 938 3141 associati,
960 3071 1057 3133 sedin
1080 3072 1167 3134 tertio

378 3182 406 3231 et
426 3180 532 3249 quarto
541 3170 606 3231 loco
620 3170 752 3230 associati
773 3173 1031 3249 equitarunt,aiios
1042 3172 1114 3232 duos
1132 3173 1167 3233 de

307 3263 309 3268 ’
379 3288 456 3333 novo
476 3272 621 3333 venientes
652 3272 682 3329 in
714 3270 770 3331 hoc
803 3269 1001 3346 honorantasr
1024 3283 1167 3335 venerunt

377 3375 417 3433 eis
436 3372 550 3433 obviam
572 3372 695 3432 lamillae
711 3371 805 3451 Papae
826 3380 865 3433 et'
882 3373 946 3432 titt.
978 3373 1040 3434 Ι)Ι).
1061 3372 1168 3434 Cardi-

367 3474 488 3534 'nalium
500 3474 529 3532 in
543 3471 624 3534 Urbe
637 3472 829 3544 existentium,
841 3486 871 3533 et
886 3472 1027 3534 Oratores
1041 3473 1167 3553 Regum,

377 3586 406 3634 et
437 3573 632 3652 Principum,
653 3571 785 3633 videlicet
812 3571 900 3652 Regis
923 3575 1084 3645 Franciae,
1107 3573 1169 3635 duo

245 3732 247 3735 ,
378 3670 520 3734 Oratores
542 3673 618 3751 regis
637 3671 859 3751 Hispaniarum,
883 3671 1023 3735 Oratores
1039 3684 1167 3751 quatuor

379 3774 459 3855 ragis
476 3772 667 3853 Neapolitani,
679 3770 790 3835 Orator
810 3792 885 3836 unus
903 3774 1166 3849 millensimum,

380 3876 472 3937 Ducis
492 3873 645 3936 Mediolani
667 3891 753 3948 unus,
772 3875 863 3937 Ducis
883 3875 1037 3939 Ferrarius
1054 3874 1166 3938 Orator

383 3996 469 4049 unus,
488 3975 664 4039 blanchlonis
685 3974 820 4039 Mantuae
837 3976 947 4040 Orator
968 3995 1055 4050 unus,
1068 3988 1097 4039 et
1111 3977 1166 4038 at-

379 4079 458 4141 berti
476 4076 565 4138 Ducis
587 4076 727 4138 Barariae
746 4076 859 4140 Orator
880 4097 976 4140 unus:
998 4080 1166 4157 equitarunt

379 4192 476 4240 autern
495 4179 552 4238 hoc
571 4178 681 4237 ordine:
704 4178 739 4238 Ι).
761 4178 933 4240 Gallielmus
955 4180 989 4240 de
1009 4179 1098 4240 Bibra
1120 4180 1167 4239 ln·

378 4290 424 4340 ter
439 4279 671 4341 Gubernatorem
690 4280 779 4343 Urbis
793 4300 810 4340 a
824 4281 959 4353 dexteris,
974 4291 1004 4341 et
1019 4279 1167 4361 archiepi-

380 4398 501 4460 scopum
520 4378 714 4441 Arelatensem
730 4379 1167 4468 asinistris,1).Bernardus(l)

383 4479 460 4539 inter
480 4480 645 4559 episcopum
668 4480 872 4543 Cortonensem
894 4485 1056 4563 praelatum
1078 4483 1165 4543 Poln·

380 4582 415 4641 tii
435 4599 451 4640 a
469 4579 603 4653 dexteris,
623 4589 652 4641 et
667 4582 833 4663 episcopum
855 4582 1074 4646 Namurtansem
1084 4582 1168 4646 Oro·

380 4692 474 4742 torem
496 4681 574 4760 regis
594 4682 758 4757 Francius,
779 4682 815 4743 Ι).
842 4682 988 4746 llobcrtus
1013 4684 1059 4767 (a)
1090 4686 1165 4746 inter

380 4782 549 4863 episcopum
560 4780 769 4843 tornacensem
782 4803 798 4842 a
810 4783 943 4859 dexteris,
957 4796 985 4847 et
1000 4787 1164 4866 episcopum

963 4925 1167 4937 n———o—-n-—n

419 5001 456 5061 (1)
471 4997 498 5047 lu
513 4995 649 5055 vialardo,
663 4998 806 5059 Guglielmo
823 4996 848 5046 dl
865 4996 948 5047 ilibia.

419 5079 456 5137 (2)
473 5076 528 5135 lbi,
544 5075 705 5125 bernardino
721 5076 746 5125 di
763 5076 916 5127 liubeslain.

420 5160 453 5217 (3)
469 5156 521 5213 lbi,
538 5155 647 5205 iliberto
664 5155 721 5205 illes
737 5156 763 5205 di
781 5156 897 5207 Colonia.

420 5238 456 5295 (l)
472 5234 500 5284 ln
516 5235 598 5284 codic.
615 5234 742 5297 scriptum
760 5241 800 5285 est
816 5236 983 5288 liberiordus.

419 5317 456 5374 itt
471 5317 519 5367 llio
537 5316 686 5373 ltobcrtus,
702 5329 754 5366 non
770 5321 847 5367 antea
864 5321 1031 5378 nominatus,
1047 5318 1089 5369 vel
1107 5323 1165 5368 erat

378 5396 501 5447 arbertus
517 5398 593 5455 illes,
609 5399 652 5447 vel
668 5398 1094 5459 Ciu-iatopborussaclrier.Verba
1106 5398 1166 5448 Via·

378 5474 455 5523 lardii
470 5481 530 5526 sunt
548 5477 611 5526 baec
630 5499 639 5517 ·
659 5477 686 5525 li
703 5480 810 5527 cesarei
827 5479 1035 5540 (ambasciatorii
1053 5480 1164 5529 alberto

380 5554 439 5603 lites
457 5554 484 5603 di
501 5554 622 5614 Colonia,
641 5556 782 5618 Guglielmo
799 5558 825 5607 di
842 5558 932 5618 lubia,
952 5559 1113 5610 Beraardino
1138 5559 1164 5608 di

380 5634 524 5687 liubesiain
542 5652 556 5687 e
574 5637 736 5690 Chrisloiauo
760 5640 867 5690 Saobier
883 5645 1025 5694 eutraroao
1047 5645 1072 5692 iu
1089 5656 1165 5706 gran·

379 5714 487 5767 dissime
504 5728 600 5781 pompa
616 5717 732 5770 insieme.
742 5720 787 5781 Op.
803 5721 844 5772 cit.
862 5733 884 5770 c.
900 5721 938 5773 to.

844 594 1130 680 roarurmrus
1150 610 1374 677 runocanru
1396 612 1550 678 ornavi.

1926 614 2028 705 ονο

1244 751 1397 813 Pacensem
1429 752 1558 833 primum
1591 749 1748 815 Oratorem
1771 752 1855 833 regis
1884 753 2026 833 llispm'as

1242 871 1259 911 a
1292 852 1437 925 sinistrisr
1469 852 1568 913 deinde
1600 871 1673 915 unus
1700 853 1852 934 praelatus
1883 854 2027 917 Palatlia

1242 954 1375 1028 dexteris,
1385 964 1414 1015 et
1431 971 1505 1013 unus
1518 951 1629 1015 Orator
1654 954 1770 1034 Regum
1790 955 1840 1018 val
1864 953 2029 1035 Principum

1241 1072 1259 1112 a
1279 1053 1402 1113 sinistris
1421 1071 1513 1132 usque
1530 1054 1566 1113 ad
1578 1051 1734 1116 Oratorem
1749 1053 1938 1118 Marabionls
1952 1056 2032 1119 trao-

1242 1155 1333 1227 tuani,
1353 1155 1403 1233 qui
1423 1154 1565 1233 equitavit
1585 1175 1602 1215 o
1620 1154 1742 1217 dexteris
1760 1155 1898 1235 ejusdem
1920 1158 2031 1220 mebb-

1240 1257 1348 1336 piscopi
1379 1274 1435 1316 non
1456 1255 1602 1329 Palatini,
1622 1267 1652 1319 et
1670 1254 1783 1319 Orator
1808 1257 1896 1318 ducis
1924 1259 2031 1321 Alberti

1240 1368 1304 1435 post
1334 1374 1402 1418 eum
1437 1375 1456 1416 a
1483 1357 1606 1418 dexteris
1640 1355 1766 1438 episcopi
1801 1358 2034 1433 malesuasis,

1240 1456 1308 1536 quia
1324 1474 1381 1517 oon
1402 1468 1485 1519 erant
1502 1457 1625 1538 praelati
1640 1458 1772 1538 palatini;
1794 1469 1866 1539 post
1880 1457 1939 1519 bos
1953 1462 2032 1538 equi·

1239 1567 1338 1618 larunt
1355 1558 1408 1619 alii
1424 1560 1547 1640 praelati
1568 1559 1626 1620 bini
1647 1568 1677 1621 et
1697 1558 1757 1620 bini
1772 1559 1882 1622 ordine
1898 1571 2032 1623 eoumeu

1239 1676 1332 1737 usque
1351 1659 1389 1719 ad
1407 1659 1526 1720 domum
1540 1661 1768 1721 Alamannorum
1779 1670 1870 1722 retro
1892 1659 2033 1741 Campuu

1237 1760 1353 1835 Florae,
1374 1760 1404 1820 in
1424 1778 1482 1839 qua
1496 1761 1659 1841 praedictus
1676 1761 1712 1821 Ι).
1729 1760 1905 1823 Guilelmus
1929 1766 2033 1843 primm

1238 1856 1348 1921 Orator
1367 1859 1530 1940 hospitatus
1553 1873 1596 1922 est
1607 1882 1617 1936 ς
1643 1859 1742 1923 deindo
1767 1864 1902 1941 quisquo
1924 1862 1963 1923 avl
1983 1864 2033 1925 do·

1239 1976 1320 2019 mum
1348 1978 1430 2020 suom
1457 1971 1501 2021 eat
1521 1979 1677 2036 reversus,
1698 1972 1727 2024 et
1750 1964 1846 2036 molet
1879 1965 1956 2042 quia
1983 1976 2031 2027 ete

1238 2058 1321 2120 Venit
1340 2060 1427 2121 etiam
1449 2077 1517 2121 cum
1539 2060 1693 2141 praedietis
1715 2059 1901 2124 Oratoribus
1923 2063 1963 2125 Ι).
1984 2063 2032 2125 ili·

1237 2161 1336 2220 colaus
1354 2160 1503 2234 llosluet‚
1529 2162 1683 2222 canonicus
1698 2161 1906 2236 coloniensis,
1929 2161 1967 2226 Pa
1997 2166 2029 2229 lt.

1236 2261 1451 2341 Arehiepiscopi
1467 2260 1642 2323 coloniensis
1661 2259 1794 2337 Orator,
1811 2261 1865 2325 sad
1880 2282 1946 2326 nou
1965 2266 2030 2342 luit,

1237 2371 1272 2420 ut
1292 2361 1341 2421 alii
1361 2358 1513 2436 Oratores,
1531 2361 1712 2435 honoratus,
1731 2361 1796 2442 ipso
1817 2381 1880 2425 nou
1905 2377 2031 2430 emme

1236 2462 1318 2536 lieri,
1338 2462 1510 2524 duodecima
1524 2460 1627 2540 hujus,
1645 2462 1689 2523 lui
1707 2481 1779 2525 eum
1801 2464 1841 2525 ll.
1864 2466 1906 2525 l).
1929 2468 2030 2530 Cardi-

1236 2566 1299 2626 nale
1321 2563 1353 2624 S.
1375 2564 1467 2624 ilorci
1488 2564 1525 2623 ad
1545 2563 1761 2643 intelligendum
1779 2583 1799 2624 o
1820 2564 1861 2625 lt.
1886 2566 2029 2628 Domina·

1236 2662 1313 2726 tione
1328 2663 1390 2724 Sua
1405 2664 1583 2738 sententiam,
1601 2682 1637 2724 on
1651 2660 1792 2726 Oratores
1808 2668 1932 2747 scripti,
1943 2681 2029 2731 mot

1234 2764 1335 2824 ordina
1355 2773 1492 2825 consueto
1513 2764 1667 2845 recipiendi
1696 2776 1726 2826 ar
1755 2765 1958 2841 bonomudi3
1985 2788 2029 2831 rs·

1237 2866 1304 2924 tulit
1322 2864 1391 2924 mihi
1410 2864 1576 2927 Dominatio
1597 2864 1657 2927 Sus
1669 2865 1706 2925 li.
1720 2885 1751 2928 se
1771 2867 1879 2928 vidisse
1900 2880 2026 2949 tsaspere

1235 2964 1270 3025 ie.
1294 2984 1335 3027 re.
1350 2964 1460 3026 Nicolai
1481 2967 1575 3047 Papae
1590 2964 1703 3040 Quinti,
1719 2985 1786 3027 eum
1802 2967 1958 3031 Sanctitas
1971 2971 2025 3031 Soa

1236 3075 1367 3127 vocasset
1385 3063 1526 3127 Oratores
1545 3065 1664 3127 dominii
1681 3066 1875 3142 Venetorum,
1890 3081 1920 3130 et
1940 3070 2024 3132 Ducis

1235 3166 1453 3229 llcdiolsncnsis
1470 3167 1508 3227 ad
1529 3167 1713 3228 tractandum
1735 3170 1812 3227 inter
1833 3186 1891 3229 eos·
1908 3189 1965 3251 pro
1977 3189 2026 3252 ps·

1235 3287 1290 3340 ee,
1312 3269 1421 3330 misisse
1442 3269 1509 3348 ipsis
1530 3265 1707 3330 Oratoribus
1727 3268 1847 3329 obsiam
1869 3288 1981 3345 suam,
1999 3281 2025 3334 et

1236 3368 1300 3429 itit.
1313 3369 1375 3428 Ι)Ι).
1391 3369 1593 3430 cardinalium
1607 3369 1729 3430 familias
1738 3376 1823 3430 exitu
1834 3370 1953 3433 Urbem
1963 3389 2026 3434 mo·

1236 3491 1269 3533 re
1293 3481 1442 3543 eonsuet03
1464 3469 1597 3532 similiter
1618 3488 1686 3531 eum
1708 3470 1877 3550 praedictus
1899 3472 2025 3534 Pontiiex

1235 3572 1370 3633 Nicolaus
1391 3570 1517 3641 Quintus
1533 3574 1638 3633 iniisset
1663 3572 1766 3634 foedus
1786 3590 1856 3632 cous
1875 3573 2023 3654 atpooars

1235 3674 1350 3736 Siciliae
1369 3674 1449 3753 liege
1465 3675 1501 3734 ad
1522 3674 1621 3735 decem
1641 3691 1746 3747 annos,
1768 3676 1890 3736 vocarit
1910 3673 2025 3736 Sancti-

1235 3786 1278 3835 tas
1300 3774 1361 3836 Sua
1383 3771 1523 3835 Oratores
1542 3785 1741 3855 potentatuum
1761 3775 1862 3838 ltaliae
1887 3795 1946 3857 pro
1960 3777 2025 3855 qui·

1233 3877 1354 3937 busdam
1374 3876 1491 3949 causis;
1513 3876 1617 3955 quibus
1638 3876 1853 3937 advenientibus
1876 3879 1958 3939 misit
1971 3880 2023 3939 ob-

1235 3977 1310 4037 viam
1335 3977 1472 4037 iamiliam
1495 3995 1590 4049 suom,
1611 3987 1640 4037 et
1657 3975 1881 4051 Cardinaliume
1902 3980 1940 4040 ds
1963 3980 2023 4040 aliis

1233 4080 1412 4160 temporibus
1432 4078 1501 4137 dixit
1515 4097 1545 4138 se
1565 4095 1622 4139 non
1645 4079 1806 4139 recordari:
1823 4079 1922 4141 videri
1938 4080 2024 4161 igitur

1233 4182 1303 4253 sibi,
1326 4180 1420 4259 quod,
1436 4197 1504 4240 eum
1521 4179 1651 4242 Pontiiex
1672 4181 1713 4271 sic
1733 4180 1846 4242 lecisset
1866 4199 1928 4261 pro
1946 4180 2023 4243 Ora·

1233 4281 1344 4343 toribus
1365 4281 1548 4360 supradictis,
1562 4290 1592 4342 et
1609 4281 1682 4354 aliis,
1701 4298 1769 4341 cunr
1789 4280 1817 4340 id
1831 4281 2023 4363 equipasetar

1232 4383 1426 4455 obedientiae,
1448 4381 1545 4442 deberi
1566 4381 1633 4461 ipsis
1662 4381 1779 4442 obviam
1800 4384 1895 4458 mitti;
1918 4384 2022 4446 lnaiiis

1232 4495 1329 4543 autem
1350 4482 1486 4555 casibus,
1507 4481 1559 4541 nisi
1580 4499 1634 4561 pro
1654 4481 1813 4543 obedientia
1843 4484 2022 4547 venieastibus

1234 4584 1306 4646 mitti
1326 4602 1383 4645 aon
1405 4582 1502 4647 deberi
1514 4604 1525 4656 ;
1539 4602 1573 4644 ax
1589 4601 1648 4661 quo
1669 4583 1836 4644 ordinatum
1855 4597 1924 4661 est,
1942 4586 2020 4666 quod

1233 4689 1431 4768 reciperentur
1453 4684 1554 4746 ordine
1575 4684 1750 4765 supradicto.

1274 4789 1357 4849 Feris
1370 4798 1487 4865 quarta,
1500 4785 1549 4846 to.
1567 4786 1644 4861 maii,
1666 4785 1762 4866 vigilia
1777 4784 1964 4849 Ascertsionis
1984 4788 2021 4848 Ι).

1233 4885 1268 4949 Ν.
1294 4888 1362 4949 lesu
1392 4887 1501 4948 Christi
1532 4886 1650 4948 luerunt
1680 4905 1816 4967 vesperae
1844 4891 1966 4968 papales
1990 4893 2018 4949 in

1232 4989 1361 5069 cappella
1376 4985 1488 5065 majore
1501 4988 1597 5068 palatii
1609 4989 1764 5069 Apostoliei
1785 4989 1863 5069 apud
1878 4989 2020 5051 Sanctum

1232 5093 1364 5163 Petrum,
1380 5090 1458 5169 Papa
1473 5099 1618 5169 praesente
1638 5101 1666 5152 et
1680 5090 1804 5151 officium
1826 5098 1951 5170 agente,
1973 5092 2023 5151 sai

1232 5209 1300 5255 eum
1321 5191 1487 5253 cardinales
1507 5208 1542 5251 ex
1562 5207 1643 5251 more
1663 5192 1857 5251 reverentiam
1874 5192 2020 5266 iacerent,

1232 5295 1306 5356 lacta
1323 5305 1365 5354 est
1386 5291 1527 5353 contentio
1546 5293 1619 5351 inter
1641 5289 1782 5354 Oratores
1803 5291 1923 5371 Regum
1939 5291 2017 5354 ilea-

1232 5395 1362 5477 politani,
1381 5405 1410 5455 et
1428 5391 1611 5466 scotiarum,
1630 5392 1823 5466 Venetorum,
1845 5392 2015 5466 Mediolani,

1232 5510 1261 5560 et
1280 5496 1407 5557 Dominii
1429 5493 1602 5567 Florentini,
1626 5494 1724 5567 dividi,
1742 5495 1786 5555 vel
1806 5496 1940 5574 separari
1962 5513 2021 5556 non

1232 5597 1346 5670 debere,
1363 5607 1392 5657 et
1414 5594 1555 5658 Oratores
1574 5593 1707 5668 Othonis,
1722 5595 1834 5656 ‚liberti
1846 5608 1874 5657 et
1896 5595 2023 5677 Georgii

1231 5698 1372 5761 bavariae
1392 5696 1532 5773 Meum,
1554 5698 1604 5777 qui
1634 5717 1664 5761 se
1683 5715 1774 5779 snpra
1795 5694 1940 5761 Oratores
1960 5699 2022 5761 Ve-
