4492 6859
290 658 367 857 mi
386 790 565 870 suffitores,
598 790 678 874 qussi
707 791 830 875 trdgnle
860 790 952 875 lpeirrs
977 794 1084 877 puin

291 891 422 976 opposite
466 892 648 969 ostendunt,
690 895 895 975 reperentque
933 897 1084 959 molentem

292 993 394 1057 Sencti
426 993 567 1057 Jobsnnis
597 992 823 1071 laterenensis,
856 994 990 1058 uidelicet
1019 1008 1086 1059 ente

293 1230 347 1281 tins
361 1227 477 1282 lindisse
493 1229 599 1293 peperit
614 1221 742 1294 (Vinium
758 1228 787 1280 iss
801 1225 847 1282 ru.
863 1224 918 1280 ise.
937 1224 1005 1294 vlu)
1019 1226 1086 1279 cer·

294 1305 632 1380 dineietumlobennltilo,
641 1309 764 1373 memsis
780 1322 849 1373 pene
860 1320 954 1372 puero,
963 1306 1088 1359 teudem-

294 1400 347 1451 que
363 1398 494 1438 summurn
512 1383 695 1455 pontlboetum
713 1386 741 1438 ln
757 1400 831 1438 snem
849 1385 975 1438 lsmlllem
990 1385 1087 1446 intulit,

296 1478 350 1529 quo
365 1468 536 1529 posterorum
552 1464 857 1530 principetur-nemetes
872 1467 916 1519 eet
932 1483 956 1514 r·

337 1546 454 1598 lisnuue
471 1558 557 1606 sero,
581 1546 734 1598 testimonio
756 1541 883 1611 nmneldl
905 1546 972 1598 been
997 1542 1088 1606 siliiclt

298 1623 399 1679 verber

339 1724 351 1748 ι
369 1704 537 1754 Innocentius
548 1702 597 1754 beo
613 1713 682 1754 enno
693 1707 804 1754 neturus
824 1700 943 1756 debitum
955 1700 1088 1762 exsolvit,

295 1793 390 1838 mense
406 1786 435 1834 et
449 1782 493 1832 die
509 1783 535 1833 in
551 1781 699 1834 Annslibns
717 1783 848 1834 indicetis.
868 1779 1018 1846 Principem
1035 1782 1089 1845 egit

295 1865 405 1925 mitem,
419 1862 579 1926 benignum,
591 1861 733 1914 bumennm
743 1875 813 1928 quse
825 1865 884 1923 ejus
900 1837 1017 1938 slffntes
1029 1862 1088 1914 len·

297 1945 359 1996 dem
370 1943 441 2007 epud
451 1954 545 1994 omnes
555 1947 770 2007 promeruerunt.
785 1931 1088 2006 successumque

298 2025 397 2076 notbos
413 2021 481 2073 lilios
497 2031 561 2073 sues
579 2024 695 2072 ostentui
713 2022 838 2073 hebuerit
852 2021 1031 2084 extulerltque
1047 2018 1090 2070 ‹ll-

298 2101 443 2166 gnitstlbue
459 2103 488 2154 et
502 2098 620 2161 divitiis,
634 2102 760 2152 inridlsm
776 2100 955 2165 spusennes
970 2100 1090 2152 incurrit.

296 2181 412 2234 Primum
423 2184 539 2234 omnium
548 2180 784 2233 tuissel’ontillcem
795 2182 841 2246 qut
851 2180 1025 2253 notiscsffllos
1035 2193 1089 2231 non

295 2265 387 2321 celere
402 2256 585 2314 tentummodo
601 2262 768 2325 neglexerit,
785 2260 834 2312 seri
850 2265 878 2311 et
897 2261 925 2310 in
942 2261 1027 2310 lucem
1044 2271 1091 2310 eo·

300 2344 406 2407 lemque
418 2342 549 2392 collocare
565 2353 617 2391 non
628 2340 777 2401 erubuerit,
793 2340 845 2393 scr·
879 2347 888 2391 t
900 2340 928 2391 et
937 2340 1089 2391 detestetur

298 2421 415 2484 lispbeel
426 2418 614 2471 volaterrenus
625 2419 696 2482 epud
708 2419 843 2471 Anneliste
884 2419 927 2469 bic
938 2431 964 2469 n.
974 2420 1015 2470 si.
1025 2418 1091 2469 bunt

301 2504 394 2552 umen
408 2499 454 2562 qul
471 2498 539 2550 bene
555 2498 714 2548 etiamtiam
731 2511 746 2548 s
762 2498 837 2549 Sixto
848 2498 982 2564 depellunt
996 2494 1091 2548 delen·

301 2578 396 2630 dentes
411 2577 516 2629 Petrum
528 2576 643 2628 ltisrlum
657 2577 822 2629 Cerdinulem
834 2576 951 2642 ponttilel
968 2575 1030 2628 bulo
1041 2586 1091 2626 ne·

300 2660 392 2721 potem
409 2665 443 2707 ex
455 2666 564 2716 sorore,
579 2667 633 2707 nnn
649 2668 714 2707 sero
725 2656 805 2708 tilium
822 2656 942 2721 spurium
959 2656 1089 2707 extitisse.

301 2734 355 2786 snb
367 2733 520 2785 innocentio
531 2736 633 2797 puriter
643 2730 767 2788 Pontiilce
782 2737 858 2788 sulse
874 2736 980 2788 licentis
996 2734 1094 2784 immo·

191 2867 193 2872 .
300 2816 393 2867 derete
410 2820 488 2866 suste
514 2819 557 2865 cst
583 2815 665 2874 eden,
681 2819 711 2866 ut
737 2814 772 2867 ed
787 2814 923 2880 festigium
947 2814 1012 2867 lllnd
1038 2825 1091 2877 quo

302 2894 412 2947 tendere
429 2893 480 2945 snb
496 2894 648 2945 iissenriro
658 2889 832 2947 Vti‘nntlice
847 2895 957 2960 pertigit
970 2893 1093 2958 proxime

304 2976 461 3026 recesserit.
477 2971 541 3023 Vide
551 2974 673 3037 exemplu
686 2974 756 3037 epnd
771 2973 930 3039 stepbennm
943 2968 1092 3024 inllssnrsm

304 3053 341 3106 sd
356 3054 405 3105 An.
425 3053 496 3103 nillil.
510 3052 537 3102 in
553 3052 605 3103 line
622 3055 692 3104 sunl.
707 3052 760 3104 Seri
776 3067 809 3106 eo
832 3055 892 3118 tpso
907 3054 1010 3117 pariter
1025 3055 1094 3102 tem·

303 3145 370 3197 pore
381 3145 397 3183 e
409 3130 593 3182 cardinalibus
608 3127 715 3195 quidem
727 3131 926 3197 spectabentur,
936 3133 979 3196 uui
991 3141 1093 3183 sacrem

305 3212 460 3275 dignitetsru
473 3211 569 3275 insigni
580 3210 720 3276 probitatis
732 3215 855 3278 exemplo
866 3206 1095 3264 commendabunt.

305 3292 373 3343 Auis
394 3290 527 3341 blennlnm
549 3290 619 3343 enlm
637 3288 741 3342 obicret
762 3292 867 3343 Murcus
882 3288 983 3343 lterum
999 3288 1095 3340 cerdi-

305 3371 374 3423 nslis
389 3371 414 3421 s.
428 3367 525 3426 lierol,
541 3369 718 3433 Aquileiensis
733 3368 900 3434 pstrierelse,
914 3379 992 3434 quem
1004 3371 1095 3420 tsntse

176 3485 181 3498 .
233 3449 243 3464 ⁴
308 3449 450 3514 probiletis
466 3450 553 3498 elrum
571 3448 652 3499 tuine
668 3450 784 3500 testetur
798 3448 944 3513 ileugerius
960 3447 987 3499 ln
1012 3448 1098 3500 bisto-

307 3530 347 3656 τις
358 3526 456 3655 ιιξίιιοιι
468 3525 502 3576 erl
513 3526 582 3576 bunc
593 3534 700 3586 sunum,
711 3529 740 3577 ut
751 3527 879 3590 pecunlee
891 3538 960 3591 pene
975 3524 1096 3590 indigens

310 3607 371 3658 oie
397 3609 416 3655 t.

350 3684 392 3737 Ad
407 3685 585 3736 innocentium
600 3691 667 3734 sero
692 3687 722 3734 nt
737 3679 933 3749 regrediemur,
957 3681 1097 3747 iniquiorts

309 3764 384 3817 illum
401 3763 481 3814 enimi
497 3764 524 3814 ln
539 3762 691 3814 lienueuses
707 3772 771 3814 suos
787 3768 893 3815 eccnset
909 3760 1017 3827 lilesrus
1034 3762 1096 3813 bist.

201 3891 205 3900 ,
309 3844 444 3896 Genusus.
457 3841 503 3892 tib.
520 3841 558 3893 it.
575 3840 605 3893 ιιι
620 3852 685 3892 vero
697 3839 766 3893 unde
784 3844 918 3907 acceperit
929 3840 1097 3905 scriptorblc

311 3923 346 3975 sb
362 3925 449 3973 setets
459 3920 505 3971 ille
516 3926 635 3972 semotus
644 3921 767 3984 ignorsre
778 3934 808 3973 se
823 3921 963 3986 prolitetur
973 3921 1098 3971 otdoinns

309 4000 336 4051 ln
353 3999 480 4051 edditlon·
498 3995 533 4050 sd
547 3997 707 4050 Cleconium.
722 3995 817 4051 Verum
832 3996 925 4051 liissro
940 3998 1098 4063 suilregetur

313 4078 532 4133 Bnrtbolomesus
554 4077 685 4144 meregs
708 4082 814 4145 quires
835 4080 1014 4134 Genuensium
1029 4080 1099 4130 illiue

314 4163 410 4212 setstls
422 4164 485 4211 tunc
495 4154 631 4211 scribebas
641 4160 747 4219 (ilerum
760 4159 816 4210 ltel.
827 4164 890 4210 tom.
900 4152 1000 4220 xxiv.)
1013 4156 1059 4222 qni
1071 4160 1099 4207 et

310 4240 393 4291 tredit
410 4251 439 4290 se
454 4237 553 4291 llomse
569 4242 690 4302 egentem
705 4237 812 4300 publice
829 4238 943 4302 quedem
966 4237 1001 4289 (ιο
1016 4248 1098 4287 cenes

308 4322 450 4382 expertum
472 4318 628 4381 cognovisse
653 4331 710 4368 rem
729 4316 828 4368 bebere
848 4330 879 4367 ss
898 4326 959 4367 cum
976 4314 1098 4368 Pontinos

311 4399 337 4447 in
353 4393 520 4448 florentinos
536 4396 642 4459 quidem
653 4397 806 4459 plurimum,
821 4407 916 4459 perum
928 4409 994 4447 rero
1010 4397 1037 4446 ln
1049 4398 1099 4447 Ge·

312 4485 428 4525 nuensee
444 4485 588 4537 propenso.

352 4552 464 4615 Scripsit
480 4557 589 4615 prseter
600 4552 727 4616 epistolss
743 4550 912 4604 indiversus
928 4564 995 4616 quse
1006 4551 1034 4603 lu
1049 4565 1100 4603 so·

311 4628 400 4682 iumen
415 4630 541 4681 collectes
558 4630 584 4680 in
600 4624 795 4682 vindobonensi
812 4629 973 4681 bibliothece
995 4632 1099 4682 serreri

311 4706 471 4761 Posserinne
487 4708 617 4768 stilrmet,
638 4709 750 4773 ilegnles
773 4705 901 4773 quendem
923 4723 990 4773 quse
1015 4712 1042 4760 in
1057 4708 1100 4762 bi·

311 4783 444 4839 bliotbece
469 4788 678 4840 Coelestlnoeum
702 4787 924 4840 Arenionensiuro
949 4789 1049 4840 vidisse
1068 4800 1099 4839 so

312 4863 462 4919 budovioue
476 4864 592 4919 incolens
608 4877 624 4917 ι
638 4864 664 4917 8.
678 4862 773 4918 Cerolo
789 4868 814 4918 in
831 4862 992 4918 bibliothece
1011 4866 1102 4917 Ponti·

311 4947 369 4997 tois
385 4950 508 4998 testetur.
520 4945 673 4996 innocentio
689 4955 830 4997 successor
841 4945 919 4996 dutus
931 4949 972 4996 est
983 4944 1100 4995 Alexan·

312 5025 402 5077 dervi
415 5044 437 5073 ι.
453 5024 543 5075 Milesi

354 5101 471 5153 Tandem
488 5102 520 5153 rie
537 5103 661 5152 memorie
679 5101 705 5153 in
720 5100 850 5153 i‘ontillcis
867 5105 1036 5153 monumento
1056 5101 1100 5153 in·

312 5184 424 5246 scripte,
440 5183 507 5233 bueo
521 5179 626 5232 visuris.

355 5280 367 5304 ι
401 5258 598 5310 L'insorieione
624 5259 772 5323 sepolcrsle
796 5256 839 5309 ‹iei
864 5254 993 5310 Pontefloe
1017 5256 1099 5308 inno·

312 5352 396 5389 censo
415 5337 477 5389 tilii.
494 5339 571 5389 siene
587 5338 716 5400 riportnts
732 5338 776 5388 del
791 5337 922 5388 Cleocone
938 5336 1007 5388 Vites
1022 5334 1045 5388 st
1055 5333 1100 5387 lies

311 5417 399 5469 unus
417 5418 568 5481 Pontificum
590 5413 824 5468 Bencennensis.
842 5420 904 5468 tom.
925 5414 965 5468 ill.
989 5430 1012 5465 c.
1038 5418 1100 5475 100,

309 5496 371 5547 dell'
382 5497 486 5548 oidolnl
499 5496 654 5549 Alienorum
669 5496 810 5549 mser
826 5501 870 5548 etc.
887 5509 915 5559 p.
931 5498 985 5551 ses.
995 5496 1039 5548 del
1049 5496 1101 5547 llo·

311 5578 390 5624 nenni
406 5576 569 5626 Nomunntn
583 5575 750 5627 memorum
763 5576 915 5638 Pontificum
936 5575 1032 5638 Templi
1051 5575 1100 5625 Vn-

311 5653 392 5704 ticnni
407 5653 543 5704 encrensi
558 5654 699 5706 indiscretio
711 5659 758 5707 stc.
774 5668 801 5718 p.
815 5658 854 5707 so.
871 5656 915 5707 (ιιι
935 5656 1029 5707 venuti
1043 5655 1101 5706 Νι(-

313 5733 433 5783 ιιιιιιιιιιιιι
449 5732 622 5800 limorum
640 5736 790 5800 nominee
808 5739 855 5789 ele.
875 5747 902 5800 ρ.
917 5736 958 5789 93.
975 5737 1041 5795 eius
1059 5748 1100 5785 me

768 652 1059 724 suumtcewe
1078 653 1307 726 UROOENTH
1326 655 1480 768 OCTAVl.

1833 660 1939 746 (riou

1153 795 1299 860 uibumsr
1308 797 1410 861 reieci
1421 808 1513 862 ntum
1529 804 1637 860 tectum
1652 793 1700 881 (l)
1714 802 1745 861 et
1758 793 1799 861 itt
1816 816 1939 882 prespe-

1154 898 1232 961 rusit
1241 897 1313 959 (iuss
1324 917 1440 978 grossus
1454 899 1604 960 columnus
1620 916 1688 960 cum
1703 897 1848 978 lepidibns
1860 918 1936 961 mer·

1155 996 1262 1058 iunceis
1281 1015 1335 1077 pro
1355 997 1483 1060 ineundo
1497 998 1534 1057 ibi
1546 1016 1636 1071 eren,
1654 997 1722 1077 qul,
1738 1011 1837 1060 morte
1858 1019 1940 1080 pree·

1157 1109 1268 1173 ventus,
1289 1116 1346 1159 uon
1366 1097 1425 1159 init
1440 1098 1595 1177 perlectus.
1618 1097 1758 1160 Praebuit
1779 1098 1871 1160 etiem
1889 1119 1940 1162 eu·

1154 1199 1253 1262 xillum
1275 1202 1304 1262 in
1318 1199 1532 1263 constructione
1547 1201 1683 1263 ecclesius
1695 1199 1823 1263 Senctse
1836 1200 1940 1264 illenim

1155 1301 1184 1361 in
1209 1301 1255 1360 vie
1270 1298 1352 1374 Lete,
1374 1310 1408 1362 ut
1428 1319 1517 1381 eupru
1538 1301 1604 1361 oiri.
1624 1300 1663 1362 Et
1684 1304 1863 1383 plerumque
1888 1302 1939 1363 ibet

1154 1402 1309 1481 spetietum
1327 1402 1364 1463 ed
1378 1402 1482 1464 villum
1504 1401 1676 1464 ltnnlienem
1698 1414 1727 1464 et
1750 1403 1880 1464 multum
1898 1403 1939 1463 li-

1154 1500 1225 1565 lexlt
1244 1500 1318 1566 ilios
1335 1514 1365 1565 et
1385 1498 1458 1566 filins
1477 1494 1562 1583 ejus,
1585 1504 1655 1568 edeo
1688 1516 1721 1566 ut
1742 1503 1939 1580 dubitaretur,

1155 1620 1191 1666 ne
1208 1600 1273 1682 eius
1303 1604 1473 1668 theseirrurn
1506 1625 1562 1688 pro
1588 1602 1656 1668 liliis
1686 1617 1714 1670 el
1748 1604 1865 1667 lillebus
1892 1605 1940 1667 de·

1154 1700 1233 1766 derit
1252 1702 1311 1790 (ι).

1197 1803 1308 1868 Eodem
1329 1804 1375 1869 (iis
1392 1802 1444 1867 80.
1464 1802 1603 1886 eugustl,
1621 1805 1756 1887 epperuit
1778 1806 1897 1887 signum
1919 1805 1943 1867 lo

1157 1905 1239 1968 creto
1258 1917 1325 1969 ente
1346 1905 1448 1969 horem
1470 1909 1633 1969 tertiarum.
1654 1906 1726 1968 llum
1751 1909 1806 1969 visi
1828 1908 1942 1971 luerurt

1159 2004 1189 2068 ln
1207 2006 1290 2069 coelo
1305 2007 1335 2068 in
1346 1996 1466 2071 Oriente
1484 2018 1543 2069 tres
1555 2004 1637 2070 Soles
1653 2010 1742 2091 empli
1756 2020 1786 2071 et
1797 2007 1946 2071 clarissimi

1156 2117 1187 2169 et
1206 2106 1277 2170 bene
1297 2108 1461 2189 fulgentes,
1480 2120 1510 2172 et
1532 2110 1588 2170 risi
1608 2110 1728 2173 luerunt
1750 2129 1769 2170 e
1790 2111 1894 2172 mullis
1918 2122 1944 2173 et

1158 2207 1301 2283 diversis,
1320 2209 1371 2289 qui
1394 2209 1508 2272 iverunt
1528 2209 1566 2270 nd
1592 2209 1760 2274 videndum.
1780 2208 1825 2272 Et
1845 2208 1947 2273 Ceril'n

1159 2310 1237 2372 unlus
1263 2310 1403 2371 instrentee
1429 2309 1458 2371 in
1487 2310 1626 2374 concisse
1646 2322 1791 2375 steterunt
1813 2314 1843 2371 ln
1864 2311 1946 2373 ecelis

1160 2408 1260 2470 sensu
1284 2406 1373 2472 Petri.
1395 2408 1435 2471 lis
1460 2410 1516 2473 boc
1537 2410 1694 2472 eflirnnevit
1713 2412 1862 2472 Antonius
1886 2412 1948 2492 epi·

1159 2528 1265 2592 scopus
1290 2510 1459 2591 Agriesuis,
1478 2522 1509 2574 et
1533 2511 1681 2573 lilerienus
1710 2513 1877 2575 Bussenius
1894 2556 1904 2586 ,
1923 2526 1948 2576 et

1160 2612 1243 2672 inulti
1269 2610 1345 2685 eiii,
1372 2612 1423 2690 qni
1445 2611 1501 2673 boe
1532 2612 1689 2688 viderunt,
1710 2624 1740 2677 et
1761 2624 1950 2677 asseruerunt

1162 2711 1263 2773 vidisse
1283 2710 1339 2773 hoc
1357 2722 1385 2773 et
1406 2712 1544 2774 Dominus
1564 2714 1755 2790 Cerdineies,
1774 2717 1828 2795 qui
1850 2735 1950 2777 escen·

1160 2810 1264 2872 ‹lebent
1283 2811 1389 2872 dictem
1410 2813 1572 2889 reelmlnm,
1588 2814 1666 2893 quoti
1679 2816 1795 2895 signum
1813 2818 1843 2876 in
1872 2817 1949 2878 eonio

1161 2913 1318 2972 musinium
1337 2922 1389 2973 est.
1404 2910 1444 2973 Et
1463 2912 1572 2974 utinum
1594 2931 1651 2976 nou
1672 2916 1709 2976 sit
1729 2918 1948 2997 prognosticum

1161 3008 1287 3090 ullelsjus
1306 3014 1403 3093 megni
1421 3014 1490 3075 meli
1508 3013 1619 3077 iuturli
1633 3015 1704 3077 lteru
1719 3028 1805 3079 uncte
1822 3018 1946 3095 seqnuui

1163 3125 1314 3195 postquem
1335 3112 1502 3176 urrunnu
1522 3116 1706 3177 intruserunt
1723 3116 1882 3190 concinne,
1898 3115 1948 3177 rio·

1163 3216 1273 3278 suestiei
1304 3214 1465 3278 Cerdinelis
1497 3213 1597 3277 Snncti
1625 3215 1705 3279 Petri
1737 3214 1775 3275 nn
1810 3216 1948 3290 viuculo,

1164 3314 1346 3392 Cemererll,
1367 3325 1397 3379 et
1422 3315 1561 3378 Souliierl
1585 3316 1833 3392 affirmeseruut,
1854 3316 1950 3379 vicine

1165 3604 1199 3657 tle
1215 3607 1276 3656 tntti
1291 3604 1307 3656 e
1323 3609 1391 3656 ststs
1409 3606 1514 3669 copists
1530 3619 1581 3657 con
1604 3619 1670 3671 pnes
1692 3611 1838 3659 usettesee.
1862 3607 1909 3661 lini
1927 3608 1947 3656 le

1165 3684 1252 3736 diemo
1268 3697 1344 3737 come
1360 3688 1382 3737 si
1399 3688 1476 3736 trove
1495 3704 1516 3732 ι.

1497 3837 1526 3884 li.
1542 3835 1573 3886 0.
1588 3832 1621 3887 il.

1261 3996 1432 4043 runocssrro
1448 4009 1455 4023 ·
1472 3999 1525 4043 (((ι
1541 4006 1547 4019 ·
1565 4001 1637 4043 cunc
1653 4006 1659 4021 ·
1678 3998 1758 4043 sons.
1776 4006 1783 4023 ·
1801 3998 1868 4044 uss.

1266 4097 1419 4138 rusurens-
1436 4090 1515 4138 escis
1531 4104 1538 4117 ·
1557 4091 1704 4138 eseesrun
1721 4105 1727 4117 ·
1745 4099 1865 4141 cosroes

1207 4187 1277 4233 sorr
1294 4196 1301 4210 ·
1319 4189 1405 4231 neers
1421 4196 1427 4210 ·
1446 4190 1499 4232 suo
1514 4195 1520 4210 ·
1537 4186 1634 4232 esto·
1654 4189 1771 4235 insnum
1790 4202 1796 4213 ·
1815 4195 1915 4237 neonis

1170 4289 1235 4331 secr
1250 4283 1461 4330 ursesnrsnurs
1475 4294 1480 4305 ·
1492 4286 1640 4331 eusrnsrcr
1659 4294 1665 4309 ·
1682 4290 1808 4332 nonense.
1822 4286 1949 4332 rusnsrrn

1241 4385 1340 4426 cuncis
1356 4390 1362 4404 ·
1381 4382 1576 4427 sscsossuruu
1592 4390 1598 4402 ·
1615 4380 1743 4428 eremus
1759 4394 1766 4408 ·
1783 4388 1886 4430 rrruso

1241 4479 1350 4524 seneen
1368 4488 1374 4501 ·
1392 4483 1467 4533 poss
1482 4488 1488 4503 ·
1505 4482 1616 4525 cusrsrr
1632 4489 1639 4504 ·
1656 4483 1780 4529 usuris·
1801 4484 1886 4528 sirus

1170 4581 1197 4621 s.
1214 4576 1355 4621 nnruzsrs
1370 4586 1377 4600 ·
1393 4578 1546 4621 rutenensi
1561 4585 1568 4598 ·
1585 4569 1716 4622 ruentum
1734 4589 1740 4600 ·
1758 4581 1835 4623 nono
1852 4588 1858 4600 ·
1876 4581 1950 4622 essse

1417 4672 1565 4718 serssuurs
1583 4682 1589 4695 ·
1607 4675 1709 4720 sueretu

1273 4768 1491 4815 uoseusnrurs·
1511 4773 1550 4813 n·
1569 4770 1703 4816 uersur-
1724 4776 1851 4820 sessuros

1426 4860 1482 4908 nic
1501 4873 1508 4886 ·
1524 4864 1707 4911 ressesrcnrs

1331 4964 1487 5005 itsssseus
1504 4968 1511 4984 ·
1526 4963 1621 5005 erno·
1641 4962 1805 5007 usserius

1420 5053 1555 5101 senseris
1574 5084 1580 5097 .
1597 5057 1708 5103 tiresus

1184 5149 1353 5196 suentisium
1376 5152 1452 5195 ·no¹
1471 5158 1477 5173 ·
1494 5151 1643 5198 uinculo·
1661 5153 1847 5200 censueris·
1868 5155 1901 5200 se
1918 5166 1922 5175 ·
1940 5157 1953 5197 n

1491 5246 1639 5296 sensuros

1170 5350 1326 5392 oennnrus·
1341 5344 1517 5399 recusurnenr
1536 5354 1542 5369 ·
1562 5345 1680 5393 posuer·
1699 5350 1823 5394 ennon.
1842 5349 1955 5394 uncum.

1212 5496 1249 5553 (ιι
1264 5491 1323 5544 Visis
1337 5492 1459 5542 ndsolotn
1472 5502 1532 5555 pop.
1546 5494 1600 5543 ιιι.

1209 5574 1246 5635 (ι)
1263 5570 1299 5621 lie
1316 5572 1396 5620 nimio
1413 5571 1439 5620 in
1455 5569 1523 5621 ulios
1535 5583 1636 5630 umore,
1652 5575 1678 5622 et
1690 5570 1724 5622 de
1745 5572 1880 5625 tbessuris
1898 5575 1956 5636 ipsis

1172 5651 1278 5704 donetis
1293 5664 1345 5702 non
1363 5650 1460 5713 injurie
1475 5650 1594 5701 Ponttlox
1611 5650 1661 5701 luit
1677 5659 1819 5706 socusstns
1836 5659 1866 5706 nt
1878 5666 1911 5705 cx
1923 5656 1957 5702 te·

1171 5730 1303 5785 sumentis
1320 5744 1336 5781 s
1351 5729 1488 5795 lispnelrlo
1505 5730 1590 5784 siletis
1603 5732 1743 5783 evincitur.
