4492 6859
296 658 409 750 (inq

298 819 327 867 et
347 807 469 884 signent,
487 800 635 880 quibusvis
653 797 791 861 innodetis
802 796 907 860 neuris
923 796 951 856 in
966 804 1085 856 coutra-

297 908 377 966 rium
396 900 566 963 facientibus
587 917 645 961 nnn
665 899 845 962 obstantibus
864 907 921 957 etc.

342 1007 425 1075 item,
445 1013 528 1063 motu
548 1001 649 1074 simili,
666 1000 778 1061 dilectis
805 998 869 1059 titiis
889 996 966 1057 sacri
987 995 1086 1074 palatii

300 1105 451 1186 apostolici
468 1118 645 1173 causarum,
667 1110 697 1160 et
716 1100 780 1160 aliis
800 1095 948 1176 quibusvis
974 1094 1087 1156 Rorna-

297 1223 351 1266 nae
371 1203 478 1265 Curiae
498 1201 619 1262 notnriis
645 1199 700 1259 sub
721 1194 993 1261 excomunicationis
1012 1194 1087 1255 latae

295 1305 449 1367 sententiae
469 1321 560 1383 poena
578 1300 758 1372 mandamus,
773 1307 914 1375 qnatenus
931 1312 1041 1367 omnes,
1058 1304 1088 1355 et

295 1406 424 1486 singulas
444 1422 547 1465 causas
567 1400 756 1472 beneficiales,
778 1397 889 1469 civiles,
910 1394 1087 1476 propbsnas,

296 1505 487 1578 criminales,
507 1514 537 1564 et
565 1502 687 1573 mixtas,
707 1516 779 1577 qnas
799 1495 868 1557 dicti
895 1492 1088 1558 conclavistae

295 1618 426 1688 tempore
452 1600 641 1666 Pontificatns
667 1597 759 1660 nostri
780 1597 811 1657 in
837 1595 968 1656 Romana
997 1593 1088 1657 Curia

295 1724 398 1768 coram
413 1702 561 1783 quibusvis
572 1698 731 1779 judicibus,
748 1695 962 1770 commissarlis,
976 1705 1006 1756 et
1019 1693 1089 1755 dicti

257 1856 259 1858 .
295 1807 395 1885 palatii
414 1820 567 1866 cansarum
588 1799 770 1861 auditoribus
790 1796 995 1869 habebunt,ac
1016 1812 1088 1873 quas

295 1908 351 1987 ipsi
370 1905 449 1977 aliis,
471 1915 500 1965 ιι
520 1902 569 1962 alii
590 1901 658 1981 ipsis
679 1896 872 1971 mandabunt,
891 1895 996 1959 eudem
1015 1914 1090 1957 con·

296 2006 423 2068 clavistis
444 2005 538 2082 gratis
558 2012 588 2063 et
608 1998 838 2062 extraordinarie
858 1996 948 2070 dent,
972 2007 1002 2057 et
1022 2006 1090 2057 tan·

298 2122 387 2186 qnam
409 2103 444 2166 de
473 2099 711 2166 extraordinariis
732 2100 846 2171 causis,
867 2108 897 2159 et
921 2115 979 2158 non
999 2096 1089 2175 alias,

296 2215 466 2267 consuetum
481 2203 519 2264 ab
534 2203 604 2282 ipsis
617 2200 761 2281 accipiant
775 2199 1019 2272 emolumentum3
1033 2216 1090 2259 nn·

296 2304 378 2366 tariis
399 2321 516 2382 quoque
536 2301 683 2364 Romanae
703 2298 810 2363 Curiae
830 2297 917 2360 simili
933 2297 1019 2359 modo
1034 2297 1089 2357 sub

295 2405 395 2468 eadam
416 2422 508 2484 poena
530 2400 716 2473 mandamus,
736 2409 877 2477 qnatenus
898 2415 953 2477 pro
973 2397 1089 2459 citatio·

295 2524 388 2577 num,
408 2514 649 2581 sequestrorum,
665 2513 695 2561 et
715 2497 953 2562 executorialium
976 2498 1089 2570 literis,

298 2606 574 2685 oeconomumque,
601 2614 631 2664 ιι
656 2600 873 2681 provisionum,
889 2609 919 2659 et
939 2596 1090 2675 quibusvis

295 2708 361 2766 aliis
385 2703 605 2774 instrumentis,
630 2698 813 2781 processibus
839 2708 869 2760 et
895 2696 987 2758 literis
1016 2695 1089 2756 nibll

296 2807 422 2887 amplius
435 2804 565 2884 exigant,
585 2803 631 2863 vel
653 2801 808 2880 recipiant:
826 2817 882 2861 non
903 2798 1026 2860 obstant.
1041 2797 1088 2859 lei.

297 2925 357 2967 rec.
379 2905 453 2966 sint
466 2904 560 2984 Papae
580 2903 619 2965 tv
640 2900 866 2983 praedecessoris
885 2900 976 2961 nostri
994 2899 1090 2960 dicto·

297 3025 366 3067 rum
398 3007 561 3067 officiorum
593 3003 767 3075 erectionis,
787 3013 818 3063 et
843 3000 1041 3072 reductionis,
1060 3010 1090 3060 et

297 3106 447 3185 quibusvis
462 3105 552 3166 literis
572 3103 736 3183 apostolicis
756 3102 916 3179 ceterisque
935 3100 1090 3162 sonu-ariis

296 3205 530 3286 quibuscumque
549 3215 605 3267 etc.
626 3204 693 3264 Fiat
714 3215 795 3263 motu
815 3202 937 3282 proprio
952 3233 1000 3259 -.

341 3306 426 3367 —Et
437 3304 514 3385 quod
523 3323 610 3384 super
623 3303 885 3383 prntbonotariatu‚
897 3318 952 3382 pro
963 3298 1092 3378 quolibet

296 3406 488 3488 expediendo,
520 3424 575 3486 pro
596 3404 823 3485 compositione,
844 3421 894 3464 seu
916 3401 987 3461 alias
1017 3398 1090 3461 nibil

297 3508 448 3587 exigatur,
470 3507 515 3567 vel
538 3505 728 3585 reperiatur3
748 3514 778 3564 ιι
805 3522 874 3564 cum
894 3502 1092 3565 reservatione

297 3609 427 3669 duorum
448 3607 610 3667 officiorum
631 3606 831 3685 scriptorum,
852 3616 886 3666 ut
906 3603 1089 3685 praefertur3

298 3719 327 3771 et
349 3707 383 3768 de
402 3707 581 3786 expectativa
601 3705 638 3765 nd
660 3717 720 3765 tres
734 3705 902 3766 collationes
921 3715 951 3765 et
971 3702 1090 3765 totidem

298 3806 436 3871 beneficia
447 3828 458 3881 3
480 3818 510 3867 ιι
530 3807 567 3866 ad
596 3808 782 3868 canonicatus
802 3817 831 3867 ιι
856 3802 1032 3886 praebendas
1061 3803 1090 3863 in

297 3908 513 3971 cathedralibus
544 3907 629 3968 stiam
650 3908 878 3986 metropolitanis
897 3906 1024 3967 eeclesiis
1030 3926 1041 3978 3
1063 3916 1092 3966 et

298 4010 336 4069 nd
357 4008 511 4069 secundnm
533 4017 560 4066 et
582 4006 698 4066 tertiam
721 4004 912 4085 praebendam
938 4005 966 4065 in
986 4003 1092 4065 eisdem

296 4107 508 4170 nonobstante
529 4105 654 4183 regula3
676 4116 705 4166 et
726 4105 762 4165 ad
784 4106 936 4186 dignitates
957 4117 1033 4180 ιιι,
1063 4108 1092 4168 in

297 4209 427 4279 eisdem,
448 4219 477 4269 ιι
495 4204 652 4284 collegiatis
671 4207 798 4268 ecclesiis
808 4229 819 4280 3
834 4216 864 4267 et
883 4206 1020 4268 etiamad
1037 4225 1093 4287 ge-

298 4311 449 4381 neraliter,
462 4328 498 4370 ex
513 4307 616 4385 quavis
632 4324 730 4381 causa,
741 4308 826 4368 etiam
838 4308 867 4368 in
880 4328 1005 4390 corpore
1016 4308 1094 4388 juris

298 4413 409 4482 clausa,
422 4420 586 4481 reservata3
598 4418 627 4468 et
648 4425 716 4468 cum
738 4410 920 4472 concessione
934 4422 963 4472 et
977 4411 1094 4475 decreto

298 4507 588 4592 praerogativarum,
609 4518 644 4568 ιιι
670 4506 856 4588 praefertur:
875 4528 932 4570 nou
951 4510 1096 4573 obstanti·

301 4614 356 4672 bus
378 4611 560 4692 privilegiis,
583 4608 840 4685 nominationibus,
860 4612 1006 4691 primariis
1023 4634 1095 4695 pre·

300 4713 383 4774 cibus
398 4724 466 4783 etc,
478 4730 546 4773 cum
565 4729 669 4772 eortsm
690 4712 819 4772 omnium
837 4713 991 4774 sufficienti
1008 4714 1097 4778 dero·

297 4814 425 4893 gatione,
441 4814 543 4892 regula
558 4830 647 4892 super
662 4812 796 4873 idiomate
802 4835 814 4887 3
828 4825 858 4874 et
874 4832 943 4875 cum
960 4821 1098 4878 reserva·

301 4916 377 4975 tione
392 4914 521 4975 omniunt
540 4911 748 4975 beneficiorum
762 4916 944 4990 vacantium,
962 4928 991 4979 et
1007 4937 1097 4979 enca-

301 5027 463 5088 turorum,
494 5026 523 5075 et
554 5033 630 5093 qnae
662 5033 715 5094 per
745 5017 956 5096 promotionem
990 5039 1102 5097 vacare

300 5127 467 5199 sperantur,
479 5116 619 5194 usquead
631 5118 858 5192 coronationem,
869 5129 903 5179 ut
918 5121 1095 5199 praelector.

300 5218 341 5280 m
357 5218 578 5296 quodomnium
592 5228 622 5277 et
642 5218 827 5298 singulorum
849 5220 1095 5285 conclavistarnm

301 5318 520 5399 praedictorum
533 5315 664 5379 istnntiao
685 5318 849 5382 habeantur
868 5339 924 5399 pro
944 5326 1094 5402 expressis.

302 5419 343 5479 tit
354 5431 423 5480 cum
435 5419 614 5480 absolutione
631 5437 648 5477 a
670 5421 799 5481 revisuris
814 5420 851 5480 ad
863 5422 996 5483 effectum
1006 5443 1095 5505 prse-

302 5520 441 5591 sentium,
457 5538 524 5582 cum
545 5521 691 5594 omnibus,
710 5532 739 5581 et
758 5521 795 5583 de
814 5525 909 5584 causis
929 5526 1096 5587 extraordi-

304 5621 405 5695 trariis,
414 5633 443 5682 ιι
464 5621 565 5695 literis,
576 5622 785 5696 instrumentis,
796 5642 830 5684 ac
847 5626 1029 5705 processibus
1041 5646 1094 5708 per

304 5725 433 5786 notarios
453 5723 555 5788 Palatii
575 5738 604 5788 et
624 5724 770 5788 Ronssnse
787 5723 895 5788 Carine
913 5727 975 5792 sine
996 5728 1093 5809 eliqua

753 654 1039 721 PONTlFleTUS
1060 650 1284 720 innocentii
1306 652 1459 721 00'l'bVl.
1899 666 1940 729 tr

1155 793 1297 855 solutione
1316 794 1427 870 dandis,
1448 809 1480 858 nt
1501 798 1678 879 praeiertnr3
1700 813 1729 864 et
1747 803 1824 881 qnod
1844 803 1944 866 literae

1155 912 1241 975 super
1263 897 1455 961 reservatione
1473 899 1674 973 donationum,
1694 903 1796 983 gratiis
1820 916 1848 965 et
1873 906 1944 983 qni·

1153 995 1334 1076 buscumque
1360 998 1615 1079 dispositionibus,
1641 1021 1677 1063 nc
1702 1004 1852 1082 quibusvis
1880 1004 1945 1065 aliis

1154 1098 1278 1175 gratiis,
1302 1098 1565 1177 impetrationibus,
1589 1112 1620 1163 ιι
1646 1102 1858 1182 provisionibus
1886 1115 1943 1165 etc.

1156 1198 1257 1275 gratis,
1279 1197 1385 1275 ubique
1406 1197 1435 1257 in
1455 1199 1588 1261 omnibns
1609 1201 1708 1262 ciliciis
1729 1202 1816 1263 etiam
1837 1204 1947 1266 ansre-

1157 1299 1302 1359 vistornm
1322 1296 1530 1377 expediantur,
1552 1311 1586 1361 ut
1609 1301 1775 1382 praelertnr
1786 1325 1797 1378 3
1816 1314 1846 1365 ιι
1866 1302 1944 1382 qnod
1977 1277 1986 1298 ’

1155 1397 1337 1476 singulorum
1359 1399 1567 1475 cognominum
1581 1444 1591 1473 ,
1606 1399 1738 1473 dioeces,
1766 1403 1898 1481 qualitat.
1916 1413 1944 1462 et

1156 1497 1303 1577 graduum
1319 1497 1461 1577 expressio
1472 1495 1535 1560 lieri
1554 1502 1652 1580 possit,
1666 1512 1699 1562 et·
1710 1500 1745 1562 de
1759 1502 1890 1563 omuibus
1905 1503 1949 1562 si·

1157 1597 1218 1658 mul
1239 1616 1294 1678 pro
1314 1596 1447 1658 omnibus
1458 1640 1468 1672 ,
1489 1609 1523 1659 ut
1543 1599 1731 1678 praesertur3
1754 1612 1784 1663 ιι
1809 1600 1887 1679 qnod
1907 1601 1950 1662 ll·

1157 1707 1236 1758 terae
1270 1715 1358 1777 super
1388 1696 1511 1774 singulis
1536 1699 1582 1759 rel
1613 1698 1746 1760 omnibns
1777 1701 1863 1762 simul
1892 1718 1948 1781 pro

1156 1796 1304 1868 omnibns,
1319 1797 1365 1858 rel
1380 1796 1508 1873 quolibet
1526 1817 1580 1878 pro
1594 1817 1636 1871 se,
1647 1800 1676 1859 ln
1696 1798 1800 1879 quibus
1814 1800 1949 1861 omnibus

1158 1894 1253 1974 major
1283 1908 1314 1958 et
1337 1895 1464 1975 amplior
1494 1900 1660 1978 expressio,
1681 1910 1710 1961 ct
1730 1902 1812 1980 piene
1832 1911 1947 1963 extensa

1157 1998 1186 2058 in
1206 1994 1341 2077 ampliori
1359 2004 1388 2056 et
1406 1995 1489 2056 dictis
1510 1999 1692 2060 conclavistis
1712 2000 1824 2061 utiliori
1840 2000 1946 2071 forma,

1157 2096 1224 2172 liat,
1244 2095 1371 2177 expediri
1398 2097 1506 2176 possint
1516 2119 1527 2171 3
1547 2108 1578 2159 et
1599 2098 1678 2176 quod
1698 2098 1819 2177 singulis
1847 2118 1948 2160 reser-

1157 2197 1329 2270 vationibns,
1342 2208 1372 2257 ιι
1385 2198 1450 2257 aliis
1464 2198 1565 2276 gratiis
1585 2197 1759 2278 supradictis
1776 2197 1806 2257 in
1819 2197 1947 2276 gratiam

1157 2296 1309 2374 filiorum,
1327 2308 1486 2379 nepotum,
1505 2309 1535 2360 et
1552 2298 1680 2359 aliorum
1705 2317 1757 2379 per
1776 2317 1825 2360 eos
1851 2298 1950 2359 stomi-

1158 2399 1337 2473 nandornm,
1354 2402 1552 2477 quos'enrum
1574 2401 1639 2461 loco
1659 2398 1875 2479 subrogamus,
1897 2417 1949 2459 ce-
1997 2379 2002 2389 ⁵

1157 2500 1225 2563 dere
1242 2501 1360 2581 possint.
1374 2500 1494 2562 Etcum
1513 2502 1671 2562 cassatione
1691 2517 1947 2579 quarumcumque

1157 2599 1386 2679 obligationum,
1412 2618 1466 2680 pro
1492 2601 1603 2660 annatis
1633 2600 1774 2663 Camenae
1804 2600 1949 2662 solvendis

1157 2719 1209 2780 per
1229 2718 1277 2761 cos
1297 2699 1442 2760 laetarum
1462 2710 1492 2760 et
1512 2700 1677 2762 remissione
1697 2711 1871 2761 sanatas-usn
1893 2719 1948 2779 pro

1157 2797 1299 2862 beneficiis
1313 2817 1391 2861 nunc
1413 2800 1592 2873 vacantibus,
1612 2812 1641 2862 et
1661 2819 1738 2879 qnae
1759 2821 1865 2865 vacare
1879 2822 1947 2883 spe·

1157 2912 1284 2972 rantur,
1305 2900 1341 2961 de
1361 2900 1465 2979 quibus
1485 2901 1525 2961 eis
1546 2902 1695 2981 provideri
1715 2903 1891 2983 contigerit,
1913 2916 1947 2966 ut

1158 3000 1346 3078 praefertur,
1365 2999 1402 3060 nd
1428 3018 1556 3079 quorum
1584 3003 1757 3065 solutionem
1778 3004 1841 3065 aliis
1868 3016 1952 3066 tene·

1161 3110 1264 3159 rentur
1279 3134 1331 3159 -.

1199 3197 1319 3259 liomina
1340 3200 1586 3262 conclavistarnm
1604 3215 1673 3265 sunt
1692 3203 1764 3266 baec
1785 3216 1840 3266 ete.
1863 3203 1939 3289 (l).-

1199 3298 1283 3371 ltem,
1298 3297 1372 3360 idem
1384 3298 1416 3360 S.
1434 3301 1470 3359 t).
1491 3300 1526 3361 N.
1538 3302 1662 3381 signavit
1676 3314 1706 3365 et
1723 3323 1779 3385 pro
1800 3322 1846 3367 me
1859 3306 1947 3365 aliam

1157 3400 1394 3478 supplicationem
1426 3419 1513 3481 super
1546 3404 1745 3484 praepositura
1776 3406 1949 3467 indueretat.

1157 3509 1350 3560 extramuros
1367 3499 1604 3582 bambergenses,
1618 3523 1670 3584 per
1685 3507 1895 3585 promotionem
1911 3505 1947 3568 l).

1157 3596 1318 3678 Maguntini
1339 3612 1520 3662 vacaturam.

1201 3733 1237 3745 —-
1258 3698 1339 3760 blotu
1360 3704 1491 3779 proprio.
1504 3704 1618 3766 Dilecto
1637 3703 1697 3767 illio
1717 3706 1839 3768 lobanni
1866 3708 1947 3768 linr-

1158 3802 1268 3864 cbardo
1280 3804 1419 3863 canonico
1434 3805 1571 3865 ecclesiae
1584 3806 1682 3866 Sancti
1695 3807 1823 3871 Titomae
1835 3806 1952 3887 Argen-

1159 3903 1284 3975 tinensis,
1307 3904 1451 3982 cappellae
1485 3916 1599 3965 nostrae
1620 3905 1737 3968 Clerico
1761 3907 1953 3968 caerimonia·

1159 4021 1226 4063 rum
1241 4003 1291 4080 qui
1308 4004 1336 4061 in
1348 4003 1479 4062 conclavi
1494 4005 1696 4084 assumptionis
1711 4017 1826 4067 nostrae
1836 4007 1873 4066 ad
1888 4007 1954 4086 api·

1160 4123 1223 4165 cem
1243 4106 1348 4164 summi
1372 4104 1548 4182 apostolatus
1572 4104 1653 4165 nobis
1670 4106 1779 4180 astitit,
1796 4106 1949 4186 specialem

1160 4203 1285 4286 gratiam
1305 4204 1400 4264 lucere
1413 4202 1549 4277 volentes,
1560 4202 1595 4265 de
1607 4208 1807 4287 praepositura
1817 4208 1953 4268 ecclesiae

1160 4307 1265 4368 Βιιιιιιι
1286 4304 1395 4365 blaciae
1411 4303 1449 4363 S.
1472 4302 1604 4378 Genulli,
1621 4317 1654 4366 ut
1674 4306 1813 4368 asseritur
1834 4325 1952 4367 nuncu·

1162 4417 1254 4486 patae,
1274 4416 1376 4478 extra,
1397 4424 1449 4466 seu
1473 4424 1566 4485 prope
1591 4424 1692 4468 muros
1717 4408 1953 4487 bambergenses,

1163 4525 1236 4586 quae
1257 4506 1326 4567 inibi
1346 4506 1513 4587 principalis
1537 4505 1662 4587 dignitas
1683 4509 1800 4583 existit,
1820 4510 1907 4571 stiam
1928 4509 1952 4568 si
2031 4550 2034 4554 Δ

1164 4618 1284 4669 curatus
1304 4608 1414 4669 electus
1441 4627 1475 4669 ac
1490 4606 1729 4685 jurisdictionslis
1747 4612 1784 4670 sit
1808 4609 1848 4695 ll)
1869 4606 1954 4687 cujus

1163 4706 1279 4770 tructus
1299 4719 1354 4770 etc.
1374 4707 1424 4769 30.
1444 4727 1536 4770 marc.
1555 4712 1679 4790 argenti,
1704 4729 1745 4771 sc.
1764 4729 1809 4771 co.
1827 4730 1870 4771 ex.
1894 4712 1950 4771 val.

1163 4826 1230 4868 nnn.
1246 4826 1302 4869 non
1317 4809 1469 4884 excedunt,
1486 4828 1585 4888 qnam,
1603 4830 1656 4891 per
1672 4811 1840 4874 electionem
1858 4811 1953 4873 dilecti

1203 5028 1239 5089 tt)
1253 5027 1317 5077 Cura
1335 5026 1458 5089 superius
1470 5026 1593 5077 adnotata
1606 5027 1713 5088 luerint,
1724 5027 1765 5075 bic
1782 5024 1950 5074 omittuntur.

1164 5108 1261 5165 Solum,
1277 5119 1311 5157 ex
1327 5117 1409 5168 opere
1425 5107 1474 5156 viri
1492 5105 1639 5171 doctissimi
1653 5105 1770 5167 Caqotani
1788 5103 1880 5155 uertat
1892 5138 1901 5162 ,
1912 5102 1953 5154 att

1164 5186 1291 5237 Arcbintri
1304 5185 1440 5249 Pontifici,
1451 5187 1512 5234 tone
1524 5193 1557 5246 1.,
1570 5196 1597 5247 p.
1617 5183 1853 5236 assenservsmns
1870 5181 1953 5233 madi·

1164 5278 1210 5316 cos
1225 5264 1433 5317 tuissetceosnm
1439 5261 1550 5315 Solisciti
1564 5265 1594 5314 ds
1607 5262 1699 5313 Sancto
1709 5261 1812 5313 demeto
1827 5261 1854 5312 in
1866 5263 1953 5313 idsrca

1163 5345 1291 5403 Firmaus,
1307 5348 1334 5394 et
1350 5343 1532 5394 l'beodoricnm
1542 5340 1731 5405 decocisqbsis
1746 5341 1860 5392 civltstls
1871 5340 1953 5392 Gand.

1160 5423 1273 5485 Primus,
1285 5429 1342 5476 arte
1352 5436 1400 5475 sna
1411 5426 1438 5473 et
1449 5421 1574 5485 operibus
1584 5420 1677 5472 aeditis
1687 5420 1794 5481 clarulte
1805 5419 1949 5472 secundum

1163 5516 1227 5556 varo
1248 5517 1283 5555 ox
1306 5503 1390 5555 obicio
1411 5500 1543 5553 nrcutstri
1569 5502 1664 5565 lingum
1686 5500 1817 5563 neapolit.
1843 5500 1949 5551 Romam

1163 5584 1196 5632 ab
1214 5582 1364 5634 Innocentio
1389 5585 1510 5633 vocatum
1530 5580 1653 5631 babuisse
1674 5582 1790 5629 castrum
1814 5579 1839 5629 S.
1857 5578 1948 5644 Angeli

1163 5663 1190 5712 in
1211 5662 1400 5714 custodissem
1418 5659 1644 5723 archiepiscopum
1665 5657 1835 5709 corentinum
1854 5671 1952 5709 renun-

1162 5743 1365 5803 cistamnnsse,
1382 5744 1476 5793 auctor
1492 5739 1571 5791 nobis
1587 5742 1629 5789 est
1646 5736 1766 5789 laudatus
1781 5736 1882 5789 ilsrint.
