4492 6859
255 730 258 734 Ι
284 646 328 705 22
761 631 968 697 concutite
990 628 1092 690 POST
1111 626 1259 697 stittutt
1281 630 1485 701 Qutttruu.

287 780 456 841 enormibus
476 790 506 840 et
526 776 684 858 gravibus,
705 791 825 853 percos
845 773 985 833 hactenus
1001 785 1080 847 qno·

285 880 440 941 modolibet
450 879 608 940 commissis
619 888 648 937 et
664 874 848 955 perpetretis,
857 872 1080 951 qualiacumque

285 983 352 1055 sint,
368 983 455 1042 etiam
476 980 500 1040 si
522 979 591 1039 talio
613 977 718 1048 forent,
733 992 809 1053 quae
826 976 855 1034 in
877 971 1004 1052 genemli
1025 986 1079 1029 ex·

283 1083 427 1162 pressione
443 1077 612 1161 hujusmodi
632 1096 689 1138 non
708 1074 1032 1155 comprehenderentur,
1050 1081 1080 1129 et

285 1184 468 1261 requirerent
479 1180 585 1241 nudum
600 1190 627 1240 et
640 1175 804 1257 specificam
819 1175 1037 1243 consessionem,
1051 1182 1081 1231 et

284 1284 321 1343 ed
345 1281 530 1345 obtinendum
559 1296 662 1340 eorum
688 1276 898 1337 absolutionem
924 1293 960 1334 ex
980 1270 1081 1350 queris

286 1383 466 1445 ordinatione
488 1379 664 1440 individuum
678 1376 889 1456 expressionem
911 1372 1080 1450 indigerent,

286 1494 417 1561 essetque
440 1498 544 1543 eorum
566 1477 708 1539 absolutio
729 1476 889 1558 specialiter
910 1493 927 1534 u
949 1472 1080 1533 Romnno

287 1583 426 1645 Pontibce
446 1591 594 1642 reservata
625 1597 661 1640 ex
686 1579 789 1657 quavis
807 1594 894 1637 cansa
919 1574 1080 1636 necessario

285 1682 493 1763 exprimendo,
514 1698 567 1741 nec
588 1695 644 1739 non
665 1696 683 1738 u
705 1676 938 1756 quibuscumque
961 1691 1081 1735 excom-

289 1782 505 1854 municationis,
525 1777 725 1859 suspensionis,
742 1789 771 1839 et
787 1777 942 1849 interdicti,
961 1775 1082 1851 aliisque

287 1881 485 1947 ecciesiasticis
495 1881 649 1952 sententiis,
662 1879 803 1951 censuris,
817 1889 845 1939 et
861 1878 958 1956 poenis
970 1893 988 1934 a
1000 1872 1082 1951 jure,

289 1988 334 2047 rel
345 1985 382 2045 ab
398 1983 511 2044 bomine
528 1981 629 2059 queris
645 1981 814 2053 occasione,
830 1979 876 2038 rel
898 1995 985 2037 causa
1005 1976 1080 2051 lutis,

287 2098 314 2146 et
333 2083 456 2154 inflictis,
474 2100 525 2143 seu
543 2081 747 2161 promulgetis,
768 2080 855 2139 etiem
869 2077 984 2150 talibus,
1004 2094 1080 2153 qua·

288 2203 355 2244 runi
381 2181 524 2242 absolutio
556 2191 705 2241 reservato
731 2177 900 2257 simpliciter
929 2176 1028 2248 toret,
1048 2186 1082 2235 ut

288 2284 455 2363 praefertur
485 2280 640 2359 apostolica
670 2277 870 2351 authoritate,
897 2276 1026 2356 plenarie
1054 2277 1081 2335 in

289 2395 415 2461 utroque
436 2381 502 2442 loro
516 2379 686 2451 ubsolro,et
705 2379 830 2440 totaliter
846 2378 938 2438 libero
944 2397 955 2451 3
977 2394 1011 2435 uc
1029 2394 1083 2435 sn-

288 2504 340 2564 per
352 2499 536 2562 quacumque
548 2479 764 2560 irregularitate
776 2498 828 2558 per
839 2497 898 2552 eos,
916 2490 968 2538 ant
979 2495 1084 2555 quem·

290 2585 358 2645 libet
382 2601 485 2645 eornm
501 2580 719 2660 quomodolibet
742 2592 891 2641 contracta
916 2576 1085 2657 simpliciter

289 2687 318 2745 in
333 2696 458 2761 utroque
470 2683 536 2743 ioro
551 2681 646 2761 quoad
663 2699 764 2743 omnes
775 2681 902 2752 ordines,
918 2691 948 2740 et
964 2679 1085 2739 illorum

287 2787 374 2846 etiam
394 2784 544 2845 innitaris
563 2781 719 2844 ministerio
739 2781 777 2839 ad
804 2778 979 2861 pontificalis
1000 2778 1084 2839 cilicii

288 2885 506 2955 executionem,
529 2899 581 2941 nec
608 2899 664 2941 non
686 2880 921 2960 praesidendum.
935 2878 1086 2950 ecclesiis,

290 2984 483 3055 monasteriis,
496 2991 526 3042 et
540 2979 603 3041 aliis
617 2980 689 3041 loeis
705 2981 918 3053 ecclesiasticis,
937 2980 1044 3057 illeque
1057 2988 1087 3038 et

292 3084 411 3163 quaevis
438 3079 573 3143 benelieie
599 3081 791 3142 ecclesisstica
806 3124 815 3154 ‚
829 3099 865 3142 ac
887 3096 1085 3159 quoscumque

292 3197 376 3246 actus
400 3181 590 3245 exercendum
609 3181 772 3261 plenissime
792 3181 942 3261 dispenso,
967 3179 1086 3240 aboleo-

293 3305 350 3366 qne
377 3296 407 3346 et
438 3284 519 3345 deleo
543 3300 657 3344 omnem
693 3281 880 3342 inhabilitatis
900 3293 929 3342 et
955 3280 1085 3340 ininmiae

293 3386 439 3446 muculsm
453 3403 488 3444 ex
502 3382 664 3462 praemissis
680 3383 909 3462 provenientem,
930 3397 986 3457 qua
1009 3396 1086 3456 qno·

295 3484 451 3545 modolibet
465 3482 588 3561 respersi
600 3482 702 3541 locuit.
718 3480 845 3541 Remitto
863 3498 979 3557 qnoque
993 3480 1045 3552 eis,
1057 3490 1086 3540 et

290 3602 392 3645 eorum
418 3583 552 3654 cuilibet,
572 3599 671 3641 omnes
690 3593 721 3642 et
741 3582 870 3660 singulos
893 3563 1008 3641 tructus
1032 3598 1084 3658 per

290 3704 339 3746 eos
354 3686 450 3743 iorsan
465 3701 500 3743 ex
519 3683 662 3756 ecclesiis,
682 3682 874 3754 monasteriis,
893 3693 923 3742 et
942 3678 1085 3742 beneficiis

290 3784 486 3846 ecclesiasticis
497 3781 749 3860 qualitercumque
765 3783 899 3861 usquein
914 3781 997 3843 bodie
1010 3782 1084 3843 rnule

291 3896 452 3965 perceptos,
467 3901 583 3961 eosque,
598 3893 627 3944 et
640 3882 796 3960 quemlibet
811 3900 914 3944 eornm
930 3882 966 3940 ad
982 3882 1084 3961 pristi-

292 4004 362 4046 num
382 3986 557 4046 innocentiae
576 3994 695 4056 statum,
721 3984 750 4043 in
772 3994 934 4061 quoerant
955 3994 1084 4063 tempore

291 4088 479 4148 concessionis
493 4086 569 4146 sacri
586 4084 776 4164 baptismatis,
796 4085 925 4164 plenarie
945 4086 1083 4156 restituo,

290 4206 411 4268 repono,
424 4197 453 4247 et
467 4187 622 4264 reintegro.
641 4184 680 4244 Et
694 4187 717 4244 si
734 4184 787 4262 qni
801 4203 905 4245 eorum
914 4185 1018 4255 iurent,
1034 4184 1084 4262 qni

290 4289 439 4368 specialius
467 4286 594 4357 absolvi,
620 4296 649 4345 et
674 4304 772 4346 secum
796 4286 951 4365 dispensari
971 4288 1085 4365 sliuqne

290 4390 444 4467 praemissu
455 4385 531 4461 beri,
545 4386 642 4447 iorsan
653 4388 757 4464 quovis
777 4399 920 4466 respectu,
936 4386 1085 4449 desidera·

291 4486 596 4561 rent,cnilibeteorum
607 4486 745 4559 concedo,
753 4497 785 4546 nt
797 4486 943 4549 confessor
955 4488 1083 4562 idoneus,

292 4608 378 4668 quem
388 4586 502 4649 duxerit
517 4585 681 4665 eligendum
699 4586 850 4667 presbyter
860 4590 1024 4661 saecularis,
1037 4592 1083 4651 rel

291 4690 444 4769 religiosus
465 4683 594 4765 cujusvis
613 4686 733 4763 ordinis,
749 4688 836 4750 etiam
852 4689 1084 4763 mendicantium,

290 4808 362 4869 erga
373 4804 524 4869 personam
536 4787 667 4866 eligentis
679 4788 706 4848 in
720 4790 885 4850 innovanda
897 4790 1084 4866 absolutione,

291 4890 510 4972 dispensatione,
529 4887 697 4962 abolitione,
716 4900 746 4951 et
766 4890 947 4953 restitutione
967 4892 1084 4972 praedi-

292 4994 361 5066 ctis,
377 4993 462 5053 etiem
475 4987 643 5050 criminibus
657 5001 685 5051 et
696 4992 825 5051 censuris
839 4991 1018 5072 specificatis,
1032 5011 1084 5053 ea·

292 5095 357 5157 dem
376 5110 497 5173 prorsus
516 5092 680 5170 plenissime
701 5104 730 5154 et
750 5093 881 5155 absoluto
896 5105 1033 5174 potestate
1054 5107 1083 5156 et

291 5194 467 5256 antboritete
484 5191 655 5270 iungantur,
670 5212 728 5271 qna
742 5194 849 5275 longor
866 5214 934 5275 ego,
951 5206 983 5255 ut
993 5195 1084 5256 Chri-

294 5297 328 5357 sti
345 5295 481 5365 ricorius,
500 5293 636 5372 Petrique
654 5314 814 5371 successor,
833 5297 904 5357 nibil
922 5297 1033 5377 penitus
1055 5298 1084 5356 in

292 5395 349 5457 boc
372 5394 547 5458 resermndo
567 5392 623 5477 (l).

333 5612 370 5671 (t)
386 5629 396 5650 ·
415 5606 477 5661 blais
493 5612 528 5662 do
546 5617 605 5663 tons
629 5613 668 5663 les
691 5612 820 5671 articles,
837 5614 860 5664 te
875 5614 936 5676 plus
958 5615 1083 5679 singulius

293 5688 484 5751 pent-diremi
495 5692 562 5743 cetui
574 5704 624 5754 par
635 5692 659 5742 le
671 5692 731 5755 quet
750 5692 773 5740 le
784 5691 852 5756 Papo
865 5693 937 5744 intur
948 5694 1083 5746 ecoordoit

216 6011 421 6179 m

1833 635 1953 724 (resq

1190 766 1273 841 item,
1288 786 1355 828 cum
1375 768 1496 830 Romani
1518 770 1670 833 Ponrttees
1689 784 1751 853 post
1769 774 1900 850 aeditus,
1922 780 1949 838 in

1150 869 1308 928 crastinum
1319 871 1518 949 assumptionis
1532 876 1781 952 eorum,rcgulas,
1792 887 1823 937 et
1832 882 1947 937 consti·

1151 969 1272 1029 tationes
1289 970 1459 1048 inquorum
1479 971 1618 1035 auditione
1631 974 1761 1037 adbiberi
1778 995 1947 1039 consuere·

1150 1080 1219 1129 runt
1236 1081 1415 1149 opportunos
1427 1072 1589 1151 diligentiae
1607 1086 1637 1137 et
1655 1076 1844 1153 intervenire,
1869 1099 1946 1141 non-

1151 1172 1276 1243 unlli,de
1288 1172 1391 1233 eisdem
1401 1175 1636 1238 Cerdinalibuset
1645 1178 1708 1239 eliis
1719 1179 1872 1242 Romanae
1882 1181 1946 1243 Cu-

1155 1272 1213 1331 riae
1230 1272 1399 1332 odiclulibus
1417 1295 1467 1354 per
1485 1295 1514 1337 se
1533 1279 1735 1340 consueverint
1749 1280 1857 1343 sedere
1875 1282 1947 1343 alias

1154 1373 1271 1450 regulus
1299 1384 1327 1439 et
1349 1376 1584 1452 constitutiones,
1602 1379 1630 1439 in
1652 1398 1778 1459 quarum
1801 1383 1947 1446 auditione

1151 1492 1286 1553 persaepe
1300 1485 1378 1535 tante
1392 1489 1529 1537 securata
1547 1478 1693 1559 diligentia
1705 1500 1761 1542 non
1775 1483 1946 1559 adhibetur,

1153 1592 1261 1648 roseo,
1279 1571 1363 1651 juro,
1382 1586 1411 1636 et
1431 1579 1570 1654 promitto
1594 1582 1622 1639 in
1649 1581 1704 1655 bis,
1723 1602 1799 1661 quae
1823 1603 1880 1664 per
1900 1604 1946 1648 me

1150 1675 1213 1737 aedi
1228 1677 1392 1754 continget,
1407 1679 1546 1739 clausulis
1561 1692 1590 1741 et
1605 1683 1857 1744 constitutionibus
1882 1699 1947 1766 post

1150 1776 1275 1856 primum
1291 1777 1459 1839 seditionem
1475 1781 1599 1854 solitam,
1617 1801 1764 1862 nunquam
1776 1785 1947 1847 Cardinsles

1151 1877 1308 1950 includere,
1321 1878 1371 1938 nisi
1389 1880 1454 1940 illae
1465 1881 1633 1943 corumdem
1646 1883 1844 1947 cerutnsttnm
1856 1887 1947 1947 iaro-

1151 1996 1214 2038 rem
1233 1991 1418 2053 concernunt,
1435 1983 1479 2043 rel
1497 1982 1563 2043 illae
1578 1983 1613 2044 de
1634 1985 1753 2046 consilio
1772 1988 1947 2048 eorumdem

1151 2077 1358 2153 Cardinalium,
1375 2099 1425 2142 seu
1447 2081 1565 2160 majoris
1582 2084 1671 2163 partis
1684 2104 1786 2147 eornm
1800 2087 1948 2149 aederen-

1153 2187 1200 2239 tur
1221 2176 1277 2259 (de
1303 2197 1361 2258 quo
1382 2192 1491 2243 constet
1516 2202 1567 2263 per
1589 2184 1828 2265 subscriptionem
1849 2188 1946 2248 trium

1151 2277 1282 2356 priorum
1303 2275 1438 2338 ordinum
1459 2281 1627 2341 eorumdem
1647 2283 1678 2342 in
1698 2283 1905 2345 constitutione
1918 2296 1947 2345 et

1152 2379 1253 2457 regula
1263 2378 1303 2439 sic
1314 2378 1430 2463 aedito),
1443 2381 1518 2441 etad
1528 2382 1736 2445 Cancellariam
1749 2387 1945 2465 Apostolieem

1151 2478 1297 2558 legendae,
1311 2482 1590 2543 transmitterentur:
1608 2484 1637 2543 in
1656 2484 1712 2546 boe
1727 2486 1946 2548 vicecancella-

1151 2580 1207 2653 rio,
1222 2592 1251 2643 et
1268 2580 1330 2660 ejus
1350 2573 1555 2644 locumtenenti
1575 2585 1731 2647 concedens
1753 2597 1785 2647 ut
1813 2588 1944 2666 aliquam

1152 2682 1298 2760 regulam,
1310 2692 1340 2743 et
1352 2685 1594 2758 constitutionem,
1607 2688 1635 2746 in
1646 2705 1704 2765 qus
1713 2686 1881 2749 Cardinales
1891 2708 1944 2749 ex-

1151 2801 1247 2861 presse
1267 2784 1496 2867 nominarentur,
1516 2785 1646 2849 iarorem
1667 2805 1770 2849 eorum
1791 2806 1849 2849 non
1871 2808 1945 2850 con-

1152 2894 1330 2954 cernentem,
1351 2884 1379 2942 in
1400 2883 1498 2943 eadem
1518 2884 1697 2948 cancellaria
1718 2906 1775 2949 non
1796 2890 1945 2967 permittat

1152 2985 1305 3064 publicari,
1326 2984 1423 3045 necin
1442 2982 1517 3048 libro
1532 2989 1702 3066 regularum
1723 2991 1784 3049 eius
1798 2992 1945 3059 annotari,

1150 3097 1180 3148 et
1194 3086 1329 3158 describi,
1339 3085 1420 3160 dum,
1431 3098 1460 3147 et
1476 3093 1585 3166 quoties
1604 3089 1639 3150 de
1656 3107 1794 3151 consensu
1813 3090 1945 3170 ipsorum

1152 3187 1350 3250 Cardiualinm
1366 3189 1440 3248 incia
1458 3207 1515 3249 non
1534 3189 1633 3263 inerit,
1643 3202 1672 3253 et
1691 3210 1742 3270 per
1758 3202 1818 3252 tres
1831 3193 1946 3271 priores

1153 3289 1288 3350 ordinum
1304 3287 1472 3349 eorrtnrdem
1494 3306 1551 3349 non
1567 3289 1741 3370 subscripta.

1197 3389 1279 3461 item,
1294 3406 1362 3448 cum
1375 3407 1410 3449 ex
1425 3394 1606 3452 concessione
1617 3392 1785 3471 specialium
1807 3410 1946 3453 reserva-

1155 3492 1266 3551 tionum
1291 3508 1363 3568 quas
1393 3494 1504 3552 romani
1530 3490 1682 3555 l‘outlbces
1710 3494 1946 3573 praedecessores

1155 3591 1221 3666 mei,
1237 3602 1265 3653 et
1280 3593 1449 3671 praesertim
1464 3593 1511 3655 iel.
1532 3612 1593 3656 rec.
1610 3593 1708 3655 Sixtus
1723 3592 1802 3675 Pnpe
1820 3607 1946 3674 quartus

1154 3880 1281 3930 d'ursnce
1297 3880 1312 3929 a
1328 3884 1387 3933 tous
1404 3886 1444 3932 tes
1460 3879 1610 3931 Cardinaux
1627 3879 1759 3931 electeurs
1776 3877 1946 3929 l'ubsolution

1154 3959 1254 4010 entibre
1267 3993 1276 4020 ,
1291 3965 1318 4010 et
1342 3973 1404 4010 sens
1422 3972 1541 4021 reservo,
1557 3959 1590 4009 de
1607 3963 1668 4009 tous
1683 3958 1722 4009 les
1739 3958 1836 4008 crimes
1857 3955 1946 4019 qn'ils

1156 4039 1313 4102 pourroient
1329 4038 1403 4088 svoir
1419 4038 1538 4097 commis,
1554 4038 1640 4101 quelle
1657 4038 1743 4100 qu'en
1759 4034 1797 4084 tut
1813 4034 1947 4084 l'enormi·

1155 4118 1189 4177 te,
1201 4119 1227 4167 et
1244 4116 1331 4181 quund
1348 4119 1379 4167 lis
1397 4119 1511 4167 seroient
1528 4117 1561 4167 de
1578 4120 1669 4166 nature
1686 4128 1701 4164 a
1718 4127 1750 4164 ue
1767 4111 1947 4176 pouvoiretrc

1154 4197 1304 4258 perdonnes
1332 4196 1377 4258 qn'
1387 4196 1465 4259 apres
1482 4209 1534 4246 une
1550 4195 1715 4246 enunciatton
1732 4203 1868 4256 expresse.
1894 4190 1947 4243 Une

1153 4275 1263 4336 perutile
1279 4287 1416 4338 promesse
1433 4274 1555 4326 scmbloit
1571 4274 1696 4324 conteuir
1713 4284 1765 4323 nne
1786 4270 1947 4322 arentacito

1154 4359 1181 4404 et
1198 4366 1249 4417 peu
1268 4353 1410 4404 honorabis
1419 4354 1454 4404 du
1467 4353 1561 4404 besoin
1572 4354 1650 4417 qu’its
1666 4351 1805 4415 cropoient
1816 4362 1850 4400 en
1861 4348 1946 4399 avoir.

1154 4460 1183 4469 -
1196 4433 1245 4484 Cet
1255 4432 1347 4483 article
1359 4444 1393 4482 ue
1411 4444 1440 4481 ee
1457 4436 1551 4482 trouve
1569 4433 1643 4495 point
1658 4431 1724 4481 dene
1736 4430 1775 4480 les
1787 4428 1901 4479 Annales
1912 4426 1945 4477 de

1150 4510 1287 4577 bernaldi.
1304 4531 1315 4554 ι
1332 4536 1364 4547 -
1379 4508 1449 4560 ilaec
1467 4509 1575 4560 notabat
1587 4510 1622 4561 Dc
1633 4507 1835 4571 brequipuurir
1850 4505 1945 4555 cieris·

1154 4594 1246 4654 simus,
1262 4593 1288 4643 in
1306 4588 1401 4641 notitia
1417 4602 1495 4653 quam
1512 4588 1609 4652 publici
1627 4587 1695 4645 juris
1714 4583 1838 4645 (sciebat,
1856 4593 1947 4633 manu·

1152 4674 1276 4736 scriptor.
1292 4671 1375 4723 codic.
1392 4669 1474 4720 disria
1492 4667 1618 4719 burcardi
1646 4664 1838 4717 continentium
1865 4666 1893 4713 ot
1920 4664 1946 4713 in

1151 4752 1227 4815 {legia
1243 4749 1404 4801 bibliothece
1415 4747 1519 4797 Parisiis
1531 4746 1700 4798 existentium
1712 4742 1810 4804 (Notior
1820 4742 1856 4791 du
1871 4740 1947 4791 lour-

1150 4830 1194 4880 nol
1210 4831 1240 4880 dc
1255 4828 1371 4879 liurcoro
1381 4826 1469 4877 Matre
1479 4823 1685 4877 descercmoutss
1696 4822 1725 4872 dc
1742 4821 1766 4870 lo
1782 4817 1901 4880 croperia
1911 4819 1947 4869 du

1148 4911 1216 4972 Pope
1232 4907 1322 4970 depuis
1342 4905 1413 4957 sicu
1431 4906 1462 4955 W
1472 4905 1565 4968 iorum
1579 4916 1597 4953 o
1611 4902 1679 4953 Julcs
1699 4901 1749 4959 lli,
1770 4899 1797 4948 ln
1813 4897 1947 4949 volumine

1150 4989 1245 5051 primo,
1257 4999 1314 5049 pag.
1324 4989 1363 5048 rt,
1374 4986 1463 5048 operis
1472 4986 1514 5034 cui
1525 4984 1625 5034 titulus:
1636 4980 1736 5032 Notices
1748 4982 1770 5030 ct
1781 4977 1893 5028 autentu
1902 4976 1947 5026 der

1148 5065 1303 5117 Mouuscrits
1313 5066 1343 5115 dc
1354 5064 1381 5114 lo
1391 5061 1540 5124 liibliotiquc
1550 5062 1584 5111 du
1595 5060 1649 5119 noi,
1659 5058 1698 5107 itis
1714 5070 1749 5108 ou
1765 5053 1860 5108 domos
1872 5053 1948 5106 itobls'

1147 5156 1199 5207 por
1213 5143 1246 5195 So
1256 5142 1363 5208 blojcsts
1373 5142 1437 5192 dous
1453 5139 1605 5190 t'Acodimie
1620 5138 1708 5199 rorate
1722 5136 1767 5188 das
1782 5130 1947 5194 inscriptions

1150 5226 1174 5275 et
1184 5221 1360 5274 belles-lettres.
1374 5221 1446 5272 Puris
1464 5221 1532 5271 1787.
1547 5245 1576 5255 -
1587 5217 1637 5267 Sed
1656 5223 1880 5279 perperum3uum
1898 5207 1949 5258 ab·

1152 5303 1248 5355 solutio
1270 5303 1347 5365 plana
1364 5300 1398 5351 ab
1415 5300 1484 5349 omni
1501 5299 1596 5360 culpe,
1612 5307 1661 5347 nec
1677 5307 1730 5344 non
1746 5291 1781 5341 eb
1797 5290 1867 5341 omui
1888 5289 1949 5337 riu·

1151 5384 1211 5433 culo
1229 5378 1482 5432 excomunicationis
1494 5381 1521 5428 et
1536 5375 1670 5427 interdicti
1684 5378 1711 5424 et
1729 5370 1870 5426 similibus,
1886 5366 1950 5417 Cer·

1152 5461 1277 5513 dinalium
1294 5460 1320 5509 in
1332 5458 1457 5509 conclave
1468 5455 1563 5519 Papam
1573 5454 1732 5517 eligentium,
1742 5454 1769 5499 et
1781 5445 1948 5498 confirmatio

1154 5541 1302 5603 regularum
1312 5536 1501 5598 cancellariae,
1512 5539 1575 5586 suut
1585 5537 1611 5585 et
1622 5534 1725 5582 inerunt
1743 5538 1850 5589 semper
1866 5522 1948 5587 primi

1155 5623 1230 5670 actus
1245 5615 1375 5668 Pouttflois
1392 5615 1498 5666 noviter
1509 5615 1593 5666 alecti.
1603 5611 1657 5662 lloc
1674 5610 1751 5672 igitur
1768 5604 1878 5657 articulo
1893 5613 1948 5651 nou

1157 5710 1227 5749 nore
1244 5707 1297 5754 res,
1314 5693 1363 5745 sed
1380 5696 1470 5743 torma.
