4492 6859
248 643 361 731 (arm)

248 788 337 847 etiam
364 784 549 860 siadessuu,
567 804 726 865 numquam
748 787 891 850 cederent.
912 786 977 848 Dixi
999 805 1045 851 nte

248 899 315 949 ante
355 885 482 958 vidisse,
513 897 542 947 et
580 887 621 947 ita
657 888 746 948 etiam
783 889 933 951 annotasse
966 890 1044 969 quod

248 986 425 1047 Franciscus
457 987 554 1047 locum
595 986 729 1049 habuerit
761 1000 827 1051 ante
854 990 948 1069 ipsum
982 989 1046 1050 Do·

251 1087 361 1148 minum
376 1087 535 1147 Ascanium
552 1085 759 1163 Cardinalem;
789 1109 841 1169 per
868 1091 923 1151 hoc
949 1099 1044 1150 tamen

253 1186 533 1248 nalleDominatioui
545 1187 623 1250 Suae
642 1190 856 1263 contradicere,
867 1189 916 1251 sed
931 1190 1045 1264 cedere;

252 1285 289 1348 de
310 1284 461 1347 Friderico
483 1305 538 1346 non
560 1286 631 1348 bene
653 1289 815 1350 meminisse
842 1291 870 1349 in
898 1301 1043 1352 conventu

249 1386 409 1447 Mantuano
430 1404 487 1447 non
506 1385 613 1459 tuisse,
633 1404 684 1449 neo
706 1386 926 1452 caerimonialia
948 1401 1046 1452 nostra

256 1487 291 1549 de
314 1487 370 1547 hoc
397 1487 554 1566 quicquam
582 1506 698 1567 ponere.
723 1487 889 1569 Principem
912 1489 1048 1569 Capuae,

253 1588 337 1649 Duce
352 1586 505 1649 Mediolani
521 1599 550 1651 et
562 1589 729 1651 Archiduce
741 1591 874 1653 lustriae
889 1600 919 1652 et
930 1590 1045 1653 Cleren.

251 1690 338 1769 longe
359 1685 502 1764 majorem
523 1708 600 1762 esse,
632 1708 688 1750 non
721 1694 832 1752 ratione
862 1691 1045 1771 Principatus

252 1789 302 1852 sed
319 1789 533 1870 expectatirae,
548 1800 578 1851 et
594 1791 782 1854 investiturae
794 1790 898 1871 Regni.
917 1790 961 1851 Ad
983 1790 1048 1871 pri·

254 1910 354 1963 mum,
385 1890 518 1953 videlicet
543 1890 639 1969 quoad
668 1892 765 1951 locum
792 1890 952 1964 Francisci,
971 1889 1045 1951 Rer.

252 1990 397 2051 Dominus
415 1990 576 2052 Cardinalis
587 1990 727 2050 Ascanius
741 1990 812 2050 dixit
827 2001 981 2070 propterea
998 2007 1044 2050 me

254 2094 329 2153 male
344 2103 494 2153 annotasse
507 2101 537 2152 et
551 2109 683 2152 errorem
698 2109 795 2152 meum
818 2091 969 2171 corrigere
991 2090 1046 2151 de·

257 2193 325 2255 bere
345 2211 380 2253 ae
402 2191 513 2253 dictum
530 2209 626 2251 meum
645 2192 715 2252 alias
736 2192 789 2252 sibi
803 2204 972 2254 extraneum
998 2192 1045 2252 ri-

256 2294 329 2355 deri.
348 2292 506 2372 Subiunxit
524 2292 597 2354 Rev.
619 2294 879 2354 vicecancellarius
901 2292 979 2371 quod
995 2309 1048 2352 su·

256 2414 309 2474 per
328 2393 384 2454 hac
405 2412 438 2454 re
458 2394 563 2455 melius
581 2393 741 2454 deliberare
763 2393 916 2467 deberem,
937 2404 967 2453 et
980 2409 1047 2453 eum

252 2507 368 2564 ceruam
391 2494 490 2556 deinde
517 2493 646 2556 reddere.
669 2492 824 2574 Comperta
846 2512 918 2555 ciero
946 2495 973 2552 in
993 2511 1049 2552 an·

251 2594 339 2674 liquis
365 2594 446 2655 libris
476 2594 742 2667 caerimoniarum,
768 2593 803 2655 de
831 2594 934 2672 quibus
960 2611 1048 2673 supra

254 2693 287 2756 llt
306 2695 438 2768 mentio,
461 2706 530 2754 sunt
558 2692 725 2774 hujusmodi
753 2696 872 2768 tenoris,
904 2694 1048 2756 videlicet:

315 2795 496 2856 Extractus
545 2816 585 2856 ex
622 2795 708 2857 libro
746 2794 1047 2865 caerimoniarum,

253 2896 388 2957 Domini
403 2894 572 2957 Benedicti
584 2897 617 2957 X
617 2896 661 2957 11.
677 2896 875 2957 Perdinandus
894 2896 955 2958 Rex
970 2896 1050 2958 hra-

254 3000 358 3078 goniae
380 2997 457 3058 veuit
480 2997 516 3055 ad
536 2995 674 3070 Curiam,
692 3007 722 3059 et
744 2997 869 3059 secunda
888 2998 933 3059 die
952 3000 1049 3059 iutra·

259 3101 300 3159 eit
324 3098 433 3178 Regina
456 3116 524 3159 cum
540 3097 731 3177 primogenito
749 3096 836 3176 Regis
856 3107 886 3158 et
906 3095 971 3173 ejus
985 3098 1050 3157 ira·

255 3211 304 3261 tre
332 3200 455 3259 Domino
486 3197 575 3258 Petro
602 3198 717 3258 iniante.
744 3196 863 3278 Recepti
889 3197 1047 3258 suerunta

254 3300 462 3363 cardinalibus
482 3309 563 3361 extra
582 3310 713 3379 portam;
735 3300 763 3359 in
785 3316 883 3359 mensa
902 3310 1000 3360 autem
1020 3311 1049 3358 et

259 3404 289 3463 iu
320 3403 440 3464 ecclesia
473 3400 608 3462 sedebant
644 3399 699 3462 boc
737 3400 865 3472 ordine;
889 3399 918 3458 in
948 3397 1049 3478 primis

259 3503 404 3563 Dominus
425 3500 586 3562 cardinalis
607 3500 781 3573 Auximum,
803 3499 890 3560 Prior
904 3498 1047 3561 Cardine·

259 3605 348 3678 lium,
371 3602 473 3664 deinde
493 3601 554 3662 Rex
582 3620 650 3661 eum
677 3602 852 3681 postergali,
879 3611 908 3661 et
934 3600 1049 3661 cussino

255 3725 360 3779 aureo,
375 3704 476 3767 deinde
495 3702 655 3766 Cardinalis
674 3702 880 3774 Thalassanus,
898 3713 964 3783 post
981 3721 1048 3763 euru

258 3806 470 3887 primogenitus
501 3804 606 3883 Regis,
631 3803 731 3866 deinde
756 3803 918 3865 Cardinalis
944 3802 1049 3862 Montis

257 3911 428 3987 drogonum
441 3926 451 3978 3
470 3905 498 3963 in
515 3905 572 3964 olio
588 3903 701 3964 bancho
716 3903 830 3965 sedebat
845 3904 958 3983 primus
972 3901 1050 3963 Cer·

255 4007 358 4069 dinalis
380 4004 488 4066 Sancti
505 4002 642 4083 Georgii,
659 4002 759 4065 deinde
778 4003 918 4064 Dominus
933 4001 1050 4077 Petrus,

260 4110 291 4168 in
315 4108 369 4169 line
388 4117 417 4165 et
439 4104 557 4164 demum
578 4102 739 4164 Cardinalis
765 4103 866 4164 Sancti
888 4102 1048 4164 Eustachii.

323 4208 376 4268 Ee
397 4204 465 4265 alio
487 4203 597 4272 libro,
621 4203 654 4263 in
677 4204 774 4264 titulo
797 4205 1050 4266 devenientibus

258 4307 303 4367 ad
325 4305 456 4367 Curium
478 4302 617 4384 Rapidus
636 4313 666 4364 et
683 4302 900 4384 Principibus.

720 648 1006 715 enarraremus
1027 648 1255 714 tnnocssuru
1276 647 1429 711 ocTtvt.
1841 644 1901 704 lli)
1951 736 1952 739 Ἴ

1113 806 1170 849 non
1191 788 1280 849 suerit
1306 787 1391 859 Rex,
1417 783 1525 845 sedebit
1556 785 1631 845 inter
1662 784 1735 845 alias
1760 780 1902 843 secundos

1113 889 1279 951 Cardinales
1304 888 1486 968 Episcopos‚
1515 886 1561 945 rel
1595 884 1738 945 Diaconos
1765 902 1820 965 pro
1849 900 1901 943 sua

1113 991 1276 1068 qualitate,
1297 990 1415 1061 tertios,
1436 998 1492 1049 eto.
1514 985 1606 1046 etsie
1632 986 1774 1064 deinceps.

1379 1188 1432 1250 Ec
1454 1187 1522 1248 alio
1544 1187 1640 1248 libro.

1158 1291 1228 1352 ltem
1252 1290 1309 1351 ridi
1330 1290 1444 1350 serrari
1466 1289 1494 1348 in
1515 1288 1596 1349 Duce
1623 1286 1764 1350 Rorbonis
1792 1286 1903 1349 Comite

1116 1390 1289 1463 Sabaudiae,
1304 1400 1333 1452 et
1348 1388 1492 1467 aliquibus
1506 1389 1569 1451 aliis
1586 1389 1613 1447 in
1635 1387 1775 1449 conviviis
1789 1385 1817 1445 in
1834 1387 1920 1464 qui·¹

1115 1494 1170 1554 bus
1196 1490 1310 1552 Domini
1340 1490 1507 1552 Cardiuales
1535 1489 1689 1551 comedunt
1715 1488 1906 1565 collegialiter

1117 1612 1217 1656 coram
1245 1593 1323 1672 Papa
1335 1614 1345 1666 3
1368 1595 1440 1654 tales
1467 1590 1582 1653 Domini
1611 1603 1759 1672 ponuntur
1785 1590 1903 1668 quidam

1117 1695 1192 1756 inter
1225 1693 1298 1754 duos
1327 1692 1498 1755 cardinales
1528 1693 1682 1766 Diaconos,
1704 1693 1819 1771 quidam
1839 1702 1904 1772 post

1117 1798 1274 1869 ultimum,
1296 1794 1462 1873 etquidem
1500 1793 1588 1855 etiam
1616 1795 1691 1856 inter
1716 1792 1907 1874 Presbyteros
1986 1808 1994 1823 ·

1116 1895 1293 1969 Cardiuales,
1314 1903 1404 1973 proiit
1425 1894 1515 1973 exigit
1534 1892 1660 1956 conditio
1680 1905 1708 1955 et
1729 1904 1820 1953 status
1840 1909 1909 1971 per·

1115 2013 1210 2057 sonae.

1380 2094 1433 2156 lie
1454 2094 1523 2156 alio
1545 2095 1640 2156 libro.

1159 2194 1315 2257 Sciendum
1331 2195 1409 2273 quod
1431 2195 1453 2255 si
1475 2194 1538 2256 Rex
1555 2205 1629 2257 esset
1645 2212 1789 2275 praesens,
1803 2196 1905 2277 recipit

1116 2297 1227 2357 eineres
1242 2307 1307 2376 post
1321 2295 1454 2358 Priorem
1467 2295 1677 2377 Episcoporum
1694 2295 1906 2366 Cardinalium,

1118 2407 1208 2476 prout
1229 2396 1339 2456 dietum
1360 2406 1414 2472 est,
1433 2397 1481 2458 sed
1503 2396 1554 2457 lilii
1575 2395 1706 2477 Regum,
1722 2397 1746 2457 sl
1764 2397 1906 2468 intersint,

1116 2497 1216 2559 eodem
1238 2494 1324 2557 modo
1343 2515 1404 2575 quo
1424 2496 1524 2559 sedent
1545 2498 1619 2559 inter
1640 2495 1808 2558 Cardinales
1830 2496 1908 2557 reci·

1116 2596 1193 2678 pient
1215 2597 1335 2658 eineres.

1379 2696 1433 2759 Ea
1455 2696 1523 2758 alio
1546 2698 1640 2759 libro.

1158 2795 1331 2859 Benedictus
1351 2813 1438 2869 xtra,
1458 2815 1534 2858 anno
1556 2798 1696 2877 vigesimo
1717 2798 1762 2859 eui
1782 2797 1908 2874 Ppntlll-

1118 2910 1214 2974 catus,
1235 2916 1309 2959 antro
1330 2896 1447 2959 Domini
1469 2897 1562 2959 titt.
1583 2898 1613 2961 ln
1632 2899 1756 2961 blorella
1777 2899 1814 2959 ad
1836 2916 1908 2979 sup·

1118 3002 1300 3081 plicationem
1321 2999 1409 3079 Regis
1426 2999 1608 3079 hragonum,
1618 3001 1668 3077 qui
1687 2999 1726 3059 ibi
1746 3011 1821 3070 erat,
1840 3018 1909 3078 poe·

1121 3103 1275 3163 sessionem
1290 3101 1435 3181 publicam
1453 3101 1531 3161 lecit.
1547 3100 1581 3159 ln
1597 3101 1680 3160 blissa
1700 3099 1841 3161 audienda
1852 3101 1908 3163 hoc

1117 3202 1221 3262 ordine
1241 3200 1381 3262 suerunts
1403 3201 1500 3281 primo
1523 3200 1552 3260 in
1574 3200 1699 3278 quodam
1722 3220 1840 3262 scamno
1860 3221 1908 3263 se·

1117 3302 1202 3362 debat
1219 3299 1380 3381 Episcopus
1394 3299 1556 3362 Cardinalis
1569 3319 1657 3372 unus,
1672 3300 1723 3380 qui
1737 3303 1816 3361 solus
1837 3313 1907 3363 tuuc

1117 3413 1182 3463 erat
1202 3402 1231 3462 in
1253 3400 1352 3473 Curia,
1372 3399 1433 3462 Rex
1454 3400 1555 3463 deinde
1575 3413 1638 3463 erat
1650 3400 1736 3481 juxta
1749 3420 1828 3475 eum,
1845 3413 1909 3464 ter·

1117 3504 1160 3564 tio
1179 3501 1265 3565 Prior
1287 3501 1554 3583 Presbyterotum,
1573 3514 1679 3582 quarto
1699 3503 1908 3582 primogenitus

1118 3603 1216 3683 Regis,
1227 3604 1339 3680 quinto,
1357 3612 1386 3664 et
1405 3603 1509 3663 ultimo
1529 3602 1603 3661 alius
1625 3600 1779 3683 Presbyter
1801 3600 1909 3663 Cardi-

1117 3705 1192 3765 nalis
1202 3725 1213 3778 3
1233 3704 1261 3763 in
1283 3703 1409 3764 secundo
1430 3721 1547 3764 scamno
1562 3704 1674 3781 primus
1688 3702 1775 3764 Prior
1794 3702 1908 3765 sedebat

1116 3804 1326 3875 Diaconorum,
1346 3804 1471 3865 seeundo
1492 3804 1568 3864 alius
1589 3802 1665 3863 lilius
1686 3802 1785 3883 Regis,
1803 3802 1906 3865 Comes

1117 3907 1341 3987 Emporiarum,
1364 3906 1450 3965 tertio
1471 3905 1546 3963 alius
1566 3904 1711 3964 Diaconos
1732 3903 1905 3964 Cardinalls.

1158 4193 1245 4255 Fer-ia
1265 4202 1366 4263 sexta,
1385 4198 1490 4267 quarta
1513 4187 1616 4248 mensis
1633 4187 1718 4257 arraii,
1740 4187 1769 4244 in
1790 4202 1905 4245 camera

1081 4307 1085 4401 p
1117 4294 1269 4377 Papagalli
1291 4291 1389 4372 palatii
1411 4289 1569 4370 Apostolioi
1589 4286 1665 4367 apud
1687 4286 1827 4347 Sanctum
1848 4283 1907 4346 Pe·

320 4405 494 4485 humiliori
514 4400 619 4464 Iulida
640 4415 669 4464 el
695 4402 825 4479 Graeco,
852 4404 1002 4486 Regibus,
1020 4416 1050 4467 et
1081 4405 1085 4486 Ι
1119 4409 1211 4467 trum,
1226 4394 1305 4473 Papa
1321 4390 1435 4451 absente
1457 4388 1493 4448 ab
1508 4389 1557 4449 illa
1579 4405 1696 4448 camera
1722 4383 1797 4469 (erat
1812 4395 1906 4444 tamen

258 4507 326 4568 liliis
341 4504 496 4585 legitimis,
512 4504 592 4563 laicis
609 4514 703 4563 tamen
720 4512 749 4564 et
767 4522 824 4565 non
838 4505 1049 4579 ecclesiasticis,
1081 4490 1085 4607 l
1119 4498 1147 4558 iu
1165 4495 1266 4559 eodem
1284 4487 1414 4572 palatio),
1429 4488 1598 4569 congregati
1618 4488 1740 4549 luerunt
1760 4486 1823 4546 RR.
1844 4485 1906 4546 DD.

257 4606 445 4676 eorumdem,
467 4624 502 4665 ac
527 4603 657 4686 Regibus
687 4612 716 4663 et
749 4602 861 4664 filiabus
880 4605 1049 4666 eorumdem
1119 4594 1388 4666 vicecancellarius,
1411 4590 1509 4652 Sancti
1528 4590 1608 4653 Petri
1623 4589 1660 4649 od
1675 4589 1807 4661 Vincula,
1823 4587 1908 4650 Ulix-

257 4725 356 4770 omnes
372 4705 539 4767 Cardiunles
555 4705 583 4762 in
603 4702 683 4765 Urbe
705 4704 855 4764 existentes
872 4704 992 4765 debeam
1007 4705 1050 4768 ire

258 4808 374 4868 obviam
405 4817 485 4865 extra
524 4804 623 4864 villam
655 4823 706 4883 per
737 4822 878 4884 magnum
907 4806 1049 4885 spacium.

258 4911 330 4995 item
353 4907 417 4968 Rex
439 4907 521 4968 debet
552 4905 651 4966 sedere
673 4908 701 4965 in
724 4906 885 4979 cathedra,
913 4924 987 4984 quae
1014 4906 1050 4967 ad

259 5008 397 5071 dextrum
421 5010 496 5068 latus
521 5007 617 5087 Papae
643 5007 794 5081 ordinata,
819 5008 880 5068 sine
904 5008 1050 5082 scabello,

263 5120 292 5170 et
310 5109 333 5168 si
352 5107 446 5168 aderit
460 5106 554 5182 filius,
569 5120 620 5168 aut
634 5108 726 5176 irater
746 5108 833 5188 Regis
853 5107 935 5169 debet
953 5107 1051 5171 sedere

263 5209 340 5271 inter
361 5209 434 5269 duos
450 5207 558 5287 primos
576 5208 743 5269 cardinales
757 5208 934 5289 Episcopos‚
952 5219 982 5269 et
995 5209 1050 5270 boc

263 5314 288 5371 si
302 5311 365 5372 Rex
378 5312 518 5370 maximae
537 5310 575 5367 sit
605 5309 747 5389 potentiae
767 5319 795 5369 et
811 5308 975 5386 diguitatis,
995 5327 1051 5369 non

263 5423 363 5474 autem
385 5412 420 5471 de
441 5409 618 5480 minoribus,
640 5410 708 5486 quia
741 5409 806 5468 talis
838 5409 922 5469 debet
953 5407 1052 5470 sedere

267 5518 342 5575 inter
365 5512 438 5574 duos
460 5511 569 5591 primos
594 5509 760 5571 Cardinales
790 5511 954 5584 Diaconos,
980 5521 1009 5571 et
1029 5510 1052 5570 si

265 5615 374 5678 luerint
396 5616 514 5692 plures,
535 5613 558 5671 si
579 5612 636 5672 erit
657 5610 717 5671 Rex
738 5611 846 5673 sedebit
863 5613 892 5672 iu
916 5610 1052 5672 cathedra

266 5715 357 5796 posita
376 5713 413 5773 ad
438 5713 583 5774 sinistrum
616 5712 690 5771 latus
712 5711 823 5790 Papae,
852 5715 875 5772 si
909 5723 1004 5773 autem
1030 5711 1054 5771 is

1118 4699 1268 4768 bonensis,
1301 4695 1541 4762 beneventanus,
1575 4691 1753 4761 lileriensis,
1784 4688 1907 4749 Sanctae

1118 4799 1295 4869 Anastasius,
1318 4794 1461 4869 Senensis,
1481 4803 1511 4854 et
1532 4794 1566 4855 de
1587 4791 1700 4855 Ursinis·
1718 4790 1908 4861 Cordiualee,

1120 4905 1170 4979 qui
1192 4900 1335 4961 tamenin
1366 4895 1422 4958 liue
1451 4894 1685 4975 corrgregationis
1707 4901 1846 4953 venerunt
1871 4889 1908 4952 ad

1119 4998 1337 5063 deliberandum
1360 4996 1465 5075 quibus
1486 4995 1668 5056 caerimoniis
1686 5002 1714 5053 et
1730 4991 1832 5053 ordine
1845 4991 1906 5051 ier·

1121 5122 1188 5163 rum
1201 5100 1333 5161 bancam
1351 5098 1460 5160 Christi
1474 5094 1485 5178 (
1497 5114 1556 5175 quo
1572 5096 1648 5155 latus
1667 5092 1829 5154 salvatoris
1844 5088 1906 5151 llo·

1120 5208 1174 5266 stri
1196 5205 1264 5265 lesu
1285 5200 1394 5263 Christi
1422 5200 1453 5258 in
1476 5197 1576 5258 Cruce
1597 5194 1742 5275 pendentis
1772 5202 1905 5272 apertum

1120 5310 1208 5369 luisse
1233 5305 1364 5377 dicitur,
1397 5299 1475 5379 quod
1502 5299 1614 5361 ierrum
1642 5311 1765 5374 magnus
1790 5293 1909 5354 Turcus

1120 5428 1155 5469 ex
1184 5401 1427 5483 Constantinopoli
1457 5419 1508 5480 par
1536 5396 1692 5459 Oratorem
1719 5413 1826 5467 suarm,
1856 5396 1907 5472 qui

1121 5523 1214 5584 nuper
1234 5500 1379 5561 Anconam
1402 5505 1553 5592 propterea
1577 5494 1663 5563 renit,
1683 5488 1837 5572 mittebat)
1857 5509 1906 5551 re·

1121 5604 1284 5685 cipieudum
1306 5610 1398 5673 esset,
1418 5606 1447 5658 et
1469 5596 1497 5657 id
1519 5594 1554 5654 ud
1576 5592 1762 5654 Sanctissituo
1783 5590 1906 5651 Domino

1122 5707 1228 5769 Rostro
1251 5702 1449 5774 referendum
1470 5700 1499 5761 in
1515 5715 1573 5777 qua
1590 5693 1815 5775 corrgregatione
1826 5692 1906 5754 eirca
