<?xml version="1.0" encoding="UTF-8"?>
<!DOCTYPE html PUBLIC "-//W3C//DTD XHTML 1.0 Transitional//EN"
    "http://www.w3.org/TR/xhtml1/DTD/xhtml1-transitional.dtd">
<html xmlns="http://www.w3.org/1999/xhtml" xml:lang="en" lang="en">
 <head>
  <title>
</title>
<meta http-equiv="Content-Type" content="text/html;charset=utf-8" />
  <meta name='ocr-system' content='tesseract 3.04.00' />
  <meta name='ocr-capabilities' content='ocr_page ocr_carea ocr_par ocr_line ocrx_word'/>
</head>
<body>
  <div class='ocr_page' id='page_1' title='image "./johannisburchar01burcgoog/johannisburchar01burcgoog_0211.png"; bbox 0 0 4492 6859; ppageno 0'>
   <div class='ocr_carea' id='block_1_1' title="bbox 242 613 353 697">
    <p class='ocr_par' dir='ltr' id='par_1_1' title="bbox 242 613 353 697">
     <span class='ocr_line' id='line_1_1' title="bbox 242 613 353 697; baseline 0.009 -20"><span class='ocrx_word' id='word_1_1' title='bbox 242 613 353 697; x_wconf 78' lang='lat' dir='ltr'>(scas)</span> 
     </span>
    </p>
   </div>
   <div class='ocr_carea' id='block_1_2' title="bbox 243 753 1044 2146">
    <p class='ocr_par' dir='ltr' id='par_1_2' title="bbox 243 753 1044 2146">
     <span class='ocr_line' id='line_1_2' title="bbox 249 753 1035 831; baseline 0.011 -19"><span class='ocrx_word' id='word_1_2' title='bbox 249 753 372 826; x_wconf 88' lang='lat' dir='ltr'>cienda,</span> <span class='ocrx_word' id='word_1_3' title='bbox 393 771 462 814; x_wconf 90' lang='lat' dir='ltr'>cum</span> <span class='ocrx_word' id='word_1_4' title='bbox 485 754 589 831; x_wconf 86' lang='lat' dir='ltr'>quibus</span> <span class='ocrx_word' id='word_1_5' title='bbox 605 761 691 816; x_wconf 86' lang='lat' dir='ltr'>etiam</span> <span class='ocrx_word' id='word_1_6' title='bbox 712 768 776 818; x_wconf 88' lang='lat' dir='ltr'>erat</span> <span class='ocrx_word' id='word_1_7' title='bbox 797 758 869 820; x_wconf 84' lang='lat' dir='ltr'>ller.</span> <span class='ocrx_word' id='word_1_8' title='bbox 889 759 918 817; x_wconf 90' lang='lat' dir='ltr'>in</span> <span class='ocrx_word' id='word_1_9' title='bbox 939 757 1035 821; x_wconf 87' lang='lat' dir='ltr'>cristo</span> 
     </span>
     <span class='ocr_line' id='line_1_3' title="bbox 246 852 1035 938; baseline 0.008 -25"><span class='ocrx_word' id='word_1_10' title='bbox 246 854 280 915; x_wconf 83' lang='grc' dir='ltr'><strong>Ρ.</strong></span> <span class='ocrx_word' id='word_1_11' title='bbox 304 854 339 914; x_wconf 87' lang='grc' dir='ltr'><strong>Ι).</strong></span> <span class='ocrx_word' id='word_1_12' title='bbox 360 852 484 917; x_wconf 80' lang='lat' dir='ltr'>ioannes</span> <span class='ocrx_word' id='word_1_13' title='bbox 514 854 618 917; x_wconf 81' lang='lat' dir='ltr'>Petrus</span> <span class='ocrx_word' id='word_1_14' title='bbox 640 858 792 938; x_wconf 78' lang='lat' dir='ltr'>episcopan</span> <span class='ocrx_word' id='word_1_15' title='bbox 814 858 1035 932; x_wconf 86' lang='lat' dir='ltr'>Urbinatensis,</span> 
     </span>
     <span class='ocr_line' id='line_1_4' title="bbox 245 953 1033 1032; baseline 0.005 -19"><span class='ocrx_word' id='word_1_16' title='bbox 245 964 274 1014; x_wconf 88' lang='lat' dir='ltr'>et</span> <span class='ocrx_word' id='word_1_17' title='bbox 295 953 400 1015; x_wconf 77' lang='lat' dir='ltr'>ibidem</span> <span class='ocrx_word' id='word_1_18' title='bbox 422 956 516 1018; x_wconf 87' lang='lat' dir='ltr'>multa</span> <span class='ocrx_word' id='word_1_19' title='bbox 547 956 624 1018; x_wconf 83' lang='lat' dir='ltr'>dieta</span> <span class='ocrx_word' id='word_1_20' title='bbox 651 970 719 1019; x_wconf 90' lang='lat' dir='ltr'>sunt</span> <span class='ocrx_word' id='word_1_21' title='bbox 741 960 783 1020; x_wconf 88' lang='lat' dir='ltr'>rei</span> <span class='ocrx_word' id='word_1_22' title='bbox 814 959 1033 1032; x_wconf 74' lang='lat' dir='ltr'>concutientis,</span> 
     </span>
     <span class='ocr_line' id='line_1_5' title="bbox 244 1055 1034 1137; baseline 0.004 -20"><span class='ocrx_word' id='word_1_23' title='bbox 244 1065 275 1117; x_wconf 82' lang='lat' dir='ltr'>ot</span> <span class='ocrx_word' id='word_1_24' title='bbox 296 1055 372 1115; x_wconf 90' lang='lat' dir='ltr'>inter</span> <span class='ocrx_word' id='word_1_25' title='bbox 394 1055 469 1128; x_wconf 90' lang='lat' dir='ltr'>alia,</span> <span class='ocrx_word' id='word_1_26' title='bbox 491 1057 569 1134; x_wconf 84' lang='lat' dir='ltr'>quod</span> <span class='ocrx_word' id='word_1_27' title='bbox 592 1069 712 1137; x_wconf 90' lang='lat' dir='ltr'>propter</span> <span class='ocrx_word' id='word_1_28' title='bbox 731 1058 786 1119; x_wconf 88' lang='grc'>88.</span> <span class='ocrx_word' id='word_1_29' title='bbox 805 1060 841 1120; x_wconf 89' lang='grc' dir='ltr'><strong>Ι).</strong></span> <span class='ocrx_word' id='word_1_30' title='bbox 864 1058 898 1119; x_wconf 94' lang='grc'>8.</span> <span class='ocrx_word' id='word_1_31' title='bbox 922 1069 952 1120; x_wconf 89' lang='lat' dir='ltr'>et</span> <span class='ocrx_word' id='word_1_32' title='bbox 971 1055 1034 1134; x_wconf 83' lang='lat' dir='ltr'>ejus</span> 
     </span>
     <span class='ocr_line' id='line_1_6' title="bbox 246 1154 1044 1239; baseline 0.003 -21"><span class='ocrx_word' id='word_1_33' title='bbox 246 1154 454 1226; x_wconf 74' lang='lat' dir='ltr'>infirmitatem,</span> <span class='ocrx_word' id='word_1_34' title='bbox 469 1155 595 1219; x_wconf 85' lang='lat' dir='ltr'>Ferrum</span> <span class='ocrx_word' id='word_1_35' title='bbox 609 1158 704 1236; x_wconf 90' lang='lat' dir='ltr'>ipsum</span> <span class='ocrx_word' id='word_1_36' title='bbox 721 1171 817 1239; x_wconf 86' lang='lat' dir='ltr'>posset</span> <span class='ocrx_word' id='word_1_37' title='bbox 832 1178 884 1239; x_wconf 91' lang='lat' dir='ltr'>per</span> <span class='ocrx_word' id='word_1_38' title='bbox 899 1170 983 1238; x_wconf 89' lang='lat' dir='ltr'>prata</span> <span class='ocrx_word' id='word_1_39' title='bbox 997 1159 1044 1225; x_wconf 74' lang='lat' dir='ltr'>ad,</span> 
     </span>
     <span class='ocr_line' id='line_1_7' title="bbox 247 1256 1034 1339; baseline 0.005 -23"><span class='ocrx_word' id='word_1_40' title='bbox 247 1257 422 1319; x_wconf 71' lang='lat' dir='ltr'><strong>Palatiolum</strong></span> <span class='ocrx_word' id='word_1_41' title='bbox 444 1256 480 1319; x_wconf 88' lang='lat' dir='ltr'>de</span> <span class='ocrx_word' id='word_1_42' title='bbox 502 1256 638 1337; x_wconf 73' lang='lat' dir='ltr'>spinellis</span> <span class='ocrx_word' id='word_1_43' title='bbox 658 1269 740 1319; x_wconf 80' lang='lat' dir='ltr'>extra</span> <span class='ocrx_word' id='word_1_44' title='bbox 761 1272 875 1339; x_wconf 86' lang='lat' dir='ltr'>portatu</span> <span class='ocrx_word' id='word_1_45' title='bbox 898 1258 1034 1320; x_wconf 89' lang='lat' dir='ltr'>Viridarii</span> 
     </span>
     <span class='ocr_line' id='line_1_8' title="bbox 244 1356 1032 1440; baseline 0.004 -21"><span class='ocrx_word' id='word_1_46' title='bbox 244 1357 369 1419; x_wconf 89' lang='lat' dir='ltr'>conduci</span> <span class='ocrx_word' id='word_1_47' title='bbox 382 1365 419 1435; x_wconf 85' lang='lat' dir='ltr'>et</span> <span class='ocrx_word' id='word_1_48' title='bbox 448 1356 512 1418; x_wconf 89' lang='lat' dir='ltr'>inda</span> <span class='ocrx_word' id='word_1_49' title='bbox 542 1374 611 1421; x_wconf 89' lang='lat' dir='ltr'>cum</span> <span class='ocrx_word' id='word_1_50' title='bbox 632 1362 813 1439; x_wconf 75' lang='lat' dir='ltr'>processione</span> <span class='ocrx_word' id='word_1_51' title='bbox 843 1358 956 1440; x_wconf 78' lang='lat' dir='ltr'>pos-tari</span> <span class='ocrx_word' id='word_1_52' title='bbox 979 1379 1032 1440; x_wconf 86' lang='lat' dir='ltr'>per</span> 
     </span>
     <span class='ocr_line' id='line_1_9' title="bbox 245 1457 1034 1539; baseline 0.006 -22"><span class='ocrx_word' id='word_1_53' title='bbox 245 1457 424 1535; x_wconf 89' lang='lat' dir='ltr'>praedictam</span> <span class='ocrx_word' id='word_1_54' title='bbox 445 1457 492 1517; x_wconf 85' lang='lat' dir='ltr'>rel</span> <span class='ocrx_word' id='word_1_55' title='bbox 512 1476 567 1536; x_wconf 90' lang='lat' dir='ltr'>per</span> <span class='ocrx_word' id='word_1_56' title='bbox 587 1458 747 1533; x_wconf 75' lang='lat' dir='ltr'><strong>Castrum,</strong></span> <span class='ocrx_word' id='word_1_57' title='bbox 768 1460 845 1539; x_wconf 89' lang='lat' dir='ltr'>quod</span> <span class='ocrx_word' id='word_1_58' title='bbox 863 1469 893 1521; x_wconf 89' lang='lat' dir='ltr'>et</span> <span class='ocrx_word' id='word_1_59' title='bbox 913 1472 1034 1539; x_wconf 89' lang='lat' dir='ltr'>propter</span> 
     </span>
     <span class='ocr_line' id='line_1_10' title="bbox 246 1558 1034 1642; baseline 0.006 -24"><span class='ocrx_word' id='word_1_60' title='bbox 246 1566 362 1636; x_wconf 88' lang='lat' dir='ltr'>tempus</span> <span class='ocrx_word' id='word_1_61' title='bbox 384 1574 460 1619; x_wconf 88' lang='lat' dir='ltr'>nunc</span> <span class='ocrx_word' id='word_1_62' title='bbox 479 1558 702 1634; x_wconf 87' lang='lat' dir='ltr'>calidissimum,</span> <span class='ocrx_word' id='word_1_63' title='bbox 724 1563 771 1624; x_wconf 81' lang='lat' dir='ltr'>rel</span> <span class='ocrx_word' id='word_1_64' title='bbox 786 1564 809 1623; x_wconf 88' lang='lat' dir='ltr'>si</span> <span class='ocrx_word' id='word_1_65' title='bbox 824 1563 901 1625; x_wconf 82' lang='lat' dir='ltr'>forte</span> <span class='ocrx_word' id='word_1_66' title='bbox 920 1563 1034 1642; x_wconf 90' lang='lat' dir='ltr'>plueret</span> 
     </span>
     <span class='ocr_line' id='line_1_11' title="bbox 244 1654 1033 1742; baseline 0.005 -23"><span class='ocrx_word' id='word_1_67' title='bbox 244 1676 279 1719; x_wconf 90' lang='lat' dir='ltr'>ea</span> <span class='ocrx_word' id='word_1_68' title='bbox 300 1658 367 1729; x_wconf 91' lang='lat' dir='ltr'>die,</span> <span class='ocrx_word' id='word_1_69' title='bbox 388 1668 479 1735; x_wconf 88' lang='lat' dir='ltr'>prout</span> <span class='ocrx_word' id='word_1_70' title='bbox 502 1654 566 1734; x_wconf 85' lang='lat' dir='ltr'>jam</span> <span class='ocrx_word' id='word_1_71' title='bbox 587 1661 688 1721; x_wconf 88' lang='lat' dir='ltr'>multis</span> <span class='ocrx_word' id='word_1_72' title='bbox 717 1661 818 1725; x_wconf 89' lang='lat' dir='ltr'>diebus</span> <span class='ocrx_word' id='word_1_73' title='bbox 848 1664 938 1737; x_wconf 80' lang='lat' dir='ltr'>iacit,</span> <span class='ocrx_word' id='word_1_74' title='bbox 960 1681 1033 1742; x_wconf 88' lang='lat' dir='ltr'>pro-</span> 
     </span>
     <span class='ocr_line' id='line_1_12' title="bbox 245 1760 1033 1842; baseline 0.005 -21"><span class='ocrx_word' id='word_1_75' title='bbox 245 1771 311 1839; x_wconf 88' lang='lat' dir='ltr'>pter</span> <span class='ocrx_word' id='word_1_76' title='bbox 334 1760 447 1830; x_wconf 89' lang='lat' dir='ltr'>lutum,</span> <span class='ocrx_word' id='word_1_77' title='bbox 469 1761 643 1837; x_wconf 68' lang='lat' dir='ltr'>processioni</span> <span class='ocrx_word' id='word_1_78' title='bbox 665 1765 826 1842; x_wconf 89' lang='lat' dir='ltr'>plurimum</span> <span class='ocrx_word' id='word_1_79' title='bbox 847 1766 1033 1837; x_wconf 82' lang='lat' dir='ltr'>conveniret3</span> 
     </span>
     <span class='ocr_line' id='line_1_13' title="bbox 245 1859 1033 1943; baseline 0.003 -24"><span class='ocrx_word' id='word_1_80' title='bbox 245 1862 290 1921; x_wconf 85' lang='lat' dir='ltr'>rel</span> <span class='ocrx_word' id='word_1_81' title='bbox 313 1859 392 1937; x_wconf 83' lang='lat' dir='ltr'>quod</span> <span class='ocrx_word' id='word_1_82' title='bbox 413 1860 560 1938; x_wconf 80' lang='lat' dir='ltr'>processio</span> <span class='ocrx_word' id='word_1_83' title='bbox 580 1860 670 1924; x_wconf 80' lang='lat' dir='ltr'>luerit</span> <span class='ocrx_word' id='word_1_84' title='bbox 691 1862 726 1927; x_wconf 87' lang='lat' dir='ltr'>dc</span> <span class='ocrx_word' id='word_1_85' title='bbox 747 1864 861 1943; x_wconf 86' lang='lat' dir='ltr'>Populo</span> <span class='ocrx_word' id='word_1_86' title='bbox 884 1864 1033 1943; x_wconf 83' lang='lat' dir='ltr'>usquead</span> 
     </span>
     <span class='ocr_line' id='line_1_14' title="bbox 243 1958 1034 2041; baseline 0.004 -20"><span class='ocrx_word' id='word_1_87' title='bbox 243 1960 397 2021; x_wconf 84' lang='lat' dir='ltr'>Basilicam</span> <span class='ocrx_word' id='word_1_88' title='bbox 411 1958 444 2021; x_wconf 90' lang='grc'>8.</span> <span class='ocrx_word' id='word_1_89' title='bbox 466 1960 548 2021; x_wconf 85' lang='lat' dir='ltr'>Petri</span> <span class='ocrx_word' id='word_1_90' title='bbox 569 1963 598 2023; x_wconf 90' lang='lat' dir='ltr'>ia</span> <span class='ocrx_word' id='word_1_91' title='bbox 619 1967 814 2041; x_wconf 79' lang='lat' dir='ltr'>paramentis,</span> <span class='ocrx_word' id='word_1_92' title='bbox 849 1967 896 2028; x_wconf 86' lang='lat' dir='ltr'>rel</span> <span class='ocrx_word' id='word_1_93' title='bbox 921 1969 1034 2027; x_wconf 89' lang='lat' dir='ltr'>clerum</span> 
     </span>
     <span class='ocr_line' id='line_1_15' title="bbox 244 2061 1035 2146; baseline 0.005 -24"><span class='ocrx_word' id='word_1_94' title='bbox 244 2061 333 2122; x_wconf 87' lang='lat' dir='ltr'>Urbis</span> <span class='ocrx_word' id='word_1_95' title='bbox 354 2061 460 2140; x_wconf 87' lang='lat' dir='ltr'>pedes,</span> <span class='ocrx_word' id='word_1_96' title='bbox 479 2073 508 2124; x_wconf 86' lang='lat' dir='ltr'>et</span> <span class='ocrx_word' id='word_1_97' title='bbox 527 2082 581 2142; x_wconf 90' lang='lat' dir='ltr'>per</span> <span class='ocrx_word' id='word_1_98' title='bbox 602 2083 701 2126; x_wconf 89' lang='lat' dir='ltr'>omnes</span> <span class='ocrx_word' id='word_1_99' title='bbox 724 2066 758 2127; x_wconf 90' lang='lat' dir='ltr'>da</span> <span class='ocrx_word' id='word_1_100' title='bbox 778 2067 915 2146; x_wconf 84' lang='lat' dir='ltr'>Coppelle</span> <span class='ocrx_word' id='word_1_101' title='bbox 937 2067 1035 2145; x_wconf 85' lang='lat' dir='ltr'>Papae</span> 
     </span>
    </p>
   </div>
   <div class='ocr_carea' id='block_1_3' title="bbox 717 620 1423 691">
    <p class='ocr_par' dir='ltr' id='par_1_3' title="bbox 717 620 1423 691">
     <span class='ocr_line' id='line_1_16' title="bbox 717 620 1423 691; baseline 0.006 -8"><span class='ocrx_word' id='word_1_102' title='bbox 717 620 1004 686; x_wconf 70' lang='lat' dir='ltr'>constrictius</span> <span class='ocrx_word' id='word_1_103' title='bbox 1025 620 1248 688; x_wconf 75' lang='lat' dir='ltr'>innocnnru</span> <span class='ocrx_word' id='word_1_104' title='bbox 1269 625 1423 691; x_wconf 73' lang='lat' dir='ltr'>DchVl.</span> 
     </span>
    </p>
   </div>
   <div class='ocr_carea' id='block_1_4' title="bbox 1834 630 1893 691">
    <p class='ocr_par' dir='ltr' id='par_1_4' title="bbox 1834 630 1893 691">
     <span class='ocr_line' id='line_1_17' title="bbox 1834 630 1893 691; baseline -0.034 0"><span class='ocrx_word' id='word_1_105' title='bbox 1834 630 1893 691; x_wconf 85' lang='grc' dir='ltr'>Ι87</span> 
     </span>
    </p>
   </div>
   <div class='ocr_carea' id='block_1_5' title="bbox 1100 760 1892 2147">
    <p class='ocr_par' dir='ltr' id='par_1_5' title="bbox 1100 760 1890 1041">
     <span class='ocr_line' id='line_1_18' title="bbox 1100 760 1883 840; baseline 0.005 -19"><span class='ocrx_word' id='word_1_106' title='bbox 1100 764 1165 835; x_wconf 87' lang='lat' dir='ltr'>ctis,</span> <span class='ocrx_word' id='word_1_107' title='bbox 1178 765 1283 826; x_wconf 84' lang='lat' dir='ltr'>omisso</span> <span class='ocrx_word' id='word_1_108' title='bbox 1294 760 1447 840; x_wconf 85' lang='lat' dir='ltr'>jejunandi</span> <span class='ocrx_word' id='word_1_109' title='bbox 1462 763 1608 836; x_wconf 85' lang='lat' dir='ltr'>mmdato,</span> <span class='ocrx_word' id='word_1_110' title='bbox 1625 764 1773 827; x_wconf 84' lang='lat' dir='ltr'>mandarit</span> <span class='ocrx_word' id='word_1_111' title='bbox 1788 766 1883 829; x_wconf 89' lang='lat' dir='ltr'>omnia</span> 
     </span>
     <span class='ocr_line' id='line_1_19' title="bbox 1102 862 1890 945; baseline 0.008 -23"><span class='ocrx_word' id='word_1_112' title='bbox 1102 862 1188 935; x_wconf 87' lang='lat' dir='ltr'>lieri,</span> <span class='ocrx_word' id='word_1_113' title='bbox 1209 882 1284 941; x_wconf 87' lang='lat' dir='ltr'>quae</span> <span class='ocrx_word' id='word_1_114' title='bbox 1304 883 1338 925; x_wconf 85' lang='lat' dir='ltr'>ex</span> <span class='ocrx_word' id='word_1_115' title='bbox 1366 875 1466 925; x_wconf 90' lang='lat' dir='ltr'>tenore</span> <span class='ocrx_word' id='word_1_116' title='bbox 1488 862 1663 925; x_wconf 89' lang='lat' dir='ltr'>cedularum</span> <span class='ocrx_word' id='word_1_117' title='bbox 1680 868 1816 945; x_wconf 89' lang='lat' dir='ltr'>superius</span> <span class='ocrx_word' id='word_1_118' title='bbox 1838 884 1890 928; x_wconf 89' lang='lat' dir='ltr'>ra·</span> 
     </span>
     <span class='ocr_line' id='line_1_20' title="bbox 1100 963 1473 1041; baseline -0.005 -18"><span class='ocrx_word' id='word_1_119' title='bbox 1100 964 1306 1041; x_wconf 65' lang='lat' dir='ltr'>patratarum,</span> <span class='ocrx_word' id='word_1_120' title='bbox 1328 963 1473 1023; x_wconf 87' lang='lat' dir='ltr'>ridentur.</span> 
     </span>
    </p>

    <p class='ocr_par' dir='ltr' id='par_1_6' title="bbox 1100 1062 1892 2147">
     <span class='ocr_line' id='line_1_21' title="bbox 1142 1062 1891 1141; baseline 0.004 -18"><span class='ocrx_word' id='word_1_121' title='bbox 1142 1064 1227 1125; x_wconf 88' lang='lat' dir='ltr'>Feria</span> <span class='ocrx_word' id='word_1_122' title='bbox 1259 1064 1383 1141; x_wconf 85' lang='lat' dir='ltr'>quinta,</span> <span class='ocrx_word' id='word_1_123' title='bbox 1413 1062 1453 1123; x_wconf 86' lang='grc' dir='ltr'>3Ι</span> <span class='ocrx_word' id='word_1_124' title='bbox 1481 1063 1570 1134; x_wconf 89' lang='lat' dir='ltr'>maii,</span> <span class='ocrx_word' id='word_1_125' title='bbox 1604 1064 1676 1126; x_wconf 85' lang='lat' dir='ltr'>lesto</span> <span class='ocrx_word' id='word_1_126' title='bbox 1708 1065 1891 1126; x_wconf 59' lang='lat' dir='ltr'>Memnonis</span> 
     </span>
     <span class='ocr_line' id='line_1_22' title="bbox 1100 1161 1887 1236; baseline 0.009 -15"><span class='ocrx_word' id='word_1_127' title='bbox 1100 1163 1138 1222; x_wconf 90' lang='grc' dir='ltr'><strong>Ι).</strong></span> <span class='ocrx_word' id='word_1_128' title='bbox 1159 1161 1193 1223; x_wconf 95' lang='grc'>8.</span> <span class='ocrx_word' id='word_1_129' title='bbox 1214 1162 1284 1225; x_wconf 80' lang='lat' dir='ltr'>iesu</span> <span class='ocrx_word' id='word_1_130' title='bbox 1299 1163 1408 1225; x_wconf 86' lang='lat' dir='ltr'>christi</span> <span class='ocrx_word' id='word_1_131' title='bbox 1425 1206 1434 1236; x_wconf 90' lang='lat'>,</span> <span class='ocrx_word' id='word_1_132' title='bbox 1454 1163 1529 1224; x_wconf 90' lang='lat' dir='ltr'>bono</span> <span class='ocrx_word' id='word_1_133' title='bbox 1549 1181 1631 1224; x_wconf 91' lang='lat' dir='ltr'>mane</span> <span class='ocrx_word' id='word_1_134' title='bbox 1649 1164 1703 1226; x_wconf 90' lang='grc'>88.</span> <span class='ocrx_word' id='word_1_135' title='bbox 1726 1166 1763 1227; x_wconf 88' lang='grc' dir='ltr'><strong>Ι).</strong></span> <span class='ocrx_word' id='word_1_136' title='bbox 1783 1165 1818 1228; x_wconf 95' lang='grc'>8.</span> <span class='ocrx_word' id='word_1_137' title='bbox 1839 1167 1887 1227; x_wconf 92' lang='lat' dir='ltr'>ln·</span> 
     </span>
     <span class='ocr_line' id='line_1_23' title="bbox 1101 1262 1888 1345; baseline 0.01 -25"><span class='ocrx_word' id='word_1_138' title='bbox 1101 1262 1189 1324; x_wconf 88' lang='lat' dir='ltr'>dutus</span> <span class='ocrx_word' id='word_1_139' title='bbox 1209 1264 1340 1335; x_wconf 89' lang='lat' dir='ltr'>amictu,</span> <span class='ocrx_word' id='word_1_140' title='bbox 1362 1263 1450 1335; x_wconf 89' lang='lat' dir='ltr'>alba,</span> <span class='ocrx_word' id='word_1_141' title='bbox 1477 1265 1616 1341; x_wconf 78' lang='lat' dir='ltr'>cingulo,</span> <span class='ocrx_word' id='word_1_142' title='bbox 1651 1266 1723 1326; x_wconf 91' lang='lat' dir='ltr'>stola</span> <span class='ocrx_word' id='word_1_143' title='bbox 1755 1266 1888 1345; x_wconf 91' lang='lat' dir='ltr'>preciosa</span> 
     </span>
     <span class='ocr_line' id='line_1_24' title="bbox 1101 1363 1888 1445; baseline 0.008 -24"><span class='ocrx_word' id='word_1_144' title='bbox 1101 1363 1167 1423; x_wconf 88' lang='lat' dir='ltr'>alba</span> <span class='ocrx_word' id='word_1_145' title='bbox 1188 1381 1277 1443; x_wconf 89' lang='lat' dir='ltr'>supra</span> <span class='ocrx_word' id='word_1_146' title='bbox 1295 1363 1488 1442; x_wconf 91' lang='lat' dir='ltr'>capuccinum</span> <span class='ocrx_word' id='word_1_147' title='bbox 1509 1364 1630 1437; x_wconf 88' lang='lat' dir='ltr'>album,</span> <span class='ocrx_word' id='word_1_148' title='bbox 1652 1366 1888 1445; x_wconf 82' lang='lat' dir='ltr'>praecedentibus</span> 
     </span>
     <span class='ocr_line' id='line_1_25' title="bbox 1100 1463 1886 1536; baseline 0.005 -12"><span class='ocrx_word' id='word_1_149' title='bbox 1100 1463 1197 1525; x_wconf 82' lang='lat' dir='ltr'>Crura</span> <span class='ocrx_word' id='word_1_150' title='bbox 1228 1476 1258 1525; x_wconf 92' lang='lat' dir='ltr'>et</span> <span class='ocrx_word' id='word_1_151' title='bbox 1298 1463 1524 1536; x_wconf 81' lang='lat' dir='ltr'>cardinalibus,</span> <span class='ocrx_word' id='word_1_152' title='bbox 1558 1465 1636 1525; x_wconf 84' lang='lat' dir='ltr'>venit</span> <span class='ocrx_word' id='word_1_153' title='bbox 1666 1466 1703 1526; x_wconf 91' lang='lat' dir='ltr'>ad</span> <span class='ocrx_word' id='word_1_154' title='bbox 1734 1468 1886 1528; x_wconf 90' lang='lat' dir='ltr'>ecclesiam</span> 
     </span>
     <span class='ocr_line' id='line_1_26' title="bbox 1100 1563 1892 1645; baseline 0.005 -22"><span class='ocrx_word' id='word_1_155' title='bbox 1100 1565 1133 1624; x_wconf 88' lang='lat' dir='ltr'>D.</span> <span class='ocrx_word' id='word_1_156' title='bbox 1157 1563 1265 1645; x_wconf 84' lang='lat' dir='ltr'>llariae</span> <span class='ocrx_word' id='word_1_157' title='bbox 1285 1564 1321 1625; x_wconf 94' lang='lat' dir='ltr'>de</span> <span class='ocrx_word' id='word_1_158' title='bbox 1341 1563 1476 1642; x_wconf 89' lang='lat' dir='ltr'>Populo,</span> <span class='ocrx_word' id='word_1_159' title='bbox 1498 1581 1554 1625; x_wconf 92' lang='lat' dir='ltr'>non</span> <span class='ocrx_word' id='word_1_160' title='bbox 1576 1584 1627 1643; x_wconf 91' lang='lat' dir='ltr'>per</span> <span class='ocrx_word' id='word_1_161' title='bbox 1651 1566 1726 1626; x_wconf 85' lang='lat' dir='ltr'>viam</span> <span class='ocrx_word' id='word_1_162' title='bbox 1749 1566 1892 1640; x_wconf 80' lang='lat' dir='ltr'>fluminis,</span> 
     </span>
     <span class='ocr_line' id='line_1_27' title="bbox 1100 1664 1888 1746; baseline 0.004 -20"><span class='ocrx_word' id='word_1_163' title='bbox 1100 1666 1149 1726; x_wconf 92' lang='lat' dir='ltr'>sed</span> <span class='ocrx_word' id='word_1_164' title='bbox 1170 1674 1236 1725; x_wconf 87' lang='lat' dir='ltr'>ente</span> <span class='ocrx_word' id='word_1_165' title='bbox 1256 1666 1407 1725; x_wconf 91' lang='lat' dir='ltr'>ecclesiam</span> <span class='ocrx_word' id='word_1_166' title='bbox 1422 1664 1454 1725; x_wconf 92' lang='grc'>8.</span> <span class='ocrx_word' id='word_1_167' title='bbox 1468 1665 1555 1738; x_wconf 80' lang='lat' dir='ltr'>celsi,</span> <span class='ocrx_word' id='word_1_168' title='bbox 1573 1666 1679 1727; x_wconf 77' lang='lat' dir='ltr'>Turris</span> <span class='ocrx_word' id='word_1_169' title='bbox 1695 1666 1888 1746; x_wconf 71' lang='lat' dir='ltr'>sanguineae,</span> 
     </span>
     <span class='ocr_line' id='line_1_28' title="bbox 1101 1764 1888 1844; baseline 0.005 -19"><span class='ocrx_word' id='word_1_170' title='bbox 1101 1766 1219 1827; x_wconf 91' lang='lat' dir='ltr'>domum</span> <span class='ocrx_word' id='word_1_171' title='bbox 1241 1764 1400 1826; x_wconf 89' lang='lat' dir='ltr'>cardinalis</span> <span class='ocrx_word' id='word_1_172' title='bbox 1433 1765 1675 1844; x_wconf 80' lang='lat' dir='ltr'>Portugalensis,</span> <span class='ocrx_word' id='word_1_173' title='bbox 1707 1767 1809 1830; x_wconf 91' lang='lat' dir='ltr'>deinde</span> <span class='ocrx_word' id='word_1_174' title='bbox 1842 1770 1888 1829; x_wconf 91' lang='lat' dir='ltr'>ria</span> 
     </span>
     <span class='ocr_line' id='line_1_29' title="bbox 1101 1864 1890 1932; baseline 0.008 -6"><span class='ocrx_word' id='word_1_175' title='bbox 1101 1875 1191 1926; x_wconf 89' lang='lat' dir='ltr'>recta.</span> <span class='ocrx_word' id='word_1_176' title='bbox 1217 1864 1308 1924; x_wconf 81' lang='lat' dir='ltr'>Facta</span> <span class='ocrx_word' id='word_1_177' title='bbox 1337 1866 1366 1923; x_wconf 89' lang='lat' dir='ltr'>in</span> <span class='ocrx_word' id='word_1_178' title='bbox 1400 1864 1477 1925; x_wconf 90' lang='lat' dir='ltr'>dicta</span> <span class='ocrx_word' id='word_1_179' title='bbox 1508 1865 1629 1926; x_wconf 88' lang='lat' dir='ltr'>ecclesia</span> <span class='ocrx_word' id='word_1_180' title='bbox 1662 1868 1792 1929; x_wconf 91' lang='lat' dir='ltr'>oratione</span> <span class='ocrx_word' id='word_1_181' title='bbox 1823 1880 1890 1932; x_wconf 85' lang='lat' dir='ltr'>autc</span> 
     </span>
     <span class='ocr_line' id='line_1_30' title="bbox 1100 1964 1889 2046; baseline 0.004 -21"><span class='ocrx_word' id='word_1_182' title='bbox 1100 1968 1211 2039; x_wconf 90' lang='lat' dir='ltr'>altare,</span> <span class='ocrx_word' id='word_1_183' title='bbox 1230 1974 1360 2026; x_wconf 81' lang='lat' dir='ltr'>exuacto</span> <span class='ocrx_word' id='word_1_184' title='bbox 1383 1964 1437 2025; x_wconf 92' lang='lat' dir='ltr'>sibi</span> <span class='ocrx_word' id='word_1_185' title='bbox 1460 1967 1640 2046; x_wconf 69' lang='lat' dir='ltr'>capuanos,</span> <span class='ocrx_word' id='word_1_186' title='bbox 1663 1978 1773 2029; x_wconf 84' lang='lat' dir='ltr'>retenta</span> <span class='ocrx_word' id='word_1_187' title='bbox 1796 1969 1889 2043; x_wconf 86' lang='lat' dir='ltr'>stola,</span> 
     </span>
     <span class='ocr_line' id='line_1_31' title="bbox 1101 2066 1889 2147; baseline 0.004 -21"><span class='ocrx_word' id='word_1_188' title='bbox 1101 2067 1211 2146; x_wconf 88' lang='lat' dir='ltr'>accepit</span> <span class='ocrx_word' id='word_1_189' title='bbox 1232 2066 1354 2145; x_wconf 80' lang='lat' dir='ltr'>desuper</span> <span class='ocrx_word' id='word_1_190' title='bbox 1375 2067 1504 2145; x_wconf 81' lang='lat' dir='ltr'>pluviale</span> <span class='ocrx_word' id='word_1_191' title='bbox 1517 2068 1707 2147; x_wconf 84' lang='lat' dir='ltr'>preciosum,</span> <span class='ocrx_word' id='word_1_192' title='bbox 1726 2079 1756 2131; x_wconf 89' lang='lat' dir='ltr'>et</span> <span class='ocrx_word' id='word_1_193' title='bbox 1772 2070 1889 2129; x_wconf 88' lang='lat' dir='ltr'>mitram</span> 
     </span>
    </p>
   </div>
   <div class='ocr_carea' id='block_1_6' title="bbox 242 2164 1889 2266">
    <p class='ocr_par' dir='ltr' id='par_1_7' title="bbox 242 2164 1889 2266">
     <span class='ocr_line' id='line_1_32' title="bbox 242 2164 1889 2266; baseline 0.007 -44"><span class='ocrx_word' id='word_1_194' title='bbox 242 2178 355 2239; x_wconf 89' lang='lat' dir='ltr'>equos,</span> <span class='ocrx_word' id='word_1_195' title='bbox 392 2173 481 2241; x_wconf 87' lang='lat' dir='ltr'>prout</span> <span class='ocrx_word' id='word_1_196' title='bbox 509 2164 538 2223; x_wconf 90' lang='lat' dir='ltr'>io</span> <span class='ocrx_word' id='word_1_197' title='bbox 569 2167 752 2228; x_wconf 78' lang='lat' dir='ltr'>coronatione</span> <span class='ocrx_word' id='word_1_198' title='bbox 772 2165 942 2229; x_wconf 83' lang='lat' dir='ltr'>Pontiiicum</span> <span class='ocrx_word' id='word_1_199' title='bbox 973 2165 1035 2229; x_wconf 91' lang='lat' dir='ltr'>lieri</span> <span class='ocrx_word' id='word_1_200' title='bbox 1066 2165 1071 2266; x_wconf 70' lang='grc' dir='ltr'><strong>Ι</strong></span> <span class='ocrx_word' id='word_1_201' title='bbox 1101 2170 1284 2250; x_wconf 83' lang='lat' dir='ltr'>preciosem3</span> <span class='ocrx_word' id='word_1_202' title='bbox 1306 2170 1422 2231; x_wconf 86' lang='lat' dir='ltr'>interim</span> <span class='ocrx_word' id='word_1_203' title='bbox 1444 2172 1548 2232; x_wconf 86' lang='lat' dir='ltr'>ibidem</span> <span class='ocrx_word' id='word_1_204' title='bbox 1575 2190 1675 2234; x_wconf 89' lang='lat' dir='ltr'>omnes</span> <span class='ocrx_word' id='word_1_205' title='bbox 1696 2170 1889 2246; x_wconf 77' lang='lat' dir='ltr'>cardinales,</span> 
     </span>
    </p>
   </div>
   <div class='ocr_carea' id='block_1_7' title="bbox 244 2264 1036 2638">
    <p class='ocr_par' dir='ltr' id='par_1_8' title="bbox 244 2264 1036 2638">
     <span class='ocr_line' id='line_1_33' title="bbox 244 2264 1035 2348; baseline 0.008 -25"><span class='ocrx_word' id='word_1_206' title='bbox 244 2264 337 2335; x_wconf 86' lang='lat' dir='ltr'>solet,</span> <span class='ocrx_word' id='word_1_207' title='bbox 361 2265 505 2342; x_wconf 85' lang='lat' dir='ltr'>coopertis</span> <span class='ocrx_word' id='word_1_208' title='bbox 530 2265 679 2327; x_wconf 81' lang='lat' dir='ltr'>dumtaxat</span> <span class='ocrx_word' id='word_1_209' title='bbox 699 2269 823 2348; x_wconf 81' lang='lat' dir='ltr'>exceptis</span> <span class='ocrx_word' id='word_1_210' title='bbox 841 2268 947 2346; x_wconf 81' lang='lat' dir='ltr'>quibus</span> <span class='ocrx_word' id='word_1_211' title='bbox 965 2278 1035 2329; x_wconf 91' lang='lat' dir='ltr'>ute·</span> 
     </span>
     <span class='ocr_line' id='line_1_34' title="bbox 246 2364 1035 2443; baseline 0.008 -19"><span class='ocrx_word' id='word_1_212' title='bbox 246 2374 349 2425; x_wconf 90' lang='lat' dir='ltr'>rentur</span> <span class='ocrx_word' id='word_1_213' title='bbox 360 2364 574 2439; x_wconf 87' lang='lat' dir='ltr'>communibus,</span> <span class='ocrx_word' id='word_1_214' title='bbox 585 2384 641 2429; x_wconf 86' lang='lat' dir='ltr'>noo</span> <span class='ocrx_word' id='word_1_215' title='bbox 659 2368 694 2429; x_wconf 91' lang='lat' dir='ltr'>de</span> <span class='ocrx_word' id='word_1_216' title='bbox 708 2369 863 2431; x_wconf 89' lang='lat' dir='ltr'>boccacino</span> <span class='ocrx_word' id='word_1_217' title='bbox 874 2371 951 2443; x_wconf 89' lang='lat' dir='ltr'>albo,</span> <span class='ocrx_word' id='word_1_218' title='bbox 963 2388 1035 2430; x_wconf 81' lang='lat' dir='ltr'>eon-</span> 
     </span>
     <span class='ocr_line' id='line_1_35' title="bbox 247 2464 1035 2548; baseline 0.009 -26"><span class='ocrx_word' id='word_1_219' title='bbox 247 2464 366 2526; x_wconf 83' lang='lat' dir='ltr'>veoire:</span> <span class='ocrx_word' id='word_1_220' title='bbox 387 2473 417 2524; x_wconf 84' lang='lat' dir='ltr'>ct</span> <span class='ocrx_word' id='word_1_221' title='bbox 448 2465 541 2529; x_wconf 89' lang='lat' dir='ltr'>rideri</span> <span class='ocrx_word' id='word_1_222' title='bbox 562 2468 639 2546; x_wconf 87' lang='lat' dir='ltr'>quod</span> <span class='ocrx_word' id='word_1_223' title='bbox 660 2467 785 2548; x_wconf 76' lang='lat' dir='ltr'>Sanguis</span> <span class='ocrx_word' id='word_1_224' title='bbox 805 2469 961 2531; x_wconf 86' lang='lat' dir='ltr'>christiin</span> <span class='ocrx_word' id='word_1_225' title='bbox 982 2488 1035 2529; x_wconf 86' lang='lat' dir='ltr'>ec·</span> 
     </span>
     <span class='ocr_line' id='line_1_36' title="bbox 244 2564 1036 2638; baseline 0.001 -11"><span class='ocrx_word' id='word_1_226' title='bbox 244 2566 331 2627; x_wconf 86' lang='lat' dir='ltr'>clesia</span> <span class='ocrx_word' id='word_1_227' title='bbox 342 2564 545 2638; x_wconf 83' lang='lat' dir='ltr'>bateraneose,</span> <span class='ocrx_word' id='word_1_228' title='bbox 556 2578 584 2628; x_wconf 89' lang='lat' dir='ltr'>et</span> <span class='ocrx_word' id='word_1_229' title='bbox 596 2568 712 2631; x_wconf 81' lang='lat' dir='ltr'>Titulus</span> <span class='ocrx_word' id='word_1_230' title='bbox 727 2570 755 2629; x_wconf 88' lang='lat' dir='ltr'>in</span> <span class='ocrx_word' id='word_1_231' title='bbox 769 2570 890 2631; x_wconf 86' lang='lat' dir='ltr'>ecclesis</span> <span class='ocrx_word' id='word_1_232' title='bbox 905 2569 938 2629; x_wconf 95' lang='grc'>8.</span> <span class='ocrx_word' id='word_1_233' title='bbox 954 2568 1036 2632; x_wconf 89' lang='lat' dir='ltr'>cru·</span> 
     </span>
    </p>
   </div>
   <div class='ocr_carea' id='block_1_8' title="bbox 245 2651 1071 2763">
    <p class='ocr_par' dir='ltr' id='par_1_9' title="bbox 245 2651 1071 2763">
     <span class='ocr_line' id='line_1_37' title="bbox 245 2651 1071 2763; baseline 0.005 -38"><span class='ocrx_word' id='word_1_234' title='bbox 245 2666 288 2725; x_wconf 88' lang='lat' dir='ltr'>cis</span> <span class='ocrx_word' id='word_1_235' title='bbox 308 2666 540 2744; x_wconf 19' lang='lat' dir='ltr'>innllicrusalem</span> <span class='ocrx_word' id='word_1_236' title='bbox 556 2667 706 2731; x_wconf 81' lang='lat' dir='ltr'>existentes</span> <span class='ocrx_word' id='word_1_237' title='bbox 724 2671 843 2731; x_wconf 71' lang='lat' dir='ltr'>obsum</span> <span class='ocrx_word' id='word_1_238' title='bbox 855 2670 1035 2733; x_wconf 83' lang='lat' dir='ltr'>dictoFerro</span> <span class='ocrx_word' id='word_1_239' title='bbox 1067 2651 1071 2763; x_wconf 68' lang='lat' dir='ltr'>l</span> 
     </span>
    </p>
   </div>
   <div class='ocr_carea' id='block_1_9' title="bbox 220 2767 1036 4054">
    <p class='ocr_par' dir='ltr' id='par_1_10' title="bbox 220 2767 1036 4054">
     <span class='ocr_line' id='line_1_38' title="bbox 244 2767 1035 2852; baseline 0.004 -25"><span class='ocrx_word' id='word_1_240' title='bbox 244 2767 499 2846; x_wconf 87' lang='lat' dir='ltr'>processionaliter</span> <span class='ocrx_word' id='word_1_241' title='bbox 513 2780 711 2848; x_wconf 87' lang='lat' dir='ltr'>portarentur.</span> <span class='ocrx_word' id='word_1_242' title='bbox 732 2771 797 2851; x_wconf 78' lang='lat' dir='ltr'>Ego</span> <span class='ocrx_word' id='word_1_243' title='bbox 815 2771 901 2833; x_wconf 88' lang='lat' dir='ltr'>etiam</span> <span class='ocrx_word' id='word_1_244' title='bbox 915 2772 984 2852; x_wconf 90' lang='lat' dir='ltr'>ipsis</span> <span class='ocrx_word' id='word_1_245' title='bbox 998 2771 1035 2830; x_wconf 92' lang='lat' dir='ltr'>ad</span> 
     </span>
     <span class='ocr_line' id='line_1_39' title="bbox 246 2867 1036 2951; baseline 0.008 -24"><span class='ocrx_word' id='word_1_246' title='bbox 246 2867 418 2928; x_wconf 83' lang='lat' dir='ltr'>memoriam</span> <span class='ocrx_word' id='word_1_247' title='bbox 450 2867 554 2930; x_wconf 81' lang='lat' dir='ltr'>reduxi</span> <span class='ocrx_word' id='word_1_248' title='bbox 584 2889 619 2930; x_wconf 92' lang='lat' dir='ltr'>ea</span> <span class='ocrx_word' id='word_1_249' title='bbox 647 2890 721 2949; x_wconf 80' lang='lat' dir='ltr'>quae</span> <span class='ocrx_word' id='word_1_250' title='bbox 751 2890 869 2951; x_wconf 86' lang='lat' dir='ltr'>nuper,</span> <span class='ocrx_word' id='word_1_251' title='bbox 902 2872 1036 2933; x_wconf 83' lang='lat' dir='ltr'>videlicet</span> 
     </span>
     <span class='ocr_line' id='line_1_40' title="bbox 246 2965 1036 3051; baseline 0.009 -24"><span class='ocrx_word' id='word_1_252' title='bbox 246 2978 354 3044; x_wconf 88' lang='lat' dir='ltr'>quarta</span> <span class='ocrx_word' id='word_1_253' title='bbox 375 2965 477 3043; x_wconf 84' lang='lat' dir='ltr'>bajus,</span> <span class='ocrx_word' id='word_1_254' title='bbox 499 2970 528 3030; x_wconf 91' lang='lat' dir='ltr'>in</span> <span class='ocrx_word' id='word_1_255' title='bbox 548 2970 746 3033; x_wconf 83' lang='lat' dir='ltr'>Cardinaliom</span> <span class='ocrx_word' id='word_1_256' title='bbox 767 2973 804 3032; x_wconf 90' lang='lat' dir='ltr'>sd</span> <span class='ocrx_word' id='word_1_257' title='bbox 834 2972 890 3033; x_wconf 90' lang='lat' dir='ltr'>boc</span> <span class='ocrx_word' id='word_1_258' title='bbox 911 2972 1036 3051; x_wconf 91' lang='lat' dir='ltr'>deputa-</span> 
     </span>
     <span class='ocr_line' id='line_1_41' title="bbox 246 3071 1036 3149; baseline 0.01 -21"><span class='ocrx_word' id='word_1_259' title='bbox 246 3079 346 3130; x_wconf 91' lang='lat' dir='ltr'>torum</span> <span class='ocrx_word' id='word_1_260' title='bbox 372 3072 618 3149; x_wconf 72' lang='lat' dir='ltr'>congregatione,</span> <span class='ocrx_word' id='word_1_261' title='bbox 644 3071 720 3134; x_wconf 90' lang='lat' dir='ltr'>dicta</span> <span class='ocrx_word' id='word_1_262' title='bbox 741 3073 880 3146; x_wconf 86' lang='lat' dir='ltr'>inerant,</span> <span class='ocrx_word' id='word_1_263' title='bbox 902 3072 1036 3136; x_wconf 86' lang='lat' dir='ltr'>videlicet</span> 
     </span>
     <span class='ocr_line' id='line_1_42' title="bbox 246 3169 1035 3252; baseline 0.005 -23"><span class='ocrx_word' id='word_1_264' title='bbox 246 3169 325 3247; x_wconf 85' lang='lat' dir='ltr'>quod</span> <span class='ocrx_word' id='word_1_265' title='bbox 345 3181 463 3248; x_wconf 86' lang='lat' dir='ltr'>propter</span> <span class='ocrx_word' id='word_1_266' title='bbox 481 3171 599 3241; x_wconf 83' lang='lat' dir='ltr'>lamam,</span> <span class='ocrx_word' id='word_1_267' title='bbox 620 3176 742 3250; x_wconf 87' lang='lat' dir='ltr'>quaein</span> <span class='ocrx_word' id='word_1_268' title='bbox 763 3174 944 3235; x_wconf 74' lang='lat' dir='ltr'>Alamanniae</span> <span class='ocrx_word' id='word_1_269' title='bbox 963 3191 1035 3252; x_wconf 91' lang='lat' dir='ltr'>par·</span> 
     </span>
     <span class='ocr_line' id='line_1_43' title="bbox 249 3269 1035 3352; baseline 0.005 -23"><span class='ocrx_word' id='word_1_270' title='bbox 249 3269 345 3344; x_wconf 88' lang='lat' dir='ltr'>tibus,</span> <span class='ocrx_word' id='word_1_271' title='bbox 362 3270 492 3332; x_wconf 87' lang='lat' dir='ltr'>videlicet</span> <span class='ocrx_word' id='word_1_272' title='bbox 513 3269 720 3352; x_wconf 77' lang='lat' dir='ltr'>Nurinsberga,</span> <span class='ocrx_word' id='word_1_273' title='bbox 740 3284 770 3334; x_wconf 90' lang='lat' dir='ltr'>et</span> <span class='ocrx_word' id='word_1_274' title='bbox 790 3273 884 3335; x_wconf 83' lang='lat' dir='ltr'>Gallia</span> <span class='ocrx_word' id='word_1_275' title='bbox 905 3282 977 3335; x_wconf 89' lang='lat' dir='ltr'>esset</span> <span class='ocrx_word' id='word_1_276' title='bbox 999 3272 1035 3333; x_wconf 88' lang='lat' dir='ltr'>de</span> 
     </span>
     <span class='ocr_line' id='line_1_44' title="bbox 246 3368 1034 3450; baseline 0.005 -21"><span class='ocrx_word' id='word_1_277' title='bbox 246 3369 341 3431; x_wconf 80' lang='lat' dir='ltr'>Ferro</span> <span class='ocrx_word' id='word_1_278' title='bbox 357 3368 524 3447; x_wconf 85' lang='lat' dir='ltr'>hujusmodi</span> <span class='ocrx_word' id='word_1_279' title='bbox 543 3372 619 3450; x_wconf 90' lang='lat' dir='ltr'>apud</span> <span class='ocrx_word' id='word_1_280' title='bbox 641 3391 690 3432; x_wconf 92' lang='lat' dir='ltr'>eos</span> <span class='ocrx_word' id='word_1_281' title='bbox 709 3376 863 3445; x_wconf 81' lang='lat' dir='ltr'>existente,</span> <span class='ocrx_word' id='word_1_282' title='bbox 878 3383 907 3435; x_wconf 87' lang='lat' dir='ltr'>et</span> <span class='ocrx_word' id='word_1_283' title='bbox 927 3371 965 3433; x_wconf 96' lang='lat' dir='ltr'>ob</span> <span class='ocrx_word' id='word_1_284' title='bbox 986 3372 1034 3433; x_wconf 91' lang='lat' dir='ltr'>in-</span> 
     </span>
     <span class='ocr_line' id='line_1_45' title="bbox 247 3468 1036 3542; baseline 0 -11"><span class='ocrx_word' id='word_1_285' title='bbox 247 3468 423 3532; x_wconf 89' lang='lat' dir='ltr'>lirmitatem·</span> <span class='ocrx_word' id='word_1_286' title='bbox 436 3470 492 3531; x_wconf 92' lang='grc'>88.</span> <span class='ocrx_word' id='word_1_287' title='bbox 512 3470 547 3530; x_wconf 88' lang='grc' dir='ltr'><strong>Ι).</strong></span> <span class='ocrx_word' id='word_1_288' title='bbox 570 3470 615 3542; x_wconf 94' lang='grc'>8.,</span> <span class='ocrx_word' id='word_1_289' title='bbox 636 3474 762 3536; x_wconf 83' lang='lat' dir='ltr'>Ferrum</span> <span class='ocrx_word' id='word_1_290' title='bbox 785 3474 840 3535; x_wconf 90' lang='lat' dir='ltr'>boc</span> <span class='ocrx_word' id='word_1_291' title='bbox 860 3475 889 3534; x_wconf 88' lang='lat' dir='ltr'>io</span> <span class='ocrx_word' id='word_1_292' title='bbox 909 3471 1036 3542; x_wconf 84' lang='lat' dir='ltr'>Narnia,</span> 
     </span>
     <span class='ocr_line' id='line_1_46' title="bbox 220 3571 1034 3653; baseline 0 -23"><span class='ocrx_word' id='word_1_293' title='bbox 220 3599 223 3604; x_wconf 94' lang='lat'><em>·</em></span> <span class='ocrx_word' id='word_1_294' title='bbox 249 3571 293 3632; x_wconf 83' lang='lat' dir='ltr'>vel</span> <span class='ocrx_word' id='word_1_295' title='bbox 316 3571 344 3630; x_wconf 93' lang='lat' dir='ltr'>in</span> <span class='ocrx_word' id='word_1_296' title='bbox 376 3571 498 3633; x_wconf 87' lang='lat' dir='ltr'>ecclesia</span> <span class='ocrx_word' id='word_1_297' title='bbox 533 3572 563 3633; x_wconf 88' lang='lat' dir='ltr'>B.</span> <span class='ocrx_word' id='word_1_298' title='bbox 588 3572 697 3634; x_wconf 84' lang='lat' dir='ltr'>llariae</span> <span class='ocrx_word' id='word_1_299' title='bbox 730 3573 765 3635; x_wconf 93' lang='lat' dir='ltr'>de</span> <span class='ocrx_word' id='word_1_300' title='bbox 785 3573 900 3653; x_wconf 89' lang='lat' dir='ltr'>Populo</span> <span class='ocrx_word' id='word_1_301' title='bbox 929 3572 1034 3632; x_wconf 74' lang='lat' dir='ltr'>dimnti</span> 
     </span>
     <span class='ocr_line' id='line_1_47' title="bbox 247 3671 1036 3752; baseline 0.001 -22"><span class='ocrx_word' id='word_1_302' title='bbox 247 3682 298 3732; x_wconf 88' lang='lat' dir='ltr'>sut</span> <span class='ocrx_word' id='word_1_303' title='bbox 318 3681 431 3733; x_wconf 89' lang='lat' dir='ltr'>secreto</span> <span class='ocrx_word' id='word_1_304' title='bbox 444 3671 596 3734; x_wconf 87' lang='lat' dir='ltr'>Sanctitati</span> <span class='ocrx_word' id='word_1_305' title='bbox 611 3672 689 3736; x_wconf 78' lang='lat' dir='ltr'>Suae</span> <span class='ocrx_word' id='word_1_306' title='bbox 705 3675 848 3752; x_wconf 88' lang='lat' dir='ltr'>reportari</span> <span class='ocrx_word' id='word_1_307' title='bbox 856 3672 989 3742; x_wconf 84' lang='lat' dir='ltr'>deberet,</span> <span class='ocrx_word' id='word_1_308' title='bbox 1005 3682 1036 3732; x_wconf 87' lang='lat' dir='ltr'>et</span> 
     </span>
     <span class='ocr_line' id='line_1_48' title="bbox 248 3772 1036 3853; baseline -0.001 -20"><span class='ocrx_word' id='word_1_309' title='bbox 248 3789 333 3849; x_wconf 87' lang='lat' dir='ltr'>penes</span> <span class='ocrx_word' id='word_1_310' title='bbox 352 3790 420 3834; x_wconf 89' lang='lat' dir='ltr'>eum</span> <span class='ocrx_word' id='word_1_311' title='bbox 443 3773 590 3847; x_wconf 70' lang='lat' dir='ltr'>retinerie</span> <span class='ocrx_word' id='word_1_312' title='bbox 612 3774 726 3837; x_wconf 86' lang='lat' dir='ltr'>interim</span> <span class='ocrx_word' id='word_1_313' title='bbox 748 3774 894 3853; x_wconf 83' lang='lat' dir='ltr'>diligentia</span> <span class='ocrx_word' id='word_1_314' title='bbox 921 3772 983 3834; x_wconf 84' lang='lat' dir='ltr'>fleri</span> <span class='ocrx_word' id='word_1_315' title='bbox 1003 3783 1036 3832; x_wconf 91' lang='lat' dir='ltr'>ut</span> 
     </span>
     <span class='ocr_line' id='line_1_49' title="bbox 248 3872 1035 3951; baseline 0.003 -21"><span class='ocrx_word' id='word_1_316' title='bbox 248 3872 357 3934; x_wconf 86' lang='lat' dir='ltr'>veritas</span> <span class='ocrx_word' id='word_1_317' title='bbox 382 3872 542 3935; x_wconf 82' lang='lat' dir='ltr'>iuberetur</span> <span class='ocrx_word' id='word_1_318' title='bbox 564 3875 649 3951; x_wconf 83' lang='lat' dir='ltr'>quala</span> <span class='ocrx_word' id='word_1_319' title='bbox 669 3891 774 3935; x_wconf 84' lang='lat' dir='ltr'>rerum</span> <span class='ocrx_word' id='word_1_320' title='bbox 795 3885 870 3936; x_wconf 88' lang='lat' dir='ltr'>asset</span> <span class='ocrx_word' id='word_1_321' title='bbox 888 3875 1035 3942; x_wconf 82' lang='lat' dir='ltr'>Ferrum,</span> 
     </span>
     <span class='ocr_line' id='line_1_50' title="bbox 246 3972 1036 4054; baseline -0.001 -22"><span class='ocrx_word' id='word_1_322' title='bbox 246 3983 276 4032; x_wconf 88' lang='lat' dir='ltr'>et</span> <span class='ocrx_word' id='word_1_323' title='bbox 291 3973 342 4034; x_wconf 93' lang='lat' dir='ltr'>ubi</span> <span class='ocrx_word' id='word_1_324' title='bbox 355 3972 530 4051; x_wconf 89' lang='lat' dir='ltr'>quaesitum,</span> <span class='ocrx_word' id='word_1_325' title='bbox 551 3974 574 4031; x_wconf 89' lang='lat' dir='ltr'>si</span> <span class='ocrx_word' id='word_1_326' title='bbox 595 3973 651 4036; x_wconf 81' lang='lat' dir='ltr'>lios</span> <span class='ocrx_word' id='word_1_327' title='bbox 671 3993 732 4034; x_wconf 85' lang='lat' dir='ltr'>esse</span> <span class='ocrx_word' id='word_1_328' title='bbox 753 3983 858 4054; x_wconf 69' lang='lat' dir='ltr'>possen</span> <span class='ocrx_word' id='word_1_329' title='bbox 874 3984 943 4034; x_wconf 89' lang='lat' dir='ltr'>tuac</span> <span class='ocrx_word' id='word_1_330' title='bbox 963 3972 1036 4034; x_wconf 89' lang='lat' dir='ltr'>illud</span> 
     </span>
    </p>
   </div>
   <div class='ocr_carea' id='block_1_10' title="bbox 1099 2271 1892 4053">
    <p class='ocr_par' dir='ltr' id='par_1_11' title="bbox 1099 2271 1892 4053">
     <span class='ocr_line' id='line_1_51' title="bbox 1099 2271 1885 2352; baseline 0.003 -21"><span class='ocrx_word' id='word_1_331' title='bbox 1099 2282 1130 2331; x_wconf 90' lang='lat' dir='ltr'>et</span> <span class='ocrx_word' id='word_1_332' title='bbox 1149 2271 1269 2350; x_wconf 89' lang='lat' dir='ltr'>praelati</span> <span class='ocrx_word' id='word_1_333' title='bbox 1295 2271 1371 2331; x_wconf 88' lang='lat' dir='ltr'>intra</span> <span class='ocrx_word' id='word_1_334' title='bbox 1395 2282 1424 2331; x_wconf 90' lang='lat' dir='ltr'>et</span> <span class='ocrx_word' id='word_1_335' title='bbox 1442 2282 1523 2332; x_wconf 82' lang='lat' dir='ltr'>extra</span> <span class='ocrx_word' id='word_1_336' title='bbox 1541 2274 1692 2333; x_wconf 86' lang='lat' dir='ltr'>ecclesiam</span> <span class='ocrx_word' id='word_1_337' title='bbox 1710 2282 1885 2352; x_wconf 88' lang='lat' dir='ltr'>acceperunt</span> 
     </span>
     <span class='ocr_line' id='line_1_52' title="bbox 1100 2370 1890 2457; baseline 0.001 -26"><span class='ocrx_word' id='word_1_338' title='bbox 1100 2381 1266 2450; x_wconf 87' lang='lat' dir='ltr'>paramenta</span> <span class='ocrx_word' id='word_1_339' title='bbox 1286 2370 1339 2431; x_wconf 89' lang='lat' dir='ltr'>sibi</span> <span class='ocrx_word' id='word_1_340' title='bbox 1354 2370 1562 2457; x_wconf 85' lang='lat' dir='ltr'>convenientia,</span> <span class='ocrx_word' id='word_1_341' title='bbox 1579 2383 1609 2432; x_wconf 84' lang='lat' dir='ltr'>et</span> <span class='ocrx_word' id='word_1_342' title='bbox 1629 2372 1764 2435; x_wconf 85' lang='lat' dir='ltr'>officiales</span> <span class='ocrx_word' id='word_1_343' title='bbox 1782 2389 1890 2452; x_wconf 88' lang='lat' dir='ltr'>super·</span> 
     </span>
     <span class='ocr_line' id='line_1_53' title="bbox 1100 2469 1887 2551; baseline -0.001 -19"><span class='ocrx_word' id='word_1_344' title='bbox 1100 2470 1224 2551; x_wconf 90' lang='lat' dir='ltr'>pellicia.</span> <span class='ocrx_word' id='word_1_345' title='bbox 1246 2470 1323 2530; x_wconf 78' lang='lat' dir='ltr'>Tum</span> <span class='ocrx_word' id='word_1_346' title='bbox 1342 2470 1399 2529; x_wconf 89' lang='grc'>88.</span> <span class='ocrx_word' id='word_1_347' title='bbox 1418 2470 1454 2530; x_wconf 89' lang='grc' dir='ltr'><strong>Ι).</strong></span> <span class='ocrx_word' id='word_1_348' title='bbox 1475 2469 1509 2529; x_wconf 95' lang='grc'>8.</span> <span class='ocrx_word' id='word_1_349' title='bbox 1531 2471 1782 2550; x_wconf 84' lang='lat' dir='ltr'>processionaliter</span> <span class='ocrx_word' id='word_1_350' title='bbox 1799 2472 1887 2544; x_wconf 86' lang='lat' dir='ltr'>venit,</span> 
     </span>
     <span class='ocr_line' id='line_1_54' title="bbox 1101 2568 1891 2652; baseline 0.004 -22"><span class='ocrx_word' id='word_1_351' title='bbox 1101 2582 1197 2631; x_wconf 87' lang='lat' dir='ltr'>tamen</span> <span class='ocrx_word' id='word_1_352' title='bbox 1217 2570 1276 2630; x_wconf 88' lang='lat' dir='ltr'>sine</span> <span class='ocrx_word' id='word_1_353' title='bbox 1297 2568 1470 2630; x_wconf 82' lang='lat' dir='ltr'>baldachino</span> <span class='ocrx_word' id='word_1_354' title='bbox 1492 2582 1612 2650; x_wconf 89' lang='lat' dir='ltr'>propter</span> <span class='ocrx_word' id='word_1_355' title='bbox 1642 2572 1796 2632; x_wconf 81' lang='lat' dir='ltr'>maximam</span> <span class='ocrx_word' id='word_1_356' title='bbox 1817 2588 1891 2652; x_wconf 92' lang='lat' dir='ltr'>pro-</span> 
     </span>
     <span class='ocr_line' id='line_1_55' title="bbox 1101 2670 1891 2749; baseline 0 -17"><span class='ocrx_word' id='word_1_357' title='bbox 1101 2671 1258 2732; x_wconf 86' lang='lat' dir='ltr'>cessionem</span> <span class='ocrx_word' id='word_1_358' title='bbox 1288 2670 1408 2749; x_wconf 87' lang='lat' dir='ltr'>populi,</span> <span class='ocrx_word' id='word_1_359' title='bbox 1436 2670 1673 2749; x_wconf 89' lang='lat' dir='ltr'>praecedentibus</span> <span class='ocrx_word' id='word_1_360' title='bbox 1700 2671 1891 2744; x_wconf 83' lang='lat' dir='ltr'>officialibus,</span> 
     </span>
     <span class='ocr_line' id='line_1_56' title="bbox 1101 2769 1891 2850; baseline -0.005 -15"><span class='ocrx_word' id='word_1_361' title='bbox 1101 2771 1220 2845; x_wconf 89' lang='lat' dir='ltr'>cruce,</span> <span class='ocrx_word' id='word_1_362' title='bbox 1248 2772 1406 2850; x_wconf 89' lang='lat' dir='ltr'>praelatis,</span> <span class='ocrx_word' id='word_1_363' title='bbox 1437 2782 1467 2832; x_wconf 88' lang='lat' dir='ltr'>et</span> <span class='ocrx_word' id='word_1_364' title='bbox 1498 2769 1728 2845; x_wconf 86' lang='lat' dir='ltr'>Cardinalibus,</span> <span class='ocrx_word' id='word_1_365' title='bbox 1759 2789 1794 2832; x_wconf 91' lang='lat' dir='ltr'>ae</span> <span class='ocrx_word' id='word_1_366' title='bbox 1825 2772 1891 2831; x_wconf 90' lang='lat' dir='ltr'>aliis</span> 
     </span>
     <span class='ocr_line' id='line_1_57' title="bbox 1101 2870 1889 2951; baseline -0.008 -17"><span class='ocrx_word' id='word_1_367' title='bbox 1101 2891 1184 2934; x_wconf 89' lang='lat' dir='ltr'>more</span> <span class='ocrx_word' id='word_1_368' title='bbox 1203 2872 1287 2932; x_wconf 85' lang='lat' dir='ltr'>solito</span> <span class='ocrx_word' id='word_1_369' title='bbox 1307 2879 1387 2931; x_wconf 80' lang='lat' dir='ltr'>astra</span> <span class='ocrx_word' id='word_1_370' title='bbox 1414 2880 1530 2950; x_wconf 88' lang='lat' dir='ltr'>portam</span> <span class='ocrx_word' id='word_1_371' title='bbox 1555 2871 1589 2931; x_wconf 90' lang='lat' dir='ltr'>de</span> <span class='ocrx_word' id='word_1_372' title='bbox 1617 2870 1729 2951; x_wconf 87' lang='lat' dir='ltr'>Populo</span> <span class='ocrx_word' id='word_1_373' title='bbox 1753 2870 1792 2929; x_wconf 93' lang='lat' dir='ltr'>ad</span> <span class='ocrx_word' id='word_1_374' title='bbox 1819 2887 1889 2949; x_wconf 88' lang='lat' dir='ltr'>spa·</span> 
     </span>
     <span class='ocr_line' id='line_1_58' title="bbox 1101 2970 1890 3051; baseline -0.008 -17"><span class='ocrx_word' id='word_1_375' title='bbox 1101 2975 1180 3034; x_wconf 91' lang='lat' dir='ltr'>cium</span> <span class='ocrx_word' id='word_1_376' title='bbox 1208 2973 1421 3051; x_wconf 83' lang='lat' dir='ltr'>quadraginta,</span> <span class='ocrx_word' id='word_1_377' title='bbox 1445 2973 1490 3033; x_wconf 83' lang='lat' dir='ltr'>rel</span> <span class='ocrx_word' id='word_1_378' title='bbox 1513 2972 1614 3043; x_wconf 90' lang='lat' dir='ltr'>circa,</span> <span class='ocrx_word' id='word_1_379' title='bbox 1646 2988 1808 3051; x_wconf 89' lang='lat' dir='ltr'>passuum,</span> <span class='ocrx_word' id='word_1_380' title='bbox 1841 2970 1890 3029; x_wconf 91' lang='lat' dir='ltr'>nbi</span> 
     </span>
     <span class='ocr_line' id='line_1_59' title="bbox 1102 3069 1887 3133; baseline -0.004 -2"><span class='ocrx_word' id='word_1_381' title='bbox 1102 3073 1215 3133; x_wconf 89' lang='lat' dir='ltr'>stabant</span> <span class='ocrx_word' id='word_1_382' title='bbox 1244 3071 1307 3130; x_wconf 87' lang='lat' dir='ltr'>RR.</span> <span class='ocrx_word' id='word_1_383' title='bbox 1329 3071 1391 3129; x_wconf 91' lang='lat' dir='ltr'>DD.</span> <span class='ocrx_word' id='word_1_384' title='bbox 1413 3069 1580 3132; x_wconf 74' lang='lat' dir='ltr'>cardinales</span> <span class='ocrx_word' id='word_1_385' title='bbox 1600 3071 1631 3130; x_wconf 94' lang='grc'><strong>8.</strong></span> <span class='ocrx_word' id='word_1_386' title='bbox 1654 3069 1735 3131; x_wconf 85' lang='lat' dir='ltr'>Petri</span> <span class='ocrx_word' id='word_1_387' title='bbox 1756 3069 1792 3129; x_wconf 83' lang='lat' dir='ltr'>ad</span> <span class='ocrx_word' id='word_1_388' title='bbox 1814 3069 1887 3131; x_wconf 80' lang='lat' dir='ltr'>vin-</span> 
     </span>
     <span class='ocr_line' id='line_1_60' title="bbox 1102 3170 1887 3249; baseline -0.005 -16"><span class='ocrx_word' id='word_1_389' title='bbox 1102 3175 1185 3245; x_wconf 92' lang='lat' dir='ltr'>cula,</span> <span class='ocrx_word' id='word_1_390' title='bbox 1203 3183 1231 3233; x_wconf 89' lang='lat' dir='ltr'>at</span> <span class='ocrx_word' id='word_1_391' title='bbox 1255 3171 1451 3233; x_wconf 86' lang='lat' dir='ltr'>Ulisbooensis</span> <span class='ocrx_word' id='word_1_392' title='bbox 1470 3172 1498 3230; x_wconf 90' lang='lat' dir='ltr'>in</span> <span class='ocrx_word' id='word_1_393' title='bbox 1517 3170 1576 3231; x_wconf 90' lang='lat' dir='ltr'>suis</span> <span class='ocrx_word' id='word_1_394' title='bbox 1605 3172 1801 3249; x_wconf 86' lang='lat' dir='ltr'>paramentis,</span> <span class='ocrx_word' id='word_1_395' title='bbox 1820 3187 1887 3229; x_wconf 88' lang='lat' dir='ltr'>eum</span> 
     </span>
     <span class='ocr_line' id='line_1_61' title="bbox 1101 3269 1884 3350; baseline -0.006 -17"><span class='ocrx_word' id='word_1_396' title='bbox 1101 3290 1205 3333; x_wconf 90' lang='lat' dir='ltr'>eorum</span> <span class='ocrx_word' id='word_1_397' title='bbox 1226 3271 1363 3344; x_wconf 82' lang='lat' dir='ltr'>familiis,</span> <span class='ocrx_word' id='word_1_398' title='bbox 1383 3270 1515 3350; x_wconf 90' lang='lat' dir='ltr'>pluribus</span> <span class='ocrx_word' id='word_1_399' title='bbox 1535 3269 1689 3330; x_wconf 86' lang='lat' dir='ltr'>intorticiis</span> <span class='ocrx_word' id='word_1_400' title='bbox 1709 3270 1884 3330; x_wconf 84' lang='lat' dir='ltr'>ardentibus.</span> 
     </span>
     <span class='ocr_line' id='line_1_62' title="bbox 1103 3368 1886 3452; baseline -0.004 -21"><span class='ocrx_word' id='word_1_401' title='bbox 1103 3371 1361 3452; x_wconf 75' lang='lat' dir='ltr'>Appropinquante</span> <span class='ocrx_word' id='word_1_402' title='bbox 1382 3370 1437 3432; x_wconf 91' lang='grc'><strong>88.</strong></span> <span class='ocrx_word' id='word_1_403' title='bbox 1465 3370 1501 3431; x_wconf 91' lang='grc' dir='ltr'><strong>Ι).</strong></span> <span class='ocrx_word' id='word_1_404' title='bbox 1527 3368 1562 3430; x_wconf 91' lang='grc'>8.</span> <span class='ocrx_word' id='word_1_405' title='bbox 1590 3380 1792 3450; x_wconf 90' lang='lat' dir='ltr'>processerunt</span> <span class='ocrx_word' id='word_1_406' title='bbox 1817 3368 1886 3429; x_wconf 88' lang='lat' dir='ltr'>dicti</span> 
     </span>
     <span class='ocr_line' id='line_1_63' title="bbox 1102 3468 1890 3551; baseline -0.003 -20"><span class='ocrx_word' id='word_1_407' title='bbox 1102 3472 1161 3534; x_wconf 91' lang='lat' dir='ltr'>duo</span> <span class='ocrx_word' id='word_1_408' title='bbox 1192 3472 1360 3534; x_wconf 84' lang='lat' dir='ltr'>cardinales</span> <span class='ocrx_word' id='word_1_409' title='bbox 1380 3470 1506 3551; x_wconf 72' lang='lat' dir='ltr'>legati,</span> <span class='ocrx_word' id='word_1_410' title='bbox 1538 3470 1575 3530; x_wconf 91' lang='lat' dir='ltr'>ad</span> <span class='ocrx_word' id='word_1_411' title='bbox 1604 3469 1741 3531; x_wconf 85' lang='lat' dir='ltr'>Narniam</span> <span class='ocrx_word' id='word_1_412' title='bbox 1770 3469 1826 3529; x_wconf 88' lang='lat' dir='ltr'>bac</span> <span class='ocrx_word' id='word_1_413' title='bbox 1855 3468 1890 3529; x_wconf 88' lang='lat' dir='ltr'>de</span> 
     </span>
     <span class='ocr_line' id='line_1_64' title="bbox 1102 3567 1892 3652; baseline -0.005 -20"><span class='ocrx_word' id='word_1_414' title='bbox 1102 3591 1188 3632; x_wconf 89' lang='lat' dir='ltr'>causa</span> <span class='ocrx_word' id='word_1_415' title='bbox 1211 3591 1305 3652; x_wconf 88' lang='lat' dir='ltr'>nuper</span> <span class='ocrx_word' id='word_1_416' title='bbox 1325 3572 1415 3644; x_wconf 88' lang='lat' dir='ltr'>missi,</span> <span class='ocrx_word' id='word_1_417' title='bbox 1430 3571 1467 3630; x_wconf 90' lang='lat' dir='ltr'>ad</span> <span class='ocrx_word' id='word_1_418' title='bbox 1486 3570 1518 3630; x_wconf 93' lang='grc'><strong>8.</strong></span> <span class='ocrx_word' id='word_1_419' title='bbox 1540 3569 1576 3630; x_wconf 87' lang='lat' dir='ltr'>D.</span> <span class='ocrx_word' id='word_1_420' title='bbox 1593 3568 1646 3644; x_wconf 89' lang='lat' dir='ltr'>N.;</span> <span class='ocrx_word' id='word_1_421' title='bbox 1659 3581 1689 3631; x_wconf 92' lang='lat' dir='ltr'>et</span> <span class='ocrx_word' id='word_1_422' title='bbox 1704 3568 1736 3630; x_wconf 88' lang='grc'><strong>8.</strong></span> <span class='ocrx_word' id='word_1_423' title='bbox 1753 3567 1832 3631; x_wconf 82' lang='lat' dir='ltr'>l&#39;etri</span> <span class='ocrx_word' id='word_1_424' title='bbox 1853 3568 1892 3629; x_wconf 94' lang='lat' dir='ltr'>ad</span> 
     </span>
     <span class='ocr_line' id='line_1_65' title="bbox 1102 3668 1889 3747; baseline -0.005 -14"><span class='ocrx_word' id='word_1_425' title='bbox 1102 3673 1224 3734; x_wconf 80' lang='lat' dir='ltr'>Vincula</span> <span class='ocrx_word' id='word_1_426' title='bbox 1237 3674 1366 3733; x_wconf 83' lang='lat' dir='ltr'>Ferrum</span> <span class='ocrx_word' id='word_1_427' title='bbox 1380 3673 1409 3732; x_wconf 92' lang='lat' dir='ltr'>in</span> <span class='ocrx_word' id='word_1_428' title='bbox 1424 3672 1611 3733; x_wconf 89' lang='lat' dir='ltr'>tabernaculo</span> <span class='ocrx_word' id='word_1_429' title='bbox 1626 3670 1795 3743; x_wconf 89' lang='lat' dir='ltr'>cristallino,</span> <span class='ocrx_word' id='word_1_430' title='bbox 1810 3668 1889 3747; x_wconf 89' lang='lat' dir='ltr'>quod</span> 
     </span>
     <span class='ocr_line' id='line_1_66' title="bbox 1102 3768 1892 3847; baseline -0.003 -16"><span class='ocrx_word' id='word_1_431' title='bbox 1102 3774 1131 3833; x_wconf 92' lang='lat' dir='ltr'>in</span> <span class='ocrx_word' id='word_1_432' title='bbox 1154 3774 1216 3832; x_wconf 90' lang='lat' dir='ltr'>suis</span> <span class='ocrx_word' id='word_1_433' title='bbox 1238 3771 1368 3833; x_wconf 90' lang='lat' dir='ltr'>manibus</span> <span class='ocrx_word' id='word_1_434' title='bbox 1389 3771 1523 3841; x_wconf 90' lang='lat' dir='ltr'>tenebat,</span> <span class='ocrx_word' id='word_1_435' title='bbox 1548 3770 1603 3831; x_wconf 92' lang='grc'>88.</span> <span class='ocrx_word' id='word_1_436' title='bbox 1632 3770 1667 3830; x_wconf 88' lang='grc' dir='ltr'><strong>Ι).</strong></span> <span class='ocrx_word' id='word_1_437' title='bbox 1686 3768 1745 3842; x_wconf 95' lang='grc'>8.,</span> <span class='ocrx_word' id='word_1_438' title='bbox 1764 3768 1892 3847; x_wconf 84' lang='lat' dir='ltr'>quibus·</span> 
     </span>
     <span class='ocr_line' id='line_1_67' title="bbox 1102 3868 1889 3933; baseline -0.004 0"><span class='ocrx_word' id='word_1_439' title='bbox 1102 3874 1168 3933; x_wconf 91' lang='lat' dir='ltr'>dam</span> <span class='ocrx_word' id='word_1_440' title='bbox 1207 3872 1346 3933; x_wconf 80' lang='lat' dir='ltr'>brevibus</span> <span class='ocrx_word' id='word_1_441' title='bbox 1380 3870 1479 3931; x_wconf 82' lang='lat' dir='ltr'>verbis</span> <span class='ocrx_word' id='word_1_442' title='bbox 1516 3871 1554 3930; x_wconf 90' lang='lat' dir='ltr'>ad</span> <span class='ocrx_word' id='word_1_443' title='bbox 1590 3870 1645 3930; x_wconf 87' lang='lat' dir='ltr'>boc</span> <span class='ocrx_word' id='word_1_444' title='bbox 1684 3868 1889 3930; x_wconf 78' lang='lat' dir='ltr'>convenienter</span> 
     </span>
     <span class='ocr_line' id='line_1_68' title="bbox 1102 3968 1886 4053; baseline -0.008 -20"><span class='ocrx_word' id='word_1_445' title='bbox 1102 3973 1291 4053; x_wconf 88' lang='lat' dir='ltr'>compositis,</span> <span class='ocrx_word' id='word_1_446' title='bbox 1310 3972 1423 4033; x_wconf 90' lang='lat' dir='ltr'>obtulit.</span> <span class='ocrx_word' id='word_1_447' title='bbox 1443 3970 1498 4032; x_wconf 92' lang='grc'>88.</span> <span class='ocrx_word' id='word_1_448' title='bbox 1513 3969 1549 4030; x_wconf 90' lang='grc' dir='ltr'><strong>Ι).</strong></span> <span class='ocrx_word' id='word_1_449' title='bbox 1566 3968 1617 4042; x_wconf 92' lang='grc'>8.,</span> <span class='ocrx_word' id='word_1_450' title='bbox 1636 3969 1762 4049; x_wconf 87' lang='lat' dir='ltr'>deposita</span> <span class='ocrx_word' id='word_1_451' title='bbox 1784 3968 1886 4043; x_wconf 87' lang='lat' dir='ltr'>mitra,</span> 
     </span>
    </p>
   </div>
   <div class='ocr_carea' id='block_1_11' title="bbox 243 4069 1892 5752">
    <p class='ocr_par' dir='ltr' id='par_1_12' title="bbox 243 4069 1892 5752">
     <span class='ocr_line' id='line_1_69' title="bbox 245 4069 1888 4154; baseline -0.002 -21"><span class='ocrx_word' id='word_1_452' title='bbox 245 4074 326 4133; x_wconf 89' lang='lat' dir='ltr'>omni</span> <span class='ocrx_word' id='word_1_453' title='bbox 349 4072 533 4133; x_wconf 84' lang='lat' dir='ltr'>veneratione</span> <span class='ocrx_word' id='word_1_454' title='bbox 553 4083 581 4134; x_wconf 92' lang='lat' dir='ltr'>at</span> <span class='ocrx_word' id='word_1_455' title='bbox 602 4072 712 4134; x_wconf 85' lang='lat' dir='ltr'>honore</span> <span class='ocrx_word' id='word_1_456' title='bbox 731 4074 839 4154; x_wconf 83' lang='lat' dir='ltr'>absque</span> <span class='ocrx_word' id='word_1_457' title='bbox 872 4069 1034 4153; x_wconf 85' lang='lat' dir='ltr'>cujuspiam</span> <span class='ocrx_word' id='word_1_458' title='bbox 1101 4075 1188 4136; x_wconf 89' lang='lat' dir='ltr'>etiam</span> <span class='ocrx_word' id='word_1_459' title='bbox 1210 4072 1351 4135; x_wconf 85' lang='lat' dir='ltr'>brevibus</span> <span class='ocrx_word' id='word_1_460' title='bbox 1381 4071 1476 4133; x_wconf 84' lang='lat' dir='ltr'>verbis</span> <span class='ocrx_word' id='word_1_461' title='bbox 1505 4070 1672 4151; x_wconf 83' lang='lat' dir='ltr'>respondit,</span> <span class='ocrx_word' id='word_1_462' title='bbox 1706 4069 1816 4149; x_wconf 90' lang='lat' dir='ltr'>occepit</span> <span class='ocrx_word' id='word_1_463' title='bbox 1839 4079 1888 4129; x_wconf 89' lang='lat' dir='ltr'>ta·</span> 
     </span>
     <span class='ocr_line' id='line_1_70' title="bbox 250 4169 1888 4250; baseline 0.001 -19"><span class='ocrx_word' id='word_1_464' title='bbox 250 4173 459 4233; x_wconf 87' lang='lat' dir='ltr'>detrectatione</span> <span class='ocrx_word' id='word_1_465' title='bbox 479 4169 569 4250; x_wconf 85' lang='lat' dir='ltr'>recipi</span> <span class='ocrx_word' id='word_1_466' title='bbox 588 4182 617 4233; x_wconf 91' lang='lat' dir='ltr'>et</span> <span class='ocrx_word' id='word_1_467' title='bbox 637 4175 800 4235; x_wconf 87' lang='lat' dir='ltr'>conservari</span> <span class='ocrx_word' id='word_1_468' title='bbox 822 4173 934 4236; x_wconf 87' lang='lat' dir='ltr'>debere.</span> <span class='ocrx_word' id='word_1_469' title='bbox 960 4173 1034 4235; x_wconf 80' lang='lat' dir='ltr'>lies.</span> <span class='ocrx_word' id='word_1_470' title='bbox 1100 4176 1290 4237; x_wconf 89' lang='lat' dir='ltr'>bernacalum</span> <span class='ocrx_word' id='word_1_471' title='bbox 1309 4191 1377 4233; x_wconf 91' lang='lat' dir='ltr'>cum</span> <span class='ocrx_word' id='word_1_472' title='bbox 1400 4172 1509 4244; x_wconf 78' lang='lat' dir='ltr'>Ferro,</span> <span class='ocrx_word' id='word_1_473' title='bbox 1531 4183 1561 4233; x_wconf 85' lang='lat' dir='ltr'>et</span> <span class='ocrx_word' id='word_1_474' title='bbox 1582 4171 1654 4231; x_wconf 94' lang='lat' dir='ltr'>illud</span> <span class='ocrx_word' id='word_1_475' title='bbox 1674 4171 1824 4231; x_wconf 88' lang='lat' dir='ltr'>osculatus</span> <span class='ocrx_word' id='word_1_476' title='bbox 1844 4183 1888 4232; x_wconf 86' lang='lat' dir='ltr'>ast</span> 
     </span>
     <span class='ocr_line' id='line_1_71' title="bbox 246 4271 1891 4353; baseline 0 -20"><span class='ocrx_word' id='word_1_477' title='bbox 246 4272 311 4333; x_wconf 89' lang='lat' dir='ltr'>DD.</span> <span class='ocrx_word' id='word_1_478' title='bbox 344 4272 514 4352; x_wconf 86' lang='lat' dir='ltr'>praedicti,</span> <span class='ocrx_word' id='word_1_479' title='bbox 547 4271 667 4352; x_wconf 74' lang='lat' dir='ltr'>singuiis</span> <span class='ocrx_word' id='word_1_480' title='bbox 698 4272 872 4346; x_wconf 87' lang='lat' dir='ltr'>intellectis,</span> <span class='ocrx_word' id='word_1_481' title='bbox 903 4274 1036 4334; x_wconf 81' lang='lat' dir='ltr'>dixerunt</span> <span class='ocrx_word' id='word_1_482' title='bbox 1102 4285 1278 4336; x_wconf 79' lang='lat' dir='ltr'>reverenter.</span> <span class='ocrx_word' id='word_1_483' title='bbox 1300 4272 1368 4333; x_wconf 85' lang='lat' dir='ltr'>brdc</span> <span class='ocrx_word' id='word_1_484' title='bbox 1389 4272 1521 4352; x_wconf 89' lang='lat' dir='ltr'>imposita</span> <span class='ocrx_word' id='word_1_485' title='bbox 1541 4281 1585 4332; x_wconf 87' lang='lat' dir='ltr'>ast</span> <span class='ocrx_word' id='word_1_486' title='bbox 1605 4272 1699 4353; x_wconf 87' lang='lat' dir='ltr'>Papae</span> <span class='ocrx_word' id='word_1_487' title='bbox 1720 4271 1829 4343; x_wconf 90' lang='lat' dir='ltr'>mitra,</span> <span class='ocrx_word' id='word_1_488' title='bbox 1861 4284 1891 4333; x_wconf 88' lang='lat' dir='ltr'>et</span> 
     </span>
     <span class='ocr_line' id='line_1_72' title="bbox 246 4372 1889 4456; baseline -0.002 -21"><span class='ocrx_word' id='word_1_489' title='bbox 246 4377 342 4435; x_wconf 88' lang='lat' dir='ltr'>omnia</span> <span class='ocrx_word' id='word_1_490' title='bbox 365 4372 419 4434; x_wconf 92' lang='grc'>88.</span> <span class='ocrx_word' id='word_1_491' title='bbox 432 4373 467 4434; x_wconf 88' lang='lat' dir='ltr'>D.</span> <span class='ocrx_word' id='word_1_492' title='bbox 479 4372 514 4433; x_wconf 89' lang='grc'>8.</span> <span class='ocrx_word' id='word_1_493' title='bbox 527 4374 717 4453; x_wconf 81' lang='lat' dir='ltr'>exposituros.</span> <span class='ocrx_word' id='word_1_494' title='bbox 738 4374 857 4455; x_wconf 85' lang='lat' dir='ltr'>lmuper</span> <span class='ocrx_word' id='word_1_495' title='bbox 881 4375 1036 4437; x_wconf 87' lang='lat' dir='ltr'>convenire</span> <span class='ocrx_word' id='word_1_496' title='bbox 1100 4375 1248 4456; x_wconf 85' lang='lat' dir='ltr'>processio</span> <span class='ocrx_word' id='word_1_497' title='bbox 1268 4394 1319 4455; x_wconf 87' lang='lat' dir='ltr'>per</span> <span class='ocrx_word' id='word_1_498' title='bbox 1340 4373 1375 4433; x_wconf 86' lang='lat' dir='ltr'>R.</span> <span class='ocrx_word' id='word_1_499' title='bbox 1397 4372 1433 4433; x_wconf 88' lang='lat' dir='ltr'>D.</span> <span class='ocrx_word' id='word_1_500' title='bbox 1454 4372 1655 4435; x_wconf 87' lang='lat' dir='ltr'>camerarium</span> <span class='ocrx_word' id='word_1_501' title='bbox 1676 4373 1829 4447; x_wconf 88' lang='lat' dir='ltr'>ordinata,</span> <span class='ocrx_word' id='word_1_502' title='bbox 1852 4373 1889 4432; x_wconf 92' lang='lat' dir='ltr'>ad</span> 
     </span>
     <span class='ocr_line' id='line_1_73' title="bbox 247 4463 1889 4554; baseline 0.002 -24"><span class='ocrx_word' id='word_1_503' title='bbox 247 4474 341 4533; x_wconf 83' lang='lat' dir='ltr'>videri</span> <span class='ocrx_word' id='word_1_504' title='bbox 353 4473 430 4551; x_wconf 87' lang='lat' dir='ltr'>quod</span> <span class='ocrx_word' id='word_1_505' title='bbox 448 4474 477 4533; x_wconf 93' lang='lat' dir='ltr'>in</span> <span class='ocrx_word' id='word_1_506' title='bbox 491 4472 588 4552; x_wconf 76' lang='lat' dir='ltr'>vigilia</span> <span class='ocrx_word' id='word_1_507' title='bbox 606 4473 944 4553; x_wconf 75' lang='lat' dir='ltr'>Ascemiooisprosimse</span> <span class='ocrx_word' id='word_1_508' title='bbox 957 4484 1036 4536; x_wconf 89' lang='lat' dir='ltr'>totus</span> <span class='ocrx_word' id='word_1_509' title='bbox 1101 4494 1190 4554; x_wconf 88' lang='lat' dir='ltr'>quam</span> <span class='ocrx_word' id='word_1_510' title='bbox 1209 4474 1288 4553; x_wconf 85' lang='lat' dir='ltr'>Papa</span> <span class='ocrx_word' id='word_1_511' title='bbox 1308 4491 1365 4534; x_wconf 90' lang='lat' dir='ltr'>non</span> <span class='ocrx_word' id='word_1_512' title='bbox 1386 4475 1548 4552; x_wconf 86' lang='lat' dir='ltr'>composuit</span> <span class='ocrx_word' id='word_1_513' title='bbox 1570 4463 1717 4533; x_wconf 88' lang='lat' dir='ltr'>incensum</span> <span class='ocrx_word' id='word_1_514' title='bbox 1746 4491 1838 4551; x_wconf 72' lang='lat' dir='ltr'>raeque</span> <span class='ocrx_word' id='word_1_515' title='bbox 1860 4474 1889 4533; x_wconf 88' lang='lat' dir='ltr'>io</span> 
     </span>
     <span class='ocr_line' id='line_1_74' title="bbox 245 4569 1888 4653; baseline 0 -20"><span class='ocrx_word' id='word_1_516' title='bbox 245 4573 372 4652; x_wconf 91' lang='lat' dir='ltr'>populus</span> <span class='ocrx_word' id='word_1_517' title='bbox 383 4583 500 4653; x_wconf 86' lang='lat' dir='ltr'>propter</span> <span class='ocrx_word' id='word_1_518' title='bbox 512 4573 704 4651; x_wconf 89' lang='lat' dir='ltr'>receptionem</span> <span class='ocrx_word' id='word_1_519' title='bbox 716 4569 884 4649; x_wconf 86' lang='lat' dir='ltr'>hujusmodi</span> <span class='ocrx_word' id='word_1_520' title='bbox 890 4573 973 4634; x_wconf 78' lang='lat' dir='ltr'>Ferri</span> <span class='ocrx_word' id='word_1_521' title='bbox 985 4570 1036 4650; x_wconf 82' lang='lat' dir='ltr'>je·</span> <span class='ocrx_word' id='word_1_522' title='bbox 1100 4574 1220 4637; x_wconf 85' lang='lat' dir='ltr'>ecelesia</span> <span class='ocrx_word' id='word_1_523' title='bbox 1237 4575 1272 4635; x_wconf 94' lang='lat' dir='ltr'>de</span> <span class='ocrx_word' id='word_1_524' title='bbox 1287 4573 1419 4652; x_wconf 85' lang='lat' dir='ltr'>Populo,</span> <span class='ocrx_word' id='word_1_525' title='bbox 1433 4589 1526 4651; x_wconf 89' lang='lat' dir='ltr'>neque</span> <span class='ocrx_word' id='word_1_526' title='bbox 1540 4583 1622 4633; x_wconf 79' lang='lat' dir='ltr'>extra</span> <span class='ocrx_word' id='word_1_527' title='bbox 1637 4583 1752 4652; x_wconf 91' lang='lat' dir='ltr'>portam</span> <span class='ocrx_word' id='word_1_528' title='bbox 1767 4584 1888 4653; x_wconf 87' lang='lat' dir='ltr'>propter</span> 
     </span>
     <span class='ocr_line' id='line_1_75' title="bbox 243 4668 1889 4753; baseline -0.002 -22"><span class='ocrx_word' id='word_1_529' title='bbox 243 4669 351 4749; x_wconf 85' lang='lat' dir='ltr'>janare</span> <span class='ocrx_word' id='word_1_530' title='bbox 363 4673 491 4746; x_wconf 81' lang='lat' dir='ltr'>deberet3</span> <span class='ocrx_word' id='word_1_531' title='bbox 501 4672 644 4752; x_wconf 88' lang='lat' dir='ltr'>respondi,</span> <span class='ocrx_word' id='word_1_532' title='bbox 656 4673 848 4752; x_wconf 89' lang='lat' dir='ltr'>receptionem</span> <span class='ocrx_word' id='word_1_533' title='bbox 859 4673 1036 4753; x_wconf 81' lang='lat' dir='ltr'>praedictam</span> <span class='ocrx_word' id='word_1_534' title='bbox 1103 4672 1265 4732; x_wconf 89' lang='lat' dir='ltr'>tumultum</span> <span class='ocrx_word' id='word_1_535' title='bbox 1284 4669 1356 4731; x_wconf 90' lang='lat' dir='ltr'>cleri</span> <span class='ocrx_word' id='word_1_536' title='bbox 1376 4668 1491 4741; x_wconf 87' lang='lat' dir='ltr'>Urbis,</span> <span class='ocrx_word' id='word_1_537' title='bbox 1511 4685 1580 4730; x_wconf 88' lang='lat' dir='ltr'>cum</span> <span class='ocrx_word' id='word_1_538' title='bbox 1602 4668 1806 4741; x_wconf 82' lang='lat' dir='ltr'>societatibus,</span> <span class='ocrx_word' id='word_1_539' title='bbox 1828 4668 1889 4730; x_wconf 84' lang='lat' dir='ltr'>aive</span> 
     </span>
     <span class='ocr_line' id='line_1_76' title="bbox 247 4767 1891 4854; baseline -0.004 -19"><span class='ocrx_word' id='word_1_540' title='bbox 247 4793 315 4837; x_wconf 91' lang='lat' dir='ltr'>cum</span> <span class='ocrx_word' id='word_1_541' title='bbox 328 4776 433 4836; x_wconf 89' lang='lat' dir='ltr'>laetitia</span> <span class='ocrx_word' id='word_1_542' title='bbox 447 4773 545 4854; x_wconf 87' lang='lat' dir='ltr'>popuii</span> <span class='ocrx_word' id='word_1_543' title='bbox 560 4770 623 4836; x_wconf 84' lang='lat' dir='ltr'>fleri</span> <span class='ocrx_word' id='word_1_544' title='bbox 641 4772 757 4847; x_wconf 90' lang='lat' dir='ltr'>debere,</span> <span class='ocrx_word' id='word_1_545' title='bbox 770 4785 878 4835; x_wconf 89' lang='lat' dir='ltr'>etcum</span> <span class='ocrx_word' id='word_1_546' title='bbox 890 4774 964 4834; x_wconf 90' lang='lat' dir='ltr'>inter</span> <span class='ocrx_word' id='word_1_547' title='bbox 976 4772 1037 4832; x_wconf 87' lang='lat' dir='ltr'>Pa·</span> <span class='ocrx_word' id='word_1_548' title='bbox 1101 4770 1266 4834; x_wconf 78' lang='lat' dir='ltr'>confratriis</span> <span class='ocrx_word' id='word_1_549' title='bbox 1279 4769 1460 4841; x_wconf 80' lang='lat' dir='ltr'>salvatoris,</span> <span class='ocrx_word' id='word_1_550' title='bbox 1474 4769 1672 4831; x_wconf 67' lang='lat' dir='ltr'>annunciatus</span> <span class='ocrx_word' id='word_1_551' title='bbox 1686 4812 1694 4840; x_wconf 88' lang='lat'>,</span> <span class='ocrx_word' id='word_1_552' title='bbox 1714 4767 1891 4841; x_wconf 70' lang='lat' dir='ltr'>mailaianis,</span> 
     </span>
     <span class='ocr_line' id='line_1_77' title="bbox 247 4867 1892 4954; baseline -0.003 -21"><span class='ocrx_word' id='word_1_553' title='bbox 247 4873 318 4934; x_wconf 83' lang='lat' dir='ltr'>soba</span> <span class='ocrx_word' id='word_1_554' title='bbox 339 4885 369 4935; x_wconf 88' lang='lat' dir='ltr'>at</span> <span class='ocrx_word' id='word_1_555' title='bbox 389 4874 502 4934; x_wconf 82' lang='lat' dir='ltr'>Pascba</span> <span class='ocrx_word' id='word_1_556' title='bbox 524 4891 580 4934; x_wconf 87' lang='lat' dir='ltr'>noo</span> <span class='ocrx_word' id='word_1_557' title='bbox 599 4874 656 4934; x_wconf 89' lang='lat' dir='ltr'>sint</span> <span class='ocrx_word' id='word_1_558' title='bbox 671 4870 809 4953; x_wconf 72' lang='lat' dir='ltr'>ieiunia,</span> <span class='ocrx_word' id='word_1_559' title='bbox 830 4884 944 4954; x_wconf 86' lang='lat' dir='ltr'>possem</span> <span class='ocrx_word' id='word_1_560' title='bbox 961 4873 1036 4936; x_wconf 79' lang='lat' dir='ltr'>forte</span> <span class='ocrx_word' id='word_1_561' title='bbox 1101 4883 1131 4933; x_wconf 91' lang='lat' dir='ltr'>et</span> <span class='ocrx_word' id='word_1_562' title='bbox 1152 4869 1286 4951; x_wconf 88' lang='lat' dir='ltr'>pluribus</span> <span class='ocrx_word' id='word_1_563' title='bbox 1306 4871 1378 4931; x_wconf 87' lang='lat' dir='ltr'>aliis:</span> <span class='ocrx_word' id='word_1_564' title='bbox 1395 4869 1461 4931; x_wconf 91' lang='lat' dir='ltr'>binc</span> <span class='ocrx_word' id='word_1_565' title='bbox 1477 4869 1572 4931; x_wconf 87' lang='lat' dir='ltr'>omnia</span> <span class='ocrx_word' id='word_1_566' title='bbox 1584 4887 1636 4948; x_wconf 92' lang='lat' dir='ltr'>per</span> <span class='ocrx_word' id='word_1_567' title='bbox 1646 4867 1797 4930; x_wconf 90' lang='lat' dir='ltr'>ecclesiam</span> <span class='ocrx_word' id='word_1_568' title='bbox 1808 4878 1892 4928; x_wconf 86' lang='lat' dir='ltr'>eram</span> 
     </span>
     <span class='ocr_line' id='line_1_78' title="bbox 247 4965 1887 5054; baseline -0.003 -21"><span class='ocrx_word' id='word_1_569' title='bbox 247 4975 347 5053; x_wconf 89' lang='lat' dir='ltr'>plures</span> <span class='ocrx_word' id='word_1_570' title='bbox 363 4984 481 5054; x_wconf 87' lang='lat' dir='ltr'>propter</span> <span class='ocrx_word' id='word_1_571' title='bbox 494 4968 642 5049; x_wconf 83' lang='lat' dir='ltr'>jejunium</span> <span class='ocrx_word' id='word_1_572' title='bbox 657 4970 823 5050; x_wconf 82' lang='lat' dir='ltr'>hujusmodi</span> <span class='ocrx_word' id='word_1_573' title='bbox 841 4975 1036 5049; x_wconf 85' lang='lat' dir='ltr'>commoveri,</span> <span class='ocrx_word' id='word_1_574' title='bbox 1101 4972 1130 5032; x_wconf 91' lang='lat' dir='ltr'>in</span> <span class='ocrx_word' id='word_1_575' title='bbox 1148 4982 1226 5032; x_wconf 86' lang='lat' dir='ltr'>tanta</span> <span class='ocrx_word' id='word_1_576' title='bbox 1247 4970 1435 5041; x_wconf 79' lang='lat' dir='ltr'>cosdusione,</span> <span class='ocrx_word' id='word_1_577' title='bbox 1451 4968 1529 5047; x_wconf 86' lang='lat' dir='ltr'>quod</span> <span class='ocrx_word' id='word_1_578' title='bbox 1548 4970 1700 5047; x_wconf 85' lang='lat' dir='ltr'>plusquam</span> <span class='ocrx_word' id='word_1_579' title='bbox 1716 4984 1768 5047; x_wconf 91' lang='lat' dir='ltr'>per</span> <span class='ocrx_word' id='word_1_580' title='bbox 1784 4965 1887 5028; x_wconf 87' lang='lat' dir='ltr'>boram</span> 
     </span>
     <span class='ocr_line' id='line_1_79' title="bbox 248 5069 1888 5154; baseline -0.005 -19"><span class='ocrx_word' id='word_1_581' title='bbox 248 5083 279 5135; x_wconf 84' lang='lat' dir='ltr'>et</span> <span class='ocrx_word' id='word_1_582' title='bbox 301 5075 366 5135; x_wconf 91' lang='lat' dir='ltr'>loco</span> <span class='ocrx_word' id='word_1_583' title='bbox 389 5072 547 5134; x_wconf 85' lang='lat' dir='ltr'>devotionis</span> <span class='ocrx_word' id='word_1_584' title='bbox 568 5073 787 5153; x_wconf 82' lang='lat' dir='ltr'>blaspbemarc3</span> <span class='ocrx_word' id='word_1_585' title='bbox 809 5071 951 5151; x_wconf 84' lang='lat' dir='ltr'>majorem</span> <span class='ocrx_word' id='word_1_586' title='bbox 972 5076 1035 5137; x_wconf 89' lang='lat' dir='ltr'>lae·</span> <span class='ocrx_word' id='word_1_587' title='bbox 1101 5072 1310 5154; x_wconf 85' lang='lat' dir='ltr'>processionem</span> <span class='ocrx_word' id='word_1_588' title='bbox 1344 5069 1505 5132; x_wconf 83' lang='lat' dir='ltr'>retardarit</span> <span class='ocrx_word' id='word_1_589' title='bbox 1534 5078 1688 5145; x_wconf 85' lang='lat' dir='ltr'>antequam</span> <span class='ocrx_word' id='word_1_590' title='bbox 1714 5075 1808 5147; x_wconf 86' lang='lat' dir='ltr'>posset</span> <span class='ocrx_word' id='word_1_591' title='bbox 1837 5085 1888 5145; x_wconf 93' lang='lat' dir='ltr'>per</span> 
     </span>
     <span class='ocr_line' id='line_1_80' title="bbox 251 5167 1892 5252; baseline -0.004 -17"><span class='ocrx_word' id='word_1_592' title='bbox 251 5174 343 5235; x_wconf 87' lang='lat' dir='ltr'>titiam</span> <span class='ocrx_word' id='word_1_593' title='bbox 364 5169 670 5249; x_wconf 80' lang='lat' dir='ltr'>afferrejudicabam,</span> <span class='ocrx_word' id='word_1_594' title='bbox 690 5176 736 5249; x_wconf 87' lang='lat' dir='ltr'>si,</span> <span class='ocrx_word' id='word_1_595' title='bbox 758 5176 822 5238; x_wconf 93' lang='lat' dir='ltr'>loco</span> <span class='ocrx_word' id='word_1_596' title='bbox 839 5173 958 5252; x_wconf 84' lang='lat' dir='ltr'>jejunii,</span> <span class='ocrx_word' id='word_1_597' title='bbox 979 5176 1035 5237; x_wconf 90' lang='grc'>88.</span> <span class='ocrx_word' id='word_1_598' title='bbox 1103 5174 1138 5233; x_wconf 78' lang='grc' dir='ltr'><strong>ΙΙ.</strong></span> <span class='ocrx_word' id='word_1_599' title='bbox 1168 5173 1204 5233; x_wconf 89' lang='grc' dir='ltr'><strong>Ι).</strong></span> <span class='ocrx_word' id='word_1_600' title='bbox 1236 5171 1440 5234; x_wconf 88' lang='lat' dir='ltr'>Camerarinm</span> <span class='ocrx_word' id='word_1_601' title='bbox 1472 5169 1601 5231; x_wconf 89' lang='lat' dir='ltr'>ordinari</span> <span class='ocrx_word' id='word_1_602' title='bbox 1608 5189 1619 5241; x_wconf 85' lang='lat'>3</span> <span class='ocrx_word' id='word_1_603' title='bbox 1648 5185 1713 5227; x_wconf 88' lang='lat' dir='ltr'>nam</span> <span class='ocrx_word' id='word_1_604' title='bbox 1740 5167 1892 5229; x_wconf 87' lang='lat' dir='ltr'>societates</span> 
     </span>
     <span class='ocr_line' id='line_1_81' title="bbox 250 5270 1887 5356; baseline -0.004 -21"><span class='ocrx_word' id='word_1_605' title='bbox 250 5274 286 5335; x_wconf 90' lang='lat' dir='ltr'>D.</span> <span class='ocrx_word' id='word_1_606' title='bbox 308 5274 342 5335; x_wconf 88' lang='grc'>8.</span> <span class='ocrx_word' id='word_1_607' title='bbox 366 5277 394 5333; x_wconf 89' lang='lat' dir='ltr'>in</span> <span class='ocrx_word' id='word_1_608' title='bbox 413 5273 557 5352; x_wconf 85' lang='lat' dir='ltr'>aliquibus</span> <span class='ocrx_word' id='word_1_609' title='bbox 575 5277 698 5354; x_wconf 87' lang='lat' dir='ltr'>plateis,</span> <span class='ocrx_word' id='word_1_610' title='bbox 718 5276 769 5335; x_wconf 90' lang='lat' dir='ltr'>obi</span> <span class='ocrx_word' id='word_1_611' title='bbox 785 5278 930 5356; x_wconf 83' lang='lat' dir='ltr'>processio</span> <span class='ocrx_word' id='word_1_612' title='bbox 952 5289 1035 5338; x_wconf 87' lang='lat' dir='ltr'>tran-</span> <span class='ocrx_word' id='word_1_613' title='bbox 1102 5274 1237 5336; x_wconf 86' lang='lat' dir='ltr'>nolebant</span> <span class='ocrx_word' id='word_1_614' title='bbox 1254 5272 1335 5350; x_wconf 83' lang='lat' dir='ltr'>sequi</span> <span class='ocrx_word' id='word_1_615' title='bbox 1355 5272 1484 5341; x_wconf 91' lang='lat' dir='ltr'>clarum,</span> <span class='ocrx_word' id='word_1_616' title='bbox 1505 5282 1534 5330; x_wconf 88' lang='lat' dir='ltr'>et</span> <span class='ocrx_word' id='word_1_617' title='bbox 1551 5271 1635 5334; x_wconf 89' lang='lat' dir='ltr'>etiam</span> <span class='ocrx_word' id='word_1_618' title='bbox 1654 5270 1730 5330; x_wconf 89' lang='lat' dir='ltr'>luter</span> <span class='ocrx_word' id='word_1_619' title='bbox 1748 5288 1778 5329; x_wconf 88' lang='lat' dir='ltr'>sc</span> <span class='ocrx_word' id='word_1_620' title='bbox 1800 5288 1887 5346; x_wconf 88' lang='lat' dir='ltr'>super</span> 
     </span>
     <span class='ocr_line' id='line_1_82' title="bbox 251 5367 1892 5460; baseline -0.001 -27"><span class='ocrx_word' id='word_1_621' title='bbox 251 5375 458 5460; x_wconf 72' lang='lat' dir='ltr'>alienasset,</span> <span class='ocrx_word' id='word_1_622' title='bbox 485 5374 578 5435; x_wconf 88' lang='lat' dir='ltr'>lantes</span> <span class='ocrx_word' id='word_1_623' title='bbox 605 5376 661 5435; x_wconf 88' lang='lat' dir='ltr'>vini</span> <span class='ocrx_word' id='word_1_624' title='bbox 692 5379 955 5457; x_wconf 83' lang='lat' dir='ltr'>pertranseuntium</span> <span class='ocrx_word' id='word_1_625' title='bbox 987 5367 1036 5439; x_wconf 58' lang='lat' dir='ltr'>ress</span> <span class='ocrx_word' id='word_1_626' title='bbox 1102 5374 1300 5456; x_wconf 88' lang='lat' dir='ltr'>praecedentia</span> <span class='ocrx_word' id='word_1_627' title='bbox 1321 5370 1549 5444; x_wconf 82' lang='lat' dir='ltr'>contendebant3</span> <span class='ocrx_word' id='word_1_628' title='bbox 1572 5370 1686 5431; x_wconf 86' lang='lat' dir='ltr'>tandem</span> <span class='ocrx_word' id='word_1_629' title='bbox 1707 5368 1744 5429; x_wconf 89' lang='lat' dir='ltr'>R.</span> <span class='ocrx_word' id='word_1_630' title='bbox 1762 5368 1799 5430; x_wconf 87' lang='lat' dir='ltr'>D.</span> <span class='ocrx_word' id='word_1_631' title='bbox 1814 5370 1892 5432; x_wconf 91' lang='lat' dir='ltr'>car·</span> 
     </span>
     <span class='ocr_line' id='line_1_83' title="bbox 253 5472 1892 5560; baseline -0.002 -25"><span class='ocrx_word' id='word_1_632' title='bbox 253 5477 391 5538; x_wconf 89' lang='lat' dir='ltr'>creationi</span> <span class='ocrx_word' id='word_1_633' title='bbox 411 5473 476 5538; x_wconf 88' lang='lat' dir='ltr'>lieri</span> <span class='ocrx_word' id='word_1_634' title='bbox 496 5474 666 5548; x_wconf 89' lang='lat' dir='ltr'>mandaret,</span> <span class='ocrx_word' id='word_1_635' title='bbox 687 5494 774 5555; x_wconf 80' lang='lat' dir='ltr'>qtsam</span> <span class='ocrx_word' id='word_1_636' title='bbox 793 5481 816 5538; x_wconf 89' lang='lat' dir='ltr'>si</span> <span class='ocrx_word' id='word_1_637' title='bbox 835 5475 983 5560; x_wconf 70' lang='lat' dir='ltr'>jejunium</span> <span class='ocrx_word' id='word_1_638' title='bbox 1003 5500 1039 5542; x_wconf 93' lang='lat' dir='ltr'>eo</span> <span class='ocrx_word' id='word_1_639' title='bbox 1103 5477 1210 5549; x_wconf 89' lang='lat' dir='ltr'>dinale,</span> <span class='ocrx_word' id='word_1_640' title='bbox 1229 5476 1311 5554; x_wconf 90' lang='lat' dir='ltr'>ipsis,</span> <span class='ocrx_word' id='word_1_641' title='bbox 1333 5473 1412 5553; x_wconf 88' lang='lat' dir='ltr'>quod</span> <span class='ocrx_word' id='word_1_642' title='bbox 1434 5474 1480 5534; x_wconf 86' lang='lat' dir='ltr'>vel</span> <span class='ocrx_word' id='word_1_643' title='bbox 1501 5474 1691 5545; x_wconf 88' lang='lat' dir='ltr'>recederent,</span> <span class='ocrx_word' id='word_1_644' title='bbox 1716 5472 1762 5532; x_wconf 84' lang='lat' dir='ltr'>vel</span> <span class='ocrx_word' id='word_1_645' title='bbox 1784 5490 1892 5551; x_wconf 86' lang='lat' dir='ltr'>proce-</span> 
     </span>
     <span class='ocr_line' id='line_1_84' title="bbox 252 5560 1891 5659; baseline -0.012 -8"><span class='ocrx_word' id='word_1_646' title='bbox 252 5576 297 5638; x_wconf 59' lang='lat' dir='ltr'>dit</span> <span class='ocrx_word' id='word_1_647' title='bbox 318 5576 479 5650; x_wconf 56' lang='lat' dir='ltr'>ludwici</span> <span class='ocrx_word' id='word_1_648' title='bbox 501 5577 578 5655; x_wconf 78' lang='lat' dir='ltr'>qaod</span> <span class='ocrx_word' id='word_1_649' title='bbox 593 5588 622 5638; x_wconf 90' lang='lat' dir='ltr'>ct</span> <span class='ocrx_word' id='word_1_650' title='bbox 636 5560 883 5642; x_wconf 65' lang='lat' dir='ltr'>&amp;pertransisse</span> <span class='ocrx_word' id='word_1_651' title='bbox 897 5600 927 5641; x_wconf 90' lang='lat' dir='ltr'>se</span> <span class='ocrx_word' id='word_1_652' title='bbox 947 5599 1037 5659; x_wconf 81' lang='lat' dir='ltr'>espo-</span> <span class='ocrx_word' id='word_1_653' title='bbox 1102 5578 1202 5639; x_wconf 86' lang='lat' dir='ltr'>darent</span> <span class='ocrx_word' id='word_1_654' title='bbox 1219 5575 1274 5636; x_wconf 90' lang='lat' dir='ltr'>sub</span> <span class='ocrx_word' id='word_1_655' title='bbox 1295 5592 1384 5654; x_wconf 91' lang='lat' dir='ltr'>poena</span> <span class='ocrx_word' id='word_1_656' title='bbox 1406 5572 1558 5634; x_wconf 91' lang='lat' dir='ltr'>mandante</span> <span class='ocrx_word' id='word_1_657' title='bbox 1570 5616 1579 5645; x_wconf 92' lang='lat'>,</span> <span class='ocrx_word' id='word_1_658' title='bbox 1607 5583 1835 5651; x_wconf 88' lang='lat' dir='ltr'>processerunt,</span> <span class='ocrx_word' id='word_1_659' title='bbox 1862 5584 1891 5633; x_wconf 87' lang='lat' dir='ltr'>ct</span> 
     </span>
     <span class='ocr_line' id='line_1_85' title="bbox 251 5671 1695 5752; baseline -0.003 -19"><span class='ocrx_word' id='word_1_660' title='bbox 251 5677 359 5738; x_wconf 77' lang='lat' dir='ltr'>sitnros</span> <span class='ocrx_word' id='word_1_661' title='bbox 381 5678 531 5749; x_wconf 77' lang='lat' dir='ltr'>diserunt3</span> <span class='ocrx_word' id='word_1_662' title='bbox 554 5676 603 5752; x_wconf 79' lang='lat' dir='ltr'>qai</span> <span class='ocrx_word' id='word_1_663' title='bbox 629 5675 750 5747; x_wconf 90' lang='lat' dir='ltr'>deinde,</span> <span class='ocrx_word' id='word_1_664' title='bbox 770 5679 904 5739; x_wconf 84' lang='lat' dir='ltr'>omnibus</span> <span class='ocrx_word' id='word_1_665' title='bbox 925 5680 1037 5741; x_wconf 89' lang='lat' dir='ltr'>intelle·</span> <span class='ocrx_word' id='word_1_666' title='bbox 1103 5679 1193 5740; x_wconf 75' lang='lat' dir='ltr'>menti</span> <span class='ocrx_word' id='word_1_667' title='bbox 1212 5688 1280 5737; x_wconf 89' lang='lat' dir='ltr'>snm</span> <span class='ocrx_word' id='word_1_668' title='bbox 1301 5674 1391 5735; x_wconf 90' lang='lat' dir='ltr'>nostri</span> <span class='ocrx_word' id='word_1_669' title='bbox 1413 5673 1513 5735; x_wconf 88' lang='lat' dir='ltr'>ordine</span> <span class='ocrx_word' id='word_1_670' title='bbox 1534 5671 1695 5733; x_wconf 86' lang='lat' dir='ltr'>inlradiato</span> 
     </span>
    </p>
   </div>
   <div class='ocr_carea' id='block_1_12' title="bbox 0 0 2253 6852">
    <p class='ocr_par' dir='ltr' id='par_1_13' title="bbox 0 0 2253 6852">
     <span class='ocr_line' id='line_1_86' title="bbox 0 0 2253 6852; baseline 0 0"><span class='ocrx_word' id='word_1_671' title='bbox 0 0 2253 6852; x_wconf 95' lang='lat' dir='ltr'> </span> 
     </span>
    </p>
   </div>
  </div>
 </body>
</html>
