4492 6859
297 634 337 692 il!
778 627 1059 692 ronrtrtcauus
1082 625 1305 690 tuuocuttrtt
1327 626 1482 689 Dchl'l.

294 765 382 844 hujus
403 768 444 828 rei
467 767 616 827 veritatem
639 766 830 844 perquirere,
857 774 886 824 et
912 763 1036 825 intellexi
1059 781 1075 821 a

294 871 362 940 suis,
378 868 471 947 ipsum
482 865 593 927 Ducem
614 865 642 927 in
664 867 757 944 capite
774 867 881 925 laesum
902 875 932 925 et
951 876 1076 934 tonsum,

294 967 439 1046 quoddam
460 968 599 1028 eirottum
626 964 733 1026 habere
765 965 848 1024 valde
874 964 1023 1036 deforme,
1043 984 1077 1025 ex

293 1087 352 1146 quo
366 1069 493 1128 biretum
509 1066 650 1145 deponere
670 1081 728 1124 non
748 1076 841 1145 posset
853 1085 862 1137 3
875 1060 964 1140 jussit
978 1064 1077 1125 deinde

294 1168 424 1229 Pontifex
449 1167 561 1227 Ducem
582 1183 724 1245 surgere,
745 1176 773 1226 et
796 1166 893 1225 locum
916 1166 968 1242 ipsi
991 1162 1076 1237 dari;

293 1286 380 1346 quem
395 1276 458 1346 post
478 1264 514 1324 ll.
531 1264 566 1324 D.
587 1265 741 1325 Ascanium
764 1264 898 1325 ultimum
917 1265 1077 1325 Diaconum

211 1410 221 1425 .
293 1366 476 1427 cardinalem
498 1366 528 1423 in
549 1364 679 1426 scabello
700 1365 873 1425 cardinalari
894 1364 993 1425 sedere
1014 1364 1078 1423 ieci.

295 1465 518 1545 Quamprimum
532 1464 599 1524 Dux
621 1483 765 1527 eameram
788 1466 919 1540 intraret,
940 1482 1078 1525 surrexe·

253 1583 257 1590 ·
296 1579 364 1626 runt
386 1584 483 1627 omnes
504 1565 682 1638 Cardinales,
702 1578 808 1626 stantes
827 1585 978 1645 quousque
1004 1566 1079 1626 Duci

295 1668 377 1727 locus
405 1667 489 1726 datus
515 1677 609 1727 esset:
632 1678 700 1727 lune
726 1666 863 1728 sederunt
888 1686 987 1727 amares
1012 1685 1079 1726 eum

295 1767 395 1840 Duce;
417 1778 445 1828 et
469 1768 562 1827 roeati
584 1778 650 1832 sarnt
671 1766 778 1828 nobiles
800 1768 899 1840 Ducis,
927 1768 979 1845 qui
998 1785 1081 1827 maa·

295 1870 386 1946 ginta,
402 1870 446 1929 rel
464 1870 554 1940 cirea,
568 1868 696 1940 luerunt,
713 1886 811 1928 omnes
830 1868 964 1930 catbeuas
978 1886 1082 1928 aureas

295 1964 333 2027 ad
353 1970 463 2029 collum
486 1968 630 2039 babentes,
651 1970 701 2047 qui
721 1970 828 2047 singuli
857 1968 957 2047 pedem
979 1966 1081 2028 Ponti-

297 2067 357 2128 beis
372 2080 440 2128 sum
453 2068 572 2127 osculati
578 2089 588 2140 ;
605 2086 664 2146 quo
677 2069 764 2140 iacto,
778 2078 970 2128 surrexerunt
983 2085 1082 2127 omnes

295 2168 462 2229 cardinales
478 2180 506 2228 et
522 2167 577 2227 SS.
594 2168 628 2226 Ι).
643 2166 678 2227 Ν.
694 2168 839 2227 ordinarit
853 2169 931 2247 quod
944 2168 1007 2227 uti.
1019 2169 1081 2228 DD.

298 2268 328 2327 S.
352 2269 453 2347 Angeli
474 2278 504 2328 et
517 2267 663 2345 Ascanius
690 2266 827 2345 praedicti
854 2269 946 2346 ipsum
971 2268 1081 2328 Ducem

297 2386 387 2446 usque
408 2367 445 2425 ad
467 2385 611 2426 cumeram
632 2384 714 2425 suam
737 2368 791 2426 sibi
812 2367 842 2427 in
861 2367 973 2427 Palatio
993 2386 1081 2447 para·

298 2480 379 2542 tam,
401 2486 476 2546 quae
497 2486 557 2528 esse
578 2468 650 2527 solet
670 2466 734 2526 RR.
756 2467 936 2541 camerarii,
955 2470 1081 2529 associa·

299 2580 374 2641 rent,
388 2578 477 2647 prout
489 2567 599 2627 laeuam
613 2579 666 2641 est;
683 2567 730 2627 ubi
749 2568 778 2627 in
789 2580 912 2641 secreta,
926 2580 955 2630 et
970 2570 1082 2642 ultima,

297 2687 347 2729 seu
369 2667 530 2729 cubiculari
551 2685 642 2747 parra
655 2687 781 2744 camera,
800 2671 859 2747 ipso
874 2669 956 2730 Duce
978 2669 1081 2730 ibidem

297 2769 423 2842 dimisso,
444 2770 497 2829 soli
520 2769 687 2831 cardinales
707 2773 767 2831 sine
788 2770 870 2834 Duce
890 2772 1033 2842 exierunt,
1053 2784 1081 2833 et

296 2868 332 2927 ad
353 2869 453 2929 domos
473 2887 551 2940 suas,
572 2888 627 2928 una
650 2887 717 2929 eum
739 2871 872 2931 omnibus
892 2872 956 2930 aliis
976 2871 1083 2932 cardi·

298 2967 420 3039 nalibus,
441 2969 597 3030 redierunt.
620 2968 747 3030 Sacrista
770 2971 864 3052 Papae
891 2971 1082 3051 reprehensus

298 3069 353 3129 luit
374 3087 391 3128 a
412 3068 623 3141 cardinalibus,
641 3070 718 3147 quod
740 3071 882 3150 pluviale,
902 3083 931 3131 et
951 3072 1006 3131 alia
1028 3090 1082 3150 pa·

299 3179 428 3230 ramenta
448 3167 595 3231 Pontibcis
610 3182 765 3251 paraverat
780 3194 790 3243 ;
812 3171 900 3232 eredo
914 3183 1011 3233 autem
1027 3170 1082 3231 ho-

298 3270 403 3331 nestius
424 3270 526 3344 luisse,
548 3271 625 3348 quod
644 3270 722 3350 Papa
738 3272 767 3332 in
788 3273 859 3333 stola
882 3273 977 3351 ipsum
998 3290 1082 3333 reee-

298 3371 384 3449 perit,
404 3388 492 3448 quarn
512 3370 541 3429 iu
559 3369 691 3448 pluviali,
709 3389 778 3431 cum
793 3373 821 3431 io
841 3372 1011 3432 consistorio
1026 3389 1082 3431 non

298 3471 423 3542 venerit,
445 3486 536 3546 neque
556 3468 643 3528 tuerit
666 3471 887 3541 consistorium,
908 3472 956 3530 sed
977 3471 1084 3531 cardi-

197 3635 206 3654 .
300 3571 399 3637 nales,
421 3579 533 3628 tantum
561 3587 615 3645 pro
646 3567 754 3630 bonore
775 3569 946 3644 Pontifieis,
974 3571 1085 3631 luerint

300 3668 403 3731 ibidem
430 3671 619 3748 congregati,
650 3689 707 3731 noo
732 3689 787 3750 pro
809 3672 977 3732 consistorio
997 3690 1085 3750 pera·

301 3771 402 3847 gendo.
426 3766 533 3831 Omnes
559 3771 641 3832 aulae
671 3771 797 3844 Palatii,
818 3791 852 3833 ac
873 3772 974 3833 ambae
1000 3774 1084 3833 aulae

300 3881 524 3931 antecameram
543 3873 741 3951 apostolicam,
757 3884 786 3933 et
802 3890 918 3933 camera
936 3874 997 3953 ipsa
1016 3892 1083 3934 cum

300 3971 362 4031 aliis
384 3972 566 4050 sequentibus
587 3973 690 4047 tribus,
712 3975 866 4054 perpulcre
885 3986 1002 4053 paratae
1017 3975 1084 4037 lue·

301 4083 371 4132 runt
392 4072 490 4151 pannis
511 4072 545 4132 de
575 4090 692 4146 arazao,
710 4084 740 4134 et
766 4073 828 4133 aliis
855 4075 965 4152 pulcris
993 4094 1084 4154 usque

300 4186 363 4251 post
384 4190 527 4234 recessum
549 4173 646 4232 Ducis.

341 4273 394 4334 Die
414 4273 564 4346 mercurii,
584 4292 634 4334 seu
656 4286 760 4352 quarta
781 4274 862 4346 ieria,
874 4276 924 4336 23.
945 4280 1024 4354 maii,
1038 4279 1085 4337 vi·

301 4375 370 4452 gilia
390 4374 568 4437 hscernionis
589 4373 624 4433 D.
644 4372 678 4434 ll.
699 4374 766 4435 lesu
785 4374 903 4448 Christi,
923 4376 994 4438 bora
1013 4397 1085 4439 con·

299 4486 392 4545 sueta,
406 4474 525 4534 luerunt
541 4493 676 4563 vesperae
697 4476 811 4555 papales
828 4476 856 4534 in
875 4479 1001 4557 cappella
1021 4498 1086 4540 ma-

300 4591 357 4650 gna
389 4571 502 4638 Palatii,
533 4572 611 4652 Papa
637 4586 785 4654 praesente
815 4576 886 4635 albis
916 4581 1087 4656 paramentis

301 4682 414 4734 ornato.
433 4672 510 4753 Papa
534 4673 601 4734 lecit
622 4675 760 4747 officium,
783 4688 872 4756 prout
901 4676 929 4736 iu
961 4680 1087 4757 vesperis

301 4775 396 4835 lacere
417 4774 565 4835 consuerit
577 4796 587 4846 3
609 4774 739 4835 interluit
759 4777 846 4836 etiam
873 4777 916 4837 ΙΙΙ.
944 4777 1086 4840 Hercules

302 4876 455 4937 Ferrarine
476 4875 552 4947 Dux,
564 4877 613 4954 qui
634 4877 728 4938 eundo
748 4889 778 4939 et
797 4878 942 4938 redeundo
961 4880 998 4938 od
1013 4899 1086 4961 cap-

301 4979 418 5058 pellam,
439 4987 468 5038 et
489 4977 524 5037 de
545 4978 685 5056 cappella,
704 4978 757 5036 ivit
778 4989 841 5055 post
861 4977 985 5039 Crucem
1007 4982 1086 5042 solus

301 5090 366 5139 ante
386 5097 484 5139 omnes
509 5077 684 5139 cardinales.
712 5079 744 5137 ln
769 5080 897 5157 cappella
924 5083 1002 5141 stetit
1023 5094 1086 5160 post

302 5179 337 5239 ll.
353 5180 389 5240 D.
404 5179 557 5240 Ascanium
575 5178 710 5238 ultimum
724 5179 885 5239 Diaconum
892 5178 1083 5243 cardinalem.

301 5282 345 5340 hd
366 5279 491 5360 gradum
512 5280 678 5339 inferiorem
700 5279 784 5351 sadis,
805 5299 854 5339 seu
885 5281 947 5341 s'olii
968 5281 1083 5360 Papae,

302 5400 336 5441 ex
356 5381 489 5441 mandato
509 5378 620 5459 Papae,
639 5378 703 5440 dedi
730 5381 826 5440 locum
847 5380 944 5460 hlagg.
957 5381 1016 5440 DD.
1031 5383 1085 5442 ΑΙ-

303 5482 385 5543 berto
405 5484 488 5543 iratri
509 5481 646 5542 bastardo
659 5480 760 5551 Ducis,
775 5481 810 5540 D.
833 5481 971 5561 Corrigii‚
990 5484 1026 5543 D.
1049 5484 1084 5546 de

209 5639 212 5646 .
303 5582 402 5661 Carpi,
418 5584 452 5643 D.
467 5581 639 5672 Theophila,
649 5580 754 5643 Camiti
770 5580 892 5641 iohanni
914 5581 948 5643 de
963 5580 1084 5659 bojano,

304 5692 333 5744 et
353 5681 507 5746 secrelarlo
527 5681 629 5756 Ducis,
658 5682 707 5761 qui
728 5681 814 5745 etiam
835 5694 877 5744 est
898 5683 1001 5744 nobilis
1021 5685 1084 5745 Do-

1833 624 1940 707 (aisn

1146 763 1242 822 minus
1263 762 1445 822 castrorum.
1466 760 1601 822 Aliorum
1621 770 1720 821 autem
1741 760 1888 830 militum,
1916 771 1943 820 at

1146 862 1284 939 praedicti
1315 860 1404 921 Ducis
1441 861 1565 921 familiae
1597 861 1744 920 intrarunt
1778 860 1944 939 cappellam

1146 961 1293 1038 usquead
1318 979 1473 1022 numerum
1495 976 1523 1019 u.
1547 961 1591 1020 rel
1614 960 1704 1031 circa,
1721 976 1827 1019 omnes
1849 959 1944 1019 boue·

1146 1064 1267 1123 stissime
1286 1063 1393 1133 ornati,
1413 1061 1549 1121 ruthenos
1567 1079 1672 1121 aureas
1692 1060 1729 1118 ad
1748 1062 1867 1120 collum
1890 1060 1945 1118 ba-

1146 1161 1254 1235 bentes,
1275 1163 1324 1240 qui
1344 1172 1486 1221 steterunt
1508 1162 1579 1221 recti
1600 1172 1681 1221 retro
1701 1159 1857 1222 mochum
1881 1158 1945 1219 ltu.

1147 1261 1208 1322 DD.
1236 1261 1434 1324 cardinalium
1461 1260 1730 1340 Presbyterorum3
1759 1260 1820 1319 alia
1847 1262 1947 1319 amnia

1147 1363 1299 1424 observata
1321 1373 1389 1421 sunt
1410 1380 1491 1422 more
1512 1374 1660 1422 consaelo.
1681 1361 1757 1424 cum
1782 1359 1841 1420 88.
1859 1360 1898 1421 D.
1912 1359 1946 1422 tl.

1148 1462 1295 1543 inciperet,
1317 1482 1449 1523 versum:
1473 1462 1526 1523 Sir
1553 1481 1663 1522 nomen
1685 1462 1823 1523 Domini
1853 1462 1948 1522 bene·

1150 1563 1292 1635 dietum,
1316 1582 1371 1642 pro
1392 1562 1586 1624 bencdictione
1612 1561 1726 1634 danda,
1747 1560 1948 1641 genuflectere

1149 1662 1194 1723 ΙΙΙ.
1217 1661 1330 1724 Ducem
1351 1664 1544 1742 praedictum,
1564 1674 1594 1723 et
1617 1662 1674 1723 boe
1692 1662 1770 1723 idem
1792 1662 1947 1723 obsessam

1151 1765 1230 1825 volui
1260 1776 1318 1823 tam
1348 1766 1376 1823 in
1407 1763 1682 1835 benedictionibus,
1702 1762 1841 1824 videlicet
1871 1761 1947 1841 Papa

1149 1868 1322 1947 incipiente:
1354 1862 1527 1928 Pruecibns
1554 1877 1584 1926 et
1611 1868 1734 1928 meritis
1762 1878 1835 1938 etc,
1860 1884 1947 1944 quaro

1150 1979 1214 2048 post
1236 1967 1372 2027 Missam:
1400 1968 1453 2027 Sit
1474 1986 1584 2028 nomen
1599 1968 1731 2029 Domini
1752 1979 1833 2039 etc.,·
1863 1968 1949 2028 etita

1150 2088 1248 2129 omnes
1266 2070 1357 2139 laici,
1377 2069 1464 2128 etiam
1485 2070 1508 2128 si
1539 2067 1601 2129 llex
1621 2078 1716 2139 eust,
1745 2066 1947 2146 genuflectere

1150 2169 1261 2230 debent.

1192 2268 1299 2330 Diebus
1318 2268 1453 2347 peractis,
1467 2267 1521 2328 SS.
1540 2268 1576 2328 D.
1595 2267 1629 2328 ii.
1652 2268 1806 2329 mandarit
1824 2268 1901 2329 mibi
1920 2280 1951 2329 ot

1151 2366 1382 2426 reformationem
1397 2364 1550 2443 cappellae
1560 2364 1592 2426 S.
1604 2364 1703 2426 Senot.
1719 2365 1909 2437 ordinarem,
1919 2379 1947 2427 et

1150 2465 1178 2525 io
1199 2466 1313 2544 seriptis
1329 2466 1505 2544 redigerem,
1521 2482 1611 2543 quam
1624 2466 1661 2540 S.
1678 2465 1710 2526 S.
1729 2470 1759 2525 in
1776 2469 1950 2529 consistorio

1149 2584 1311 2645 proponere
1332 2576 1362 2626 et
1382 2566 1543 2644 approbare
1570 2567 1740 2629 intendebat.
1763 2568 1838 2628 rect
1860 2568 1949 2647 igitm

1151 2667 1230 2727 illam
1246 2666 1397 2744 registrari
1417 2666 1492 2725 libro
1510 2668 1753 2728 caerimoniarum
1774 2686 1869 2728 manu
1889 2687 1949 2730 mes

1151 2766 1269 2844 propria
1292 2764 1416 2843 scripto,
1438 2766 1489 2825 lol.
1512 2783 1649 2828 aalma
1673 2784 1762 2845 ουοοι
1790 2766 1823 2827 S.
1854 2767 1888 2828 S.
1907 2768 1950 2829 die

1151 2866 1236 2927 lurrae
1256 2864 1308 2926 il.
1331 2865 1419 2944 hujus
1440 2867 1468 2926 in
1499 2879 1610 2928 secreto
1634 2869 1811 2929 consistorio
1832 2887 1890 2949 per·
1912 2868 1945 2928 lt

1151 2967 1185 3026 D.
1204 2965 1387 3027 cardinalem
1406 2966 1561 3027 Seneusem
1576 2967 1674 3045 legere
1693 2968 1775 3040 lecit,
1789 2980 1819 3029 et
1835 2987 1947 3049 appro-

1150 3066 1227 3127 barit
1244 3067 1278 3126 de
1294 3066 1492 3127 cardinalium
1507 3084 1649 3127 consensu
1663 3067 1698 3127 de
1714 3068 1810 3128 verbo
1821 3068 1861 3128 ad
1881 3089 1948 3130 rer·

1149 3168 1231 3241 bum,
1257 3178 1345 3246 prout
1373 3166 1476 3233 ibidem
1499 3178 1616 3228 notator
1644 3180 1673 3229 et
1689 3168 1882 3231 obsecratur.
1903 3170 1945 3231 lix

1150 3287 1208 3346 qua
1227 3266 1341 3345 quidem
1364 3266 1567 3327 reformatione
1586 3278 1756 3329 extractum
1780 3269 1851 3348 ieci,
1871 3281 1899 3332 et
1915 3270 1947 3331 de

1151 3369 1287 3429 mandato
1309 3366 1340 3427 S.
1357 3366 1388 3426 S.
1410 3366 1474 3426 uu.
1492 3367 1554 3428 DD.
1573 3368 1784 3430 cardinalibus
1805 3371 1947 3432 viacam-

1151 3473 1283 3543 eellario,
1303 3469 1468 3540 Portnensi,
1488 3469 1712 3543 Tusculanensi,
1731 3481 1762 3531 et
1784 3469 1948 3541 bibonensi,

1150 3572 1321 3652 Episcopis
1332 3591 1342 3643 3
1364 3569 1577 3643 Mediolanensi,
1597 3570 1766 3645 Veronensi,
1793 3571 1944 3631 Raebata·

1151 3673 1251 3746 aeusi,
1273 3672 1452 3746 Turonensi,
1473 3670 1508 3731 de
1528 3671 1709 3744 Comitihus,
1729 3682 1760 3732 et
1782 3671 1944 3745 Parmensi,

1153 3772 1349 3853 Presbyteris
1359 3792 1372 3842 ,·
1397 3769 1525 3844 Senensi,
1547 3770 1578 3831 S.
1602 3771 1731 3851 Georgii,
1758 3772 1943 3847 camerario,

1150 3871 1186 3933 de
1204 3872 1338 3943 Sabellis,
1350 3870 1384 3932 de
1405 3869 1559 3944 Columna,
1574 3882 1602 3932 et
1622 3873 1756 3945 Ascanio,
1774 3872 1946 3946 Dioeonis,

1153 3973 1208 4034 boc
1234 3990 1316 4032 mane
1337 3972 1525 4050 personaliter
1548 3974 1741 4052 praesentari,
1773 3976 1886 4035 tenoris
1914 3975 1946 4035 de

1153 4074 1244 4135 serbo
1257 4072 1294 4131 nd
1310 4072 1445 4143 verbum,
1458 4083 1547 4151 prout
1579 4072 1608 4132 in
1636 4073 1713 4134 dicto
1730 4073 1806 4135 libro
1827 4076 1879 4137 l'ol.
1898 4074 1946 4136 93.

1152 4176 1357 4254 registratum3
1379 4185 1511 4250 rogatus,
1528 4183 1557 4232 et
1576 4173 1611 4233 de
1631 4174 1765 4235 mandato
1781 4174 1839 4235 SS.
1858 4176 1893 4237 D.
1913 4174 1945 4236 ll.

1154 4276 1310 4348 sitandans,
1331 4273 1408 4350 quod
1436 4274 1495 4345 illa,
1523 4293 1576 4353 per
1597 4276 1753 4354 magistros
1788 4276 1945 4338 domoru-

1153 4374 1413 4447 suarum,iamiliae
1427 4375 1569 4452 publicari
1583 4376 1721 4448 iacerent,
1735 4385 1766 4438 et
1776 4395 1832 4457 per
1845 4396 1944 4441 omues

1153 4473 1322 4548 observari3
1340 4474 1418 4552 quod
1433 4475 1541 4553 singuli
1555 4494 1585 4536 se
1598 4476 1730 4536 laeturos
1742 4477 1889 4539 dixerunt

1195 4576 1280 4637 Feria
1298 4575 1410 4653 quinta,
1430 4575 1480 4635 il.
1509 4577 1612 4636 mensis
1633 4578 1699 4637 maii
1720 4578 1880 4657 praedicti,
1902 4580 1946 4641 ie-

1153 4690 1231 4738 stum
1244 4678 1422 4737 Ascensionis
1439 4677 1474 4737 D.
1490 4675 1524 4736 u'.
1539 4678 1606 4738 deso
1621 4678 1742 4752 christi,
1757 4677 1794 4738 ll.
1809 4679 1849 4741 D.
1868 4680 1944 4743 car·

1154 4779 1255 4839 dinalis
1277 4778 1309 4838 S.
1332 4778 1487 4838 clementis
1512 4771 1579 4838 l‘ecit
1608 4778 1735 4838 officium
1764 4780 1793 4838 io
1824 4780 1942 4841 basilica

1154 4879 1295 4958 Principis
1313 4881 1519 4958 Apostolorum
1534 4880 1561 4938 in
1577 4879 1752 4958 paramentis
1765 4878 1852 4953 albis,
1864 4879 1943 4961 Papa

1153 4990 1310 5060 praesente.
1327 4980 1457 5041 caudam
1472 4980 1608 5059 pluvialis
1623 4980 1719 5058 Papae
1735 4983 1867 5059 portarit
1879 4982 1943 5041 Dux

1153 5081 1305 5142 Ferrariae
1318 5099 1409 5159 usque
1419 5080 1456 5141 ad
1466 5080 1674 5153 scalnsPalatii3
1687 5081 1735 5141 ubi
1747 5081 1828 5161 Papa
1839 5101 1942 5145 meen-

1153 5183 1194 5243 dit
1215 5180 1405 5254 cathedram,
1426 5191 1455 5241 et
1482 5191 1614 5261 portatus
1642 5182 1700 5242 luit
1726 5182 1764 5241 ad
1793 5183 1942 5244 basilicam

1152 5283 1330 5364 praedictam
1361 5300 1443 5341 more
1470 5292 1614 5342 consueto.
1644 5283 1715 5343 Ante
1741 5284 1850 5345 ostium
1874 5303 1944 5347 sero

1153 5384 1288 5444 basilicae
1315 5380 1478 5461 praedictae
1506 5381 1646 5460 genuflexi
1673 5394 1757 5444 erant
1785 5385 1855 5445 nudi
1890 5384 1948 5445 duo

1153 5486 1229 5545 ciras
1256 5483 1467 5555 Dononienses‚
1493 5501 1618 5561 quorum
1647 5485 1721 5544 alins
1749 5496 1815 5546 ante
1847 5486 1946 5565 plures

1152 5604 1261 5646 menses
1289 5583 1509 5644 Conlalonerius
1531 5582 1660 5661 justitiae
1689 5584 1817 5646 civitatis
1846 5587 1945 5648 uom-

1152 5688 1254 5747 niensis
1274 5685 1418 5757 existens,
1439 5686 1510 5748 duos
1531 5685 1738 5765 presbyteros,
1757 5703 1849 5747 unum
1878 5704 1944 5747 sae·
