4492 6859
788 617 1075 687 eoil'rlslciws
1095 614 1321 680 mmor}
1341 613 1468 678 elixus.

1840 614 1948 700 (lissi

296 752 416 816 brevius
447 772 516 815 sum
553 754 626 817 lise.
658 754 696 817 D.
727 754 862 819 Sensum
886 752 1088 839 expedientes,
1155 753 1241 834 primi
1262 759 1503 833 meermanni,
1525 751 1701 813 dimissis-iu
1727 752 1858 816 &asera
1886 751 1949 812 aliis

295 965 471 1027 oobadunalo‚
490 968 562 1031 qnod
582 968 709 1031 palatium
732 967 848 1032 positum
864 972 907 1020 eet
921 971 948 1019 ln
970 969 1045 1020 cont.
1061 971 1087 1020 E
1154 967 1217 1018 dum
1232 978 1294 1019 ssse
1309 971 1338 1019 ui
1354 967 1389 1019 ds
1404 971 1496 1018 cetero
1520 967 1547 1017 ln
1571 967 1672 1018 eisdem
1697 968 1841 1019 erroribus
1858 972 1886 1019 st
1910 969 1948 1018 le·

297 1046 402 1096 Martini
423 1047 501 1109 Juxta
523 1048 638 1110 plateam
663 1059 799 1111 magnam,
816 1047 849 1097 ab
865 1061 918 1099 uno
934 1049 1019 1100 lalsrs
1040 1061 1088 1100 sc·

296 1124 405 1174 cleslam
422 1125 447 1174 s.
464 1126 576 1182 llartini,
592 1124 626 1175 ab
636 1125 694 1176 eliis
710 1126 838 1177 lateribus
854 1125 960 1177 domum
976 1127 1087 1192 Episco-

297 1207 376 1265 patus
394 1208 422 1254 et
438 1204 496 1253 rias
513 1202 652 1266 pubbllces
679 1208 706 1254 st
732 1207 799 1256 alios
816 1205 899 1256 linese
914 1207 941 1256 ln
957 1218 1009 1270 quo
1026 1210 1087 1270 qui·

299 1280 360 1331 dam
377 1280 490 1331 concilio
505 1280 596 1331 Pieros
612 1282 703 1345 Angell
719 1282 838 1335 iiassuili
854 1283 928 1334 Cont.
944 1284 1086 1336 Siltartini

299 1358 373 1410 Prior
388 1359 526 1418 mierum.
543 1360 577 1410 de
596 1361 737 1421 mandatu,
753 1375 884 1413 oonunsu
901 1376 933 1413 ac
952 1365 1087 1417 voluntate

298 1438 431 1490 sociorum
448 1443 500 1488 etc.
516 1437 579 1489 iecit
595 1441 745 1504 propositus
761 1441 948 1505 infrascriptos
968 1463 988 1492 ι.

336 1522 388 1585 (Et
410 1523 516 1573 omissis
537 1523 632 1573 celeris
663 1524 688 1572 in
712 1522 783 1574 dioto
810 1522 925 1575 concillo
943 1524 1086 1589 propositis

298 1603 447 1664 sequuntur
464 1600 514 1649 alia
530 1600 634 1649 scilicet
650 1601 715 1651 baec
726 1601 744 1662 ).

338 1698 349 1722 a
362 1678 427 1728 cum
444 1680 471 1727 ln
481 1678 581 1727 cernite
593 1678 728 1729 celebrata
744 1679 948 1731 dioecesaneis
965 1680 1026 1729 maii
1037 1680 1086 1731 luit

293 1755 472 1807 deliberatum
484 1754 621 1806 obtentum
631 1760 658 1807 et
675 1757 847 1808 reformatum
859 1758 932 1822 quod
938 1759 1048 1809 decreta
1058 1763 1085 1809 et

295 1833 501 1886 deliberationes
518 1837 611 1884 contu
625 1833 665 1885 ic.
682 1836 825 1899 Eaptistam
842 1834 876 1886 ds
892 1836 1038 1900 capranica
1057 1840 1086 1889 ln

293 1916 395 1964 cernite
420 1914 555 1965 celebrata
570 1912 614 1965 die
631 1918 654 1963 t.
672 1917 770 1966 mensis
795 1917 909 1978 ianuarii
933 1921 961 1967 et
982 1916 1081 1969 die18.

293 1992 357 2043 dicti
378 1994 491 2051 mensis,
507 1992 603 2043 lterum
620 1996 647 2044 el
663 1995 697 2045 de
720 2009 790 2047 noro
812 1996 990 2047 reiormeutur
1011 2000 1038 2047 ei
1058 1998 1084 2047 in

293 2072 404 2123 concilio
428 2073 545 2135 presenti
566 2073 756 2125 confirmentur
773 2079 800 2125 et
817 2074 1012 2138 approbentur=
1038 2074 1085 2125 de·

295 2164 366 2203 mum
390 2155 529 2204 mittantur
552 2154 661 2205 liomam
683 2153 716 2204 ad
741 2154 880 2204 Oratorem
908 2158 1028 2205 nostrum
1055 2158 1085 2205 ul

294 2230 419 2282 ostendat
435 2236 462 2283 st
478 2232 629 2283 notaisoiat
648 2232 674 2282 S.
689 2232 717 2283 D.
734 2234 764 2285 ll.
782 2237 809 2285 et
830 2233 1012 2285 cardinalibus
1033 2233 1085 2286 DD.

297 2311 344 2361 llll.
372 2311 406 2360 ad
432 2311 595 2361 noscendum
622 2319 811 2362 rouuurnrass
833 2323 867 2362 er
891 2322 1086 2363 terminasse

295 2389 373 2453 liujus
394 2390 528 2440 civitatls=
544 2401 611 2453 uuas
628 2388 736 2441 decreta
752 2395 779 2441 et
795 2390 1002 2442 deliberationes
1023 2396 1085 2442 suni

295 2468 374 2518 baeer
391 2467 515 2519 videlicet

335 2544 486 2596 Consecuta
503 2546 610 2597 Ceruita
627 2546 786 2610 magnificor.
798 2547 931 2600 Dominor.
946 2550 1086 2616 eriocpo·

296 2624 352 2687 puli
366 2626 481 2676 civitatis
498 2625 585 2685 Firmi,
601 2626 727 2678 videlicet
737 2627 839 2678 Domini
848 2628 970 2681 Andreas
982 2627 1084 2681 Domini

299 2702 368 2755 Petri
387 2703 536 2756 Contradae
560 2707 685 2765 castelli,
709 2706 810 2760 Nicolai
836 2708 929 2759 lietbei
932 2742 1038 2758 .....
1055 2710 1085 2759 c.

295 2781 375 2842 ellae,
385 2784 505 2835 Gilibertl
520 2784 606 2836 Eanni
618 2784 678 2836 GE
688 2787 798 2844 llariini,
809 2786 938 2838 Franciscl
950 2787 1083 2839 Ludoricil

296 2860 327 2910 (2.
337 2860 493 2924 Florentiae,
505 2865 532 2913 el
543 2862 648 2914 Antonii
660 2865 816 2915 liattbsuooi
833 2864 860 2916 C.
878 2866 902 2915 S.
917 2866 1085 2929 Earlolomsi‚

297 2952 347 2990 nec
374 2954 425 2991 non
452 2942 637 3005 Eegulstorum
659 2943 782 2994 Comunis
808 2943 934 2995 videlicet
954 2945 983 2995 D.
1000 2946 1085 2998 l’ails·

295 3019 361 3083 grinl
379 3019 417 3070 De
437 3020 604 3073 iiorronlbus
628 3020 656 3072 G.
672 3022 834 3086 campitelli,
855 3023 998 3089 ieronymi
1025 3024 1085 3091 bip·

294 3100 360 3162 palii
382 3099 411 3150 C.
426 3098 590 3156 Florentiae.
607 3104 635 3151 et
659 3100 767 3152 l’ollonii
790 3102 896 3166 iosepbi
919 3103 947 3154 c.
971 3104 996 3154 S.
1019 3103 1086 3155 Dar·

297 3176 422 3229 molensi
449 3182 476 3229 ei
495 3179 739 3231 Gonialoneriorum
762 3180 960 3243 Contratarum,
981 3186 1084 3247 capita·

294 3269 367 3308 seor.
385 3257 480 3308 artium
490 3261 518 3307 st
530 3259 641 3309 aliorum
659 3260 803 3323 proborum
814 3261 911 3312 cletum
928 3262 961 3312 ds
978 3262 1084 3314 Cerulta

294 3336 430 3400 praelatae
456 3337 572 3387 civitatis
599 3350 711 3389 numero
732 3342 772 3391 8⁰.
792 3341 818 3390 in
839 3342 968 3392 caminata
984 3343 1084 3394 esteris

294 3415 385 3477 palatii
408 3415 533 3466 comunis
563 3417 722 3468 residentiae
749 3419 892 3481 praelator.
915 3420 1032 3471 Priorum
1057 3424 1082 3472 in

297 3505 407 3544 numero
418 3494 557 3545 sufficienti
573 3499 731 3559 congregata
748 3500 775 3546 st
790 3498 964 3548 cobadunata.
985 3498 1013 3550 ln
1029 3513 1083 3563 qua

293 3572 402 3635 quidem
419 3574 520 3623 cernita
532 3573 655 3624 Dominus
672 3575 792 3626 Andreas
807 3576 908 3626 Domini
920 3577 989 3628 Petri
1004 3591 1084 3641 prae·

295 3650 399 3710 dicim,
419 3649 493 3700 Prior
508 3650 641 3711 Priorum,
657 3653 691 3703 de
712 3654 847 3705 voluntate
867 3654 1001 3706 sociorum
1022 3656 1083 3709 iecit

295 3730 458 3793 propositam
474 3732 564 3790 istam,
580 3731 705 3783 videlicet

335 3807 399 3858 Cum
415 3820 450 3859 ex
466 3822 558 3873 magns
575 3810 790 3873 psrnitlosissiml
806 3824 885 3877 casus
901 3814 946 3877 qul
962 3815 989 3864 ln
1005 3814 1083 3867 domo

294 3883 427 3951 Esptlstas
455 3888 527 3939 Adae
555 3890 707 3953 nuperrime
729 3892 819 3942 srenlt
839 3892 1002 3953 acerbitate,
1028 3897 1083 3945 lota

295 3977 364 4031 psas
387 3967 453 4017 baec
475 3968 571 4018 clsitas
587 3970 750 4032 perturbata
775 3971 824 4031 sit,
840 3982 874 4021 as
890 3971 1024 4023 deteriore
1039 3985 1085 4024 se-

296 4050 421 4109 quantur,
435 4046 539 4110 placeat
556 4048 616 4098 bulo
632 4051 750 4100 oerultae
765 4053 792 4100 ei
808 4048 912 4100 civibus
929 4051 956 4099 ln
966 4063 1003 4104 ‚ea
1019 4063 1085 4101 con·

300 4127 386 4176 sentis
401 4139 483 4189 super
498 4127 539 4176 bls
557 4127 730 4179 saluberrime
750 4129 893 4192 providere
910 4132 1032 4194 quonlam
1050 4145 1083 4182 ex

294 4216 348 4254 uno
365 4205 559 4255 inconvenienti
575 4217 768 4270 saepenumero
789 4209 902 4271 plurima
926 4211 1002 4273 sequi
1018 4223 1086 4262 con·

297 4296 420 4334 suesere.

334 4363 486 4425 superque
502 4362 609 4425 quidem
625 4367 762 4429 proposita

336 4440 462 4505 Egregius
480 4442 521 4491 vir
537 4446 564 4492 et
581 4442 690 4507 magnae
706 4446 863 4509 prudentiae
887 4450 953 4500 civis
978 4448 1083 4501 ennel-

294 4529 357 4568 scus
373 4519 406 4568 de
423 4517 569 4582 llulpntiis,
591 4536 659 4573 unus
676 4536 708 4575 ex
725 4526 828 4577 civibus
845 4527 871 4577 in
886 4528 958 4579 dieta
982 4531 1082 4581 oernlta

293 4597 442 4657 consentis,
454 4610 566 4663 surgsm
582 4601 608 4650 ln
625 4601 708 4664 pedes
728 4606 882 4656 consulendi
898 4608 995 4667 animo,
1006 4619 1083 4659 mauu

295 4678 374 4727 tectis
392 4680 532 4741 scripturis
548 4680 581 4731 ad
597 4680 757 4734 delationem
776 4686 826 4735 mel
842 4686 993 4737 lislcbioris
1013 4687 1084 4738 Can·

297 4755 398 4805 osllarli
412 4760 439 4807 et
454 4757 573 4816 Notarll,
589 4764 742 4825 petensque
752 4762 786 4813 ad
806 4764 911 4814 solitum
928 4765 1081 4814 consulendi

294 4830 398 4895 iocum,
425 4833 522 4887 cbristi
548 4837 635 4902 primo
662 4843 690 4890 et
711 4843 803 4894 matris
825 4841 934 4905 llirglnls
954 4843 1082 4905 gloriosae

294 4913 391 4965 Duriae
403 4915 552 4967 nominibus
568 4918 696 4969 invocatis
708 4924 734 4970 et
750 4922 909 4984 imploratis,
919 4933 1000 4982 super
1011 4921 1081 4972 dicta

296 4994 435 5057 proposita
451 4997 487 5045 ite
503 4996 571 5047 dlxii
587 5003 613 5048 st
628 5000 776 5049 cousuluils
793 5012 846 5050 non
863 5012 924 5051 esse
943 5002 1037 5062 mimus
1059 5004 1082 5052 si

294 5073 367 5124 eires
383 5074 463 5125 bodie
479 5087 571 5128 omnes
589 5077 657 5127 buno
673 5078 852 5129 infelicitatem
869 5079 1010 5129 maximam
1025 5093 1083 5144 gra·

293 5156 389 5203 ventur
412 5157 440 5204 et
464 5155 554 5219 iniquo
576 5158 663 5207 animo
680 5157 782 5208 rorante
796 5170 857 5208 nem
879 5159 958 5207 talem
978 5162 1004 5209 et
1025 5162 1080 5209 tam

292 5230 478 5283 detestabilem
495 5246 585 5285 casum
603 5236 731 5286 hactenus
748 5237 773 5286 in
791 5236 840 5287 bac
855 5237 961 5288 civltste
973 5250 1083 5289 succes-

292 5310 360 5360 sisse
376 5322 454 5361 nemo
470 5314 573 5376 estqui
590 5316 714 5365 memoria
733 5319 835 5375 teneat,
851 5327 937 5380 neque
955 5350 1081 5367 ......

292 5385 474 5441 absconditum
491 5396 533 5443 est
550 5394 619 5444 bunc
635 5406 670 5445 ex
686 5394 767 5446 nimia
788 5396 884 5446 cisium
909 5395 1032 5447 iacllilate
1054 5401 1081 5448 et

292 5467 439 5517 tolleranlla
458 5473 615 5534 provenisse
626 5509 634 5533 ,
645 5475 690 5537 qni
701 5474 724 5523 si
735 5474 846 5525 antebac
863 5473 967 5538 flagitiis
978 5478 1007 5525 ei
1022 5486 1081 5525 sce·

292 5543 392 5594 teribus
406 5544 530 5609 Episcopi
540 5552 569 5598 et
579 5548 708 5599 scelestas
720 5550 778 5612 elus
794 5550 1080 5606 ismilisaobriasseot.

291 5622 356 5671 baec
371 5621 500 5674 demerito
517 5638 568 5676 non
584 5626 769 5688 deplorarent:
780 5627 829 5679 sed
844 5630 906 5693 qula
923 5634 1027 5692 tempus
1038 5634 1080 5680 est

292 5702 438 5753 medicinae
454 5706 481 5753 et
497 5716 549 5754 nou
573 5706 712 5769 quarelae,
728 5706 791 5759 totis
815 5709 918 5761 viribus
938 5710 1079 5761 elaborau-

1155 1048 1232 1112 qusis
1248 1062 1300 1099 uon
1318 1049 1461 1099 incidaturz
1477 1061 1508 1099 se
1525 1050 1651 1111 propter,
1668 1061 1745 1099 suuni
1762 1048 1865 1099 dictum
1884 1061 1948 1100 con·

1154 1127 1296 1188 tluuaado,
1318 1128 1386 1179 dlxii
1410 1127 1480 1191 quod
1503 1128 1683 1178 committetur
1700 1127 1861 1179 oratoribus
1879 1128 1948 1179 sissi·

1153 1208 1238 1271 gnatis
1259 1208 1304 1272 qui
1320 1219 1370 1269 pro
1386 1206 1504 1269 presenti
1529 1207 1676 1268 protecturi
1694 1209 1757 1256 sunt
1785 1206 1896 1256 itomam
1922 1213 1948 1259 et

1153 1286 1191 1336 sis
1210 1286 1289 1348 plens
1306 1284 1351 1334 ilat
1370 1284 1522 1334 commissio
1539 1284 1573 1334 ad
1593 1283 1782 1346 lotrascriptas
1810 1297 1857 1335 res
1883 1298 1948 1348 quas

1153 1365 1270 1415 continet
1285 1367 1312 1414 et
1327 1363 1446 1414 declarat
1468 1367 1551 1414 totum
1574 1375 1701 1425 praesens
1718 1365 1947 1423 instrumentum,

1151 1447 1178 1494 at
1193 1453 1286 1494 omues
1307 1442 1391 1505 ipsius
1415 1441 1540 1504 Episcopi
1565 1442 1707 1492 scelestam
1731 1446 1759 1492 sl
1785 1442 1945 1504 probrosam

1153 1523 1235 1574 sitam
1251 1535 1312 1572 cum
1329 1520 1454 1571 omnibus
1486 1517 1645 1571 excessibus
1661 1524 1689 1570 et
1705 1520 1814 1571 delictis
1834 1534 1886 1585 per
1902 1535 1947 1573 eos

1153 1601 1180 1651 ln
1196 1602 1244 1651 bac
1254 1601 1364 1650 civitate
1375 1600 1523 1648 commissis
1535 1610 1603 1662 quas
1615 1598 1741 1649 Oratores
1756 1601 1912 1663 expriment
1922 1607 1947 1652 st

1152 1679 1343 1745 querimonia·
1360 1681 1494 1740 exponent
1505 1688 1594 1727 coram
1611 1676 1651 1727 SE
1665 1676 1697 1727 D.
1711 1678 1742 1729 ll.
1753 1681 1827 1740 l‘apa
1843 1683 1872 1729 st
1888 1679 1948 1731 sev.

1152 1757 1335 1809 Cardinalibus
1352 1760 1379 1807 ei
1396 1759 1475 1807 stiam
1490 1767 1580 1806 coram
1593 1754 1662 1805 liius.
1674 1758 1773 1807 comite
1783 1756 1948 1821 Hieronymo

1152 1840 1181 1888 st
1203 1838 1262 1888 aliis
1286 1837 1385 1888 nostris
1403 1834 1618 1898 protectoribus,
1633 1839 1660 1886 et
1676 1835 1699 1885 si
1722 1849 1792 1899 opus
1817 1836 1948 1887 fueritin

1151 1915 1258 1978 publice
1266 1914 1441 1974 Consistorlos
1452 1917 1479 1964 et
1490 1913 1626 1977 praedicta
1639 1915 1788 1973 homicidia,
1806 1917 1911 1966 scelera
1923 1923 1948 1966 et

1152 1994 1249 2046 delleta
1267 2006 1359 2045 coram
1384 1994 1425 2043 sls
1440 1993 1575 2054 explicent
1591 1996 1619 2043 st
1635 1994 1755 2055 aperient
1771 1997 1803 2044 ut
1824 1995 1850 2045 E
1868 1994 1899 2043 D.
1920 1996 1949 2046 N.

1150 2074 1275 2137 dignetur
1285 2084 1367 2136 snper
1378 2072 1417 2121 llis
1426 2076 1556 2135 spontane
1575 2072 1733 2134 providere·
1742 2086 1795 2123 nec
1806 2086 1861 2124 non
1873 2087 1950 2136 pras·

1152 2152 1199 2203 isti
1215 2153 1342 2203 &atores
1359 2164 1462 2203 summa
1483 2163 1534 2214 ope
1551 2150 1599 2201 niti
1623 2150 1740 2202 debeant
1764 2153 1840 2215 quod
1860 2153 1905 2203 SS-
1921 2154 1948 2203 D.

1152 2230 1184 2284 ll.
1200 2231 1322 2294 dignetur
1332 2231 1431 2281 diolum
1442 2228 1600 2292 Episcopum
1611 2232 1749 2294 'tamqnam
1761 2230 1904 2295 indignam
1914 2233 1948 2281 ab

1150 2308 1310 2374 Episcopatu
1335 2310 1455 2361 Eirmsno
1481 2309 1633 2372 deponeres
1649 2313 1676 2359 et
1692 2310 1726 2360 de
1746 2310 1877 2361 omnibus
1895 2313 1947 2362 suis

1151 2388 1287 2441 &nedelis
1310 2402 1380 2454 quae
1397 2389 1477 2438 babet
1494 2390 1520 2438 lu
1537 2388 1586 2438 bec
1602 2391 1711 2439 civitais
1728 2393 1756 2439 et
1774 2390 1802 2440 in
1824 2391 1889 2453 sius
1908 2391 1948 2441 di·

1152 2471 1246 2520 atrictu
1263 2470 1387 2531 privare,
1401 2469 1469 2520 adeo
1485 2469 1559 2532 quod
1579 2469 1668 2520 dictus
1695 2468 1826 2522 Dominus
1842 2469 1881 2521 io
1904 2470 1949 2521 Da·

1151 2548 1231 2610 pilata
1245 2550 1388 2611 episcopus
1404 2560 1536 2611 nunquam
1557 2548 1650 2598 redeat
1671 2550 1697 2598 ln
1714 2549 1786 2599 banc
1808 2551 1946 2601 civitatem

1151 2638 1200 2677 uec
1217 2627 1275 2688 elus
1293 2628 1396 2677 moenia
1413 2627 1469 2677 suis
1486 2626 1571 2677 oculis
1587 2627 1713 2690 aspiciat:
1725 2628 1893 2691 eteuonlam
1904 2641 1947 2679 res

1151 2705 1202 2756 ista
1219 2710 1259 2757 est
1276 2718 1385 2768 magnas
1397 2705 1592 2768 importunitas,
1609 2717 1685 2755 suum
1703 2705 1893 2757 confirmando
1907 2707 1948 2757 di·

1151 2786 1231 2842 ctum,
1247 2784 1379 2833 consuluit
1394 2782 1466 2845 quod
1482 2783 1600 2846 presenti
1615 2785 1716 2833 cernite
1738 2784 1877 2847 eligantur
1897 2785 1948 2835 dno

1151 2862 1195 2911 alil
1212 2862 1338 2915 oratores
1355 2862 1400 2925 qui
1418 2862 1516 2912 radant
1532 2863 1638 2913 liornam
1656 2875 1707 2912 uua
1723 2875 1786 2912 cum
1804 2864 1869 2916 aliis
1885 2864 1948 2915 Dra·

1153 2941 1256 2993 toribus
1273 2940 1307 2991 ad
1324 2940 1458 3004 praedicta
1474 2940 1666 3004 expediendum
1684 2947 1712 2991 st
1729 2943 1782 2991 alia
1793 2941 1947 3001 huiusmodi

1151 3032 1201 3083 pro
1222 3020 1406 3071 occurrentia=
1430 3020 1474 3082 qui
1495 3019 1624 3070 oratores
1649 3020 1840 3082 palloctsntur,
1858 3026 1887 3073 st
1902 3025 1944 3086 qui

1152 3100 1241 3164 plnres
1268 3097 1342 3148 tabas
1370 3097 1505 3148 habebant
1529 3098 1627 3148 vadant
1652 3098 1702 3149 sub
1729 3110 1817 3161 poena
1839 3106 1944 3151 centum

1151 3176 1306 3228 ducetorum
1324 3190 1372 3240 pro
1388 3177 1513 3240 quolibet
1525 3178 1570 3227 Die
1588 3190 1651 3229 vero
1667 3178 1945 3231 decimaoctaeadicti

1152 3257 1251 3306 mensis
1256 3256 1380 3318 ianuarii,
1390 3260 1535 3307 convocata
1548 3257 1651 3307 cernite
1662 3256 1768 3319 segnis
1778 3256 1856 3308 Dorm
1866 3258 1946 3310 Prior.

1151 3336 1259 3399 pupuli,
1274 3336 1411 3399 llsgulator
1426 3336 1556 3395 civitatis,
1572 3336 1739 3386 Gonialoner.
1756 3340 1946 3388 cecinisset

1151 3414 1320 3478 Capiteueor.
1343 3415 1438 3465 artium
1462 3413 1602 3476 praelator.
1624 3418 1651 3465 et
1667 3416 1779 3465 alloram
1804 3417 1887 3479 prob.
1908 3419 1945 3467 ci·

1151 3495 1222 3544 vium
1239 3493 1272 3543 de
1287 3495 1390 3544 cernitu
1405 3506 1516 3544 numero
1532 3496 1700 3557 septuaginta
1715 3496 1838 3560 quinque
1854 3498 1882 3546 ln
1895 3495 1945 3546 Ca·

1152 3574 1251 3624 minuta
1267 3574 1354 3623 reteri
1369 3572 1459 3623 l‘alatii
1481 3572 1655 3625 comentariu
1676 3586 1790 3625 numero
1805 3576 1942 3627 suibolenti

1151 3655 1309 3715 congregata
1326 3655 1353 3700 et
1370 3650 1553 3701 cobedunata=
1578 3653 1603 3701 in
1627 3666 1678 3715 qua
1705 3652 1815 3716 quiden
1843 3657 1942 3705 esraite

1151 3730 1278 3783 Nicolaus
1292 3729 1390 3782 liatbsl
1406 3727 1480 3778 Prior
1490 3729 1518 3779 C.
1530 3729 1596 3780 l’llas
1613 3730 1688 3780 l’rlor
1703 3731 1836 3793 Priorum,
1851 3735 1886 3785 ds
1901 3747 1945 3784 ro·

1151 3808 1251 3859 luntate
1277 3808 1412 3859 sociorum
1437 3807 1500 3857 iecit
1525 3810 1691 3871 propositam
1712 3809 1860 3862 videlicet=
1880 3812 1940 3862 Cum

1151 3886 1237 3950 pridie
1261 3887 1352 3938 llisras
1378 3887 1528 3949 recepimus
1549 3896 1584 3937 ex
1611 3887 1679 3938 llrbe
1708 3888 1735 3939 in
1759 3890 1861 3953 quibus
1881 3903 1941 3954 pro·

1152 3969 1268 4018 tectores
1291 3967 1375 4017 nostri
1392 3966 1503 4017 suadent
1519 3967 1592 4029 quod
1607 3967 1733 4019 oratores
1754 3973 1844 4020 nostri
1866 3971 1943 4033 paon·

1150 4046 1283 4096 obeantur
1300 4047 1420 4104 Romam,
1437 4047 1619 4109 miranturque
1629 4046 1663 4097 ds
1679 4052 1753 4098 tauta
1771 4061 1848 4099 mora
1865 4064 1939 4114 quem

1150 4124 1250 4175 iaciunt
1262 4143 1271 4182 ς
1286 4124 1365 4187 igitur
1379 4123 1444 4187 quid
1459 4125 1564 4186 placeat
1581 4137 1662 4188 super
1673 4127 1850 4190 expeditione
1861 4130 1943 4182 dicte

1151 4216 1209 4255 rum
1225 4203 1390 4256 Dratorumt

1190 4283 1341 4345 Superque
1358 4281 1462 4345 quidem
1481 4285 1616 4346 proposita

1192 4360 1318 4424 Egregius
1342 4363 1384 4410 sir
1405 4362 1535 4412 Antonius
1550 4362 1585 4413 de
1601 4363 1730 4426 Vulputils
1747 4379 1862 4431 magnas
1881 4382 1944 4433 pru·

1150 4439 1255 4492 dentiae
1266 4439 1347 4499 civis,
1365 4452 1432 4490 unus
1449 4451 1481 4490 ex
1499 4442 1603 4492 civibus
1627 4444 1653 4492 in
1676 4444 1781 4496 csrnila
1804 4449 1941 4511 praedicta

1150 4518 1328 4570 existentibus
1345 4532 1456 4582 surgens
1472 4520 1586 4583 pedibus
1602 4524 1689 4574 animo
1700 4527 1870 4589 consulendi,
1883 4541 1943 4592 pre·

1150 4600 1213 4650 siito
1225 4599 1377 4661 juramento
1393 4599 1426 4649 de
1443 4604 1517 4650 recte
1534 4604 1561 4651 et
1576 4600 1690 4653 ildslitsr
1705 4606 1882 4667 consulendo,
1898 4621 1943 4657 ac·

1150 4678 1300 4740 cedensque
1321 4675 1355 4726 ad
1382 4677 1488 4729 solitum
1507 4680 1592 4731 locum
1609 4684 1774 4742 consulendi,
1789 4685 1891 4737 cbristi
1914 4691 1941 4737 el

1151 4768 1215 4807 suae
1230 4757 1320 4809 listris
1336 4757 1441 4819 llagoae
1463 4756 1598 4810 Gloriosus
1613 4761 1711 4812 Eerlae
1732 4765 1887 4817 nominibus
1902 4768 1943 4815 in·

1150 4838 1263 4899 vocatis,
1274 4848 1355 4898 snper
1365 4835 1437 4886 dicte
1454 4840 1590 4899 proposita
1607 4840 1643 4889 ita
1659 4840 1728 4891 dixit
1744 4847 1773 4893 st
1789 4846 1941 4895 cousuluil=

1150 4914 1222 4977 quod
1245 4926 1289 4963 res
1315 4916 1366 4963 ista
1389 4915 1533 4976 estmagni
1550 4916 1880 4979 ponderlseimaximsm
1900 4937 1942 4974 rs·

1149 4994 1231 5056 quirit
1248 4993 1412 5044 celeritatem
1424 4992 1495 5055 quod
1511 4995 1638 5047 oratores
1654 5000 1761 5050 omnino
1772 5004 1942 5065 expellantur

1149 5080 1176 5123 et
1194 5072 1342 5130 mittantur,
1357 5075 1384 5122 et
1401 5073 1423 5123 si
1440 5074 1566 5135 possibile
1583 5081 1625 5126 est
1647 5090 1707 5129 cras
1734 5081 1785 5129 iter
1806 5083 1940 5146 accipiant

1149 5162 1245 5202 ssrsus
1270 5153 1376 5203 Romam
1402 5151 1436 5203 ad
1466 5154 1647 5217 expediendas
1673 5161 1878 5214 commissiones
1904 5167 1941 5215 eis

1149 5232 1287 5293 impositas
1303 5237 1330 5282 et
1347 5233 1520 5295 imponendas
1538 5240 1565 5285 et
1586 5242 1743 5298 praesertim
1768 5254 1852 5305 super
1874 5245 1941 5295 lecto

1148 5308 1286 5373 Episcopi,
1307 5311 1352 5373 qui
1376 5310 1501 5362 insistant
1525 5316 1589 5365 totis
1616 5316 1718 5369 viribus
1739 5323 1769 5370 ut
1795 5319 1942 5386 Episcopus

1148 5391 1269 5453 privetur
1290 5389 1325 5441 do
1353 5391 1404 5440 isto
1428 5390 1602 5455 Episcopatu,
1619 5401 1646 5446 et
1663 5400 1786 5451 omnibus
1806 5406 1863 5453 suis
1884 5403 1941 5452 aliis

1149 5469 1284 5521 beneflciis
1300 5473 1379 5532 prout
1395 5470 1422 5519 in
1438 5471 1488 5520 alis
1505 5475 1608 5524 cernita
1624 5475 1762 5529 decretum
1783 5483 1891 5540 extitit,
1906 5484 1939 5532 lta

1148 5550 1221 5614 quod
1236 5563 1289 5600 non
1305 5551 1340 5599 sit
1357 5550 1469 5611 amplius
1486 5550 1632 5615 Episcopus
1650 5555 1728 5615 buius
1744 5556 1866 5610 Civitatis
1878 5573 1940 5625 pro·

1147 5635 1209 5694 pter
1225 5643 1273 5681 sua
1290 5628 1419 5680 demerita
1436 5634 1463 5680 et
1479 5632 1619 5683 seelestam
1636 5635 1736 5686 vitani:
1752 5642 1781 5688 et
1795 5640 1869 5703 quod
1889 5642 1938 5690 ists

1149 5711 1301 5762 comanitas
1325 5711 1413 5773 potins
1438 5713 1496 5763 vult
1523 5716 1577 5777 peti
1605 5718 1720 5768 maxima
1743 5731 1824 5782 quana
1841 5720 1939 5772 babere
