4492 6859
293 618 354 678 ass
761 612 1050 677 rourrsrcaros
1064 608 1288 673 inuocauru
1309 603 1461 672 oculu.
1584 571 1586 575 ’

295 756 362 815 sisse
381 753 458 832 quod
480 771 567 832 super
590 752 645 829 ltoc
668 770 782 814 meeum
802 763 874 815 esset
895 763 922 813 et
948 768 1076 812 concor-

292 855 360 914 dare
376 854 471 926 vellet,
488 864 551 913 tum
570 853 647 932 quod
664 852 846 915 consuetudo·
857 853 999 932 cappellae
1022 849 1077 911 ob·

294 964 474 1027 servaretur,
492 966 520 1016 et
541 953 592 1013 illa
610 971 670 1015 non
691 954 891 1027 excideretur3
917 954 951 1014 de
974 952 1077 1030 quibus

292 1055 362 1115 nihil
384 1055 460 1115 dixit.
483 1053 640 1132 Postquam
660 1072 677 1112 a
697 1053 819 1114 Sanctis.
835 1054 957 1115 Domino
971 1051 1077 1112 Nostro

292 1153 417 1224 discessi,
439 1164 579 1213 venerunt
600 1152 636 1211 ad
656 1153 842 1214 sanctitatem
865 1153 954 1213 Suam
971 1150 1078 1213 cardi-

292 1255 365 1314 nalis
397 1252 519 1314 Sanctae
551 1254 714 1314 anastasiae
734 1265 763 1315 et
786 1253 945 1333 Episcopus
967 1251 1077 1314 Orator

292 1347 478 1432 praedictus,
500 1354 549 1431 qui
570 1351 758 1415 obtinuerunt
778 1373 795 1412 a
817 1351 1077 1424 SanctitateSua,

293 1453 370 1529 quod
391 1451 475 1511 Missa
497 1452 531 1513 de
551 1452 700 1513 llominica
722 1455 877 1533 praeterita
898 1453 1010 1513 dicatur
1044 1451 1078 1512 de

294 1550 406 1630 Spiritu
439 1549 546 1612 Sancto
564 1550 636 1613 ¹siue
657 1553 754 1629 aliqua
786 1551 1078 1613 commemoratione:

296 1650 375 1728 quod
397 1669 463 1711 cum
481 1651 552 1711 mihi
574 1653 899 1715 inconvenientissimum
914 1653 1079 1727 videretur,

254 1829 258 1838 Β
295 1764 322 1811 et
344 1770 443 1812 coram
462 1752 705 1815 vicecancellarlo
721 1765 749 1814 et
767 1753 912 1834 praedicto
926 1752 1080 1831 cardinale

295 1851 417 1914 Sanctae
447 1852 611 1915 Anastasius
632 1872 678 1915 me
698 1872 869 1935 opponerem
891 1872 926 1913 ac
956 1853 1080 1913 dicerem

298 1945 466 2023 hujusmodi
487 1949 611 2022 Missam,
623 1961 651 2010 et
668 1960 765 2011 actum
787 1959 906 2030 propter
926 1965 1011 2026 quem
1033 1948 1081 2006 di·

294 2059 420 2120 ceretur,
443 2048 557 2109 minime
576 2050 730 2110 convenire
749 2092 758 2122 ,
778 2049 937 2110 cardinalis
959 2047 1081 2107 Sanctae

298 2149 460 2210 Anastasiue
474 2150 557 2224 dixit,
574 2150 629 2210 88.
643 2149 677 2208 D.
692 2148 725 2208 ll.
742 2168 823 2229 posse
842 2166 946 2209 novam
965 2145 1081 2205 Missam

297 2252 449 2322 ordinare3
470 2259 499 2309 et
516 2266 606 2326 quare
626 2249 702 2309 noni
717 2248 774 2310 Per
796 2249 873 2310 huuc
885 2259 981 2309 actum
993 2247 1082 2306 blissa

299 2351 334 2413 de
356 2349 467 2429 Spiritu
488 2347 596 2410 Sancto
620 2349 733 2410 dicatur
761 2351 925 2423 commisit,
945 2361 975 2411 et
995 2349 1081 2409 Vice-

298 2448 486 2512 cancellarius
513 2449 660 2528 praedicto
687 2449 830 2530 Episcopo
862 2451 939 2529 quod
966 2449 1081 2508 lllissoor

295 2550 330 2612 de
355 2550 468 2630 Spiritu
490 2551 597 2612 Sancto
627 2552 744 2612 omniuo
768 2562 799 2611 ct
820 2568 875 2611 nnn
897 2551 981 2611 aliter
1002 2550 1081 2609 cele·

294 2651 404 2725 bearet,
424 2649 576 2735 ordinavit.

335 2754 420 2814 Feria
440 2752 574 2824 secunda,
587 2764 689 2830 quarta
705 2754 806 2813 mensis
823 2750 960 2828 januarii,
974 2750 1083 2815 Romae

294 2856 324 2914 in
345 2854 464 2915 ecclesia
487 2853 519 2912 S.
538 2852 701 2921 salvatoris
720 2871 810 2932 prope
830 2852 957 2914 lloutem
973 2853 1083 2915 Jorda-

227 2988 229 2995 ·
296 2971 365 3014 num
388 2953 590 3032 religiosorum
612 2952 742 3012 habitum
764 2955 932 3014 celestinum
948 2954 1080 3015 deseren-

296 3056 382 3128 tium,
402 3054 543 3133 baptizata
564 3052 618 3112 luit
640 3052 697 3112 filia
718 3055 874 3115 Francisco
887 3054 1025 3116 ciboSS.
1045 3055 1080 3117 l).

296 3153 330 3214 ll.
341 3154 435 3235 Papae
446 3152 505 3214 fllia
520 3171 554 3214 ex
573 3171 661 3214 uxore
677 3172 742 3228 sua,
753 3153 797 3217 die
811 3153 959 3216 Dominica
974 3154 1082 3216 decima

296 3258 381 3318 tertia
399 3255 556 3318 decembris
579 3256 706 3334 proxime
720 3256 866 3335 praeteriti
884 3256 993 3316 Romae
1006 3268 1082 3328 nata,

296 3374 349 3436 per
361 3355 626 3417 ll.l).Cardinalem
634 3356 917 3426 vicecancellarium,
928 3368 957 3417 et
968 3359 995 3416 iu
1007 3356 1083 3417 duo·

298 3458 389 3518 decim
404 3456 528 3517 aliorum
539 3455 735 3515 cardinalium
749 3454 899 3536 (videlicet
918 3455 1083 3534 Neapolita·

298 3575 379 3629 num,
401 3556 500 3616 Sancti
519 3555 634 3629 illarci,
653 3556 752 3617 Sancti
779 3559 857 3619 Petri
883 3558 920 3617 ad
940 3558 1084 3635 Vincula,

299 3655 421 3717 Sanctae
441 3656 547 3716 lilariae
566 3656 594 3714 in
615 3658 748 3732 Porticu,
764 3657 862 3718 Sancti
877 3659 989 3738 Augen,
1004 3658 1083 3721 Por·

301 3757 477 3836 tugalensem
498 3757 557 3816 sive
577 3756 813 3831 Ulixbonensem,
833 3759 1083 3833 beneventanum,

300 3858 422 3917 Sanctae
441 3856 624 3930 Anastasiae,
645 3857 679 3918 de
697 3859 804 3932 Paxo,
826 3858 923 3918 Sancti
943 3858 1082 3939 Georgii,

300 3958 334 4020 de
355 3955 465 4019 Ursinis
492 3967 522 4017 et
541 3956 720 4041 Ascanium)
745 3961 925 4039 praesentia,
955 3978 1081 4039 quorum

299 4060 463 4138 complures
484 4068 644 4137 compatres
665 4058 786 4119 luerunt
799 4105 808 4134 ,
823 4061 890 4135 alli,
911 4071 943 4121 ut
964 4062 1082 4136 affines,

300 4160 385 4221 vicini
415 4158 584 4218 astiterunt:
608 4177 664 4218 non
694 4162 776 4238 potui
809 4170 903 4222 tamen
922 4176 1082 4242 compatres

300 4280 369 4341 prae
388 4261 550 4319 conlusioue
568 4258 604 4317 ab
622 4260 686 4319 aliis
697 4261 858 4323 discernere
863 4285 873 4337 3
886 4263 974 4325 credo
989 4276 1082 4326 tamen

300 4380 410 4433 omnes,
425 4368 541 4439 praeter
572 4358 804 4422 Beneventanum
830 4374 858 4424 et
879 4364 1028 4440 Ursinum,
1046 4367 1083 4426 ad

300 4458 569 4542 compaternitatem
591 4471 708 4522 vocatos
725 4483 792 4525 esse.
820 4463 905 4527 Prior
920 4467 1082 4529 llonasterii

302 4564 396 4624 dictae
424 4559 590 4631 Ecclesiae,
613 4562 734 4641 pluviali
764 4565 879 4627 indutus
901 4570 929 4628 in
958 4570 1083 4630 duorum

301 4664 425 4723 aliorum
455 4660 581 4720 fratrum
608 4658 734 4737 ejusdem
754 4663 891 4741 Ordinis,
911 4672 1083 4749 pluvialibus

301 4780 388 4844 super
410 4760 494 4821 cottis
512 4759 680 4824 indutorum
694 4810 702 4838 ,
717 4768 768 4827 sibi
787 4769 977 4831 assistentium
996 4792 1084 4852 proc·

301 4865 411 4934 sentia,
431 4863 542 4942 peregit
564 4873 655 4924 totum
682 4868 808 4929 cilicium
838 4871 973 4951 baptismi
1003 4885 1083 4935 extra

301 4966 415 5047 portam
430 4974 460 5024 et
468 4960 551 5040 juxta
568 4963 665 5026 locum
676 4987 731 5048 pro
747 4970 890 5050 Baptismo
908 4973 1082 5050 ordinatum,

303 5069 354 5147 qui
373 5070 429 5130 luit
456 5068 484 5125 in
508 5066 599 5131 medio
625 5067 707 5131 chori
735 5091 824 5152 usque
845 5074 881 5132 ad
904 5074 953 5134 illa
980 5079 1083 5152 rerba,

300 5172 350 5233 vis
371 5172 547 5251 baptisari,
567 5189 640 5249 quae
669 5173 741 5233 dixit
760 5175 1034 5251 Vtcecancellarius,
1055 5192 1083 5241 et

300 5269 399 5334 deinde
428 5273 553 5351 puellam
579 5274 757 5353 baptizavit,
777 5287 806 5338 ct
832 5277 933 5338 deinde
958 5281 1084 5342 cilicium

302 5388 394 5449 usquc
417 5372 559 5435 adfinem
581 5376 714 5455 peregit,
738 5388 827 5455 prout
847 5378 875 5437 iu
897 5396 970 5438 nova
1002 5399 1085 5442 com-

301 5472 449 5551 paratione
464 5474 498 5535 de
513 5476 615 5549 rubeo,
626 5488 655 5536 et
675 5477 769 5556 nigro,
788 5497 874 5540 manu
896 5500 958 5543 mea
973 5481 1083 5562 scripsi:

303 5590 370 5632 nam
392 5585 473 5652 pater
496 5577 587 5637 voluit
601 5577 678 5656 quod
699 5598 754 5658 ego
772 5581 897 5641 odicium
917 5581 1084 5659 hujusmodi

302 5692 394 5752 usque
414 5674 450 5734 ud
471 5675 641 5756 baptismum
654 5698 831 5759 peragerem3
852 5695 1004 5764 propterea
1019 5685 1084 5747 offi-

1831 600 1937 686 (atu)

1144 748 1222 809 cium
1237 748 1330 827 ipsum
1345 747 1415 807 bene
1431 745 1522 808 revidi
1546 755 1573 805 et
1594 743 1703 804 clarius
1723 742 1876 814 ordinavi,
1889 743 1936 802 sed

1145 853 1249 913 iratres
1262 851 1314 930 ipsi
1330 850 1358 910 id
1379 869 1431 930 per
1453 848 1488 907 it.
1509 846 1546 906 D.
1570 845 1751 907 cardinalem
1766 845 1804 904 de
1825 842 1937 905 Ursinis

1144 951 1196 1010 sibi
1218 947 1379 1025 injunctum
1402 948 1545 1018 dixerant3
1565 964 1611 1005 me
1632 964 1775 1026 opponere
1800 943 1938 1015 volui,ut

1144 1053 1229 1112 etiam
1249 1049 1378 1111 officium
1389 1045 1556 1123 hujusmodi
1573 1045 1664 1106 debite
1681 1053 1886 1124 perageretur.
1902 1040 1937 1099 ll.

1144 1150 1180 1218 Ι).
1199 1150 1358 1211 cnr-dinalis
1379 1148 1477 1208 Saocfi
1492 1146 1584 1206 ilorci
1595 1144 1752 1223 quamdam
1767 1141 1939 1202 schedulam

1145 1251 1265 1310 coniecit
1281 1266 1367 1308 manu
1388 1265 1439 1308 sua
1462 1245 1582 1327 propria
1603 1248 1752 1325 scriptam,
1774 1242 1940 1322 incipiendo

1143 1360 1221 1424 etc,
1248 1368 1304 1428 qua
1337 1348 1498 1409 continetur
1531 1347 1609 1425 quod
1635 1343 1826 1426 baptizandus
1855 1343 1942 1405 debet

1145 1451 1243 1529 inungi
1264 1460 1292 1510 et
1312 1466 1424 1527 quare3
1448 1467 1537 1527 quam
1560 1448 1727 1509 schedulam
1745 1448 1775 1506 in
1807 1446 1942 1506 loturam

1145 1551 1312 1612 memoriam
1327 1551 1356 1608 in
1368 1546 1495 1625 ejusdem
1510 1549 1548 1608 R.
1568 1549 1603 1609 D.
1617 1548 1778 1611 Cardinalia
1798 1548 1942 1608 bonorem

1146 1655 1175 1710 in
1197 1649 1272 1712 libro
1293 1646 1430 1724 ejusdem.
1454 1650 1526 1710 iol...
1537 1669 1590 1730 per
1606 1650 1751 1728 integrum
1767 1644 1943 1725 conscripsi.

1145 1751 1233 1811 Filiae
1254 1750 1312 1810 fuit
1344 1748 1499 1810 Lucretiae
1532 1768 1634 1810 nomen
1657 1752 1827 1828 impositum
1840 1768 1852 1820 ;
1880 1755 1946 1807 arat

1148 1862 1243 1911 autem
1265 1850 1321 1911 hoc
1340 1848 1427 1911 modo
1447 1850 1621 1911 ordinatum.
1636 1850 1668 1909 lo
1691 1849 1833 1909 Sacristia
1848 1865 1945 1927 para-

1147 1961 1192 2011 tae
1207 1950 1327 2009 iueruut
1347 1949 1413 2009 binc
1435 1961 1463 2009 et
1480 1949 1543 2010 iude
1563 1967 1638 2011 xtra.
1666 1948 1746 2010 sedes
1767 1967 1807 2009 ex
1830 1948 1946 2009 velluto

1148 2050 1256 2111 diversi
1274 2049 1381 2109 coloris
1396 2065 1452 2128 pro
1469 2049 1680 2123 cardinalibus,
1694 2049 1744 2109 ubi
1758 2068 1791 2109 se
1807 2064 1944 2127 congre-

1147 2162 1256 2229 garunt
1275 2151 1305 2209 in
1327 2148 1420 2211 medio
1442 2149 1536 2223 altori,
1559 2153 1651 2230 magis
1673 2160 1768 2209 tamen
1790 2147 1828 2207 ad
1850 2149 1945 2207 altare

1148 2247 1244 2326 majus
1257 2267 1366 2313 uersus.
1377 2249 1487 2310 Tabula
1498 2249 1557 2310 sive
1572 2250 1715 2311 credentia
1726 2266 1835 2330 parva,
1844 2246 1947 2327 longi·

1147 2350 1246 2411 tudine
1265 2352 1348 2412 unius
1368 2367 1485 2424 cannae,
1508 2352 1554 2412 rel
1573 2351 1664 2425 circa,
1679 2351 1805 2430 desuper
1827 2348 1945 2410 concha

1149 2462 1285 2531 argentea
1306 2468 1410 2529 magna
1431 2469 1466 2511 cx
1487 2451 1631 2514 credentia
1652 2451 1747 2532 Papae
1769 2467 1827 2530 pro
1848 2468 1944 2530 puero

1149 2551 1320 2631 baptizando
1338 2549 1458 2611 tloribus
1478 2570 1608 2632 aspersa,
1628 2553 1657 2611 ln
1675 2552 1787 2631 angulo
1800 2550 1946 2613 ecclesiae

1150 2662 1230 2713 extra
1258 2650 1382 2712 chorum
1410 2652 1446 2711 ad
1469 2651 1617 2713 dexteram
1646 2653 1817 2713 intrantium
1847 2652 1946 2713 eccle·

1149 2752 1229 2811 siam.
1252 2750 1403 2813 Credentia
1423 2770 1491 2813 cum
1512 2751 1627 2813 duobus
1660 2752 1813 2814 bucalibus
1840 2764 1875 2813 et
1896 2762 1946 2815 to-

1150 2850 1236 2911 tidem
1256 2851 1394 2912 bacilibus
1414 2870 1468 2931 pro
1490 2852 1610 2931 singulis
1633 2852 1839 2915 cardinalibus
1861 2871 1947 2914 com·

1148 2951 1299 3030 patribus,
1322 2962 1351 3013 et
1372 2952 1488 3013 totidem
1510 2954 1639 3033 mappoli
1658 2973 1713 3034 pro
1741 2954 1882 3015 manibus
1899 2956 1946 3015 la·

1154 3052 1264 3126 randis,
1278 3065 1306 3113 et
1322 3053 1512 3132 extet·gendis‚
1526 3072 1560 3115 ac
1584 3072 1673 3114 uuum
1694 3074 1746 3136 par
1767 3056 1945 3118 baciliorum

1151 3153 1377 3227 inauratorum,
1404 3165 1433 3215 ct
1458 3154 1514 3214 alia
1539 3155 1680 3233 quaedam
1704 3174 1773 3217 rasa
1803 3168 1945 3239 argentea

1149 3257 1296 3326 inaurata,
1310 3254 1435 3315 medulla
1447 3255 1541 3334 panis,
1550 3265 1578 3315 et
1591 3274 1641 3315 vas
1658 3257 1735 3331 salis,
1746 3275 1823 3335 quae
1845 3262 1944 3321 omnia

1150 3372 1224 3415 unus
1245 3376 1279 3417 ex
1301 3356 1494 3417 credentiariis
1519 3355 1613 3435 Papae
1626 3357 1814 3419 ordinaverat
1835 3371 1867 3420 et
1889 3379 1946 3421 cu·

1150 3455 1299 3517 stodicbat.
1322 3457 1394 3517 ltem
1416 3468 1445 3517 et
1465 3468 1632 3535 paramenta
1653 3477 1708 3538 pro
1724 3457 1945 3522 vicecancella-

1150 3556 1195 3615 rio
1215 3554 1399 3634 baptisante,
1420 3555 1551 3617 videlicet
1570 3559 1823 3639 superpellicium,
1846 3563 1942 3635 stola,

1147 3655 1279 3734 ¹pluviale
1300 3654 1410 3730 album,
1430 3666 1460 3715 ct
1481 3656 1566 3716 mitra
1588 3660 1716 3738 simplex,
1738 3680 1813 3740 quae
1843 3664 1943 3724 omnia

1148 3754 1201 3815 sibl
1225 3759 1253 3816 in
1276 3755 1331 3817 hoc
1360 3768 1428 3817 actu
1458 3760 1610 3821 convenire
1633 3761 1815 3835 ridebantur,
1833 3763 1873 3823 tt.
1902 3763 1941 3823 D.

1149 3855 1245 3917 Sancti
1265 3856 1357 3919 Marci
1375 3857 1446 3917 mibi
1463 3859 1647 3932 assentiente,
1663 3863 1691 3921 in
1705 3864 1829 3925 arbitrio
1846 3876 1940 3926 tamen

1150 3956 1186 4018 ll.
1207 3958 1241 4018 Ι).
1261 3958 1511 4032 vicecancellarii,
1532 3971 1564 4019 ut
1583 3961 1656 4022 inter
1678 3982 1708 4024 sc
1731 3964 1761 4023 iu
1784 3962 1940 4041 hujusmo-

1119 4104 1120 4107 .
1148 4058 1287 4139 dingere
1314 4060 1404 4132 solet,
1430 4060 1615 4137 relinquente.
1637 4062 1844 4144 Baptizandam
1866 4066 1940 4127 car·

1148 4160 1287 4220 dinalibus
1299 4161 1429 4220 omnibus
1446 4164 1626 4240 congregatis
1647 4167 1775 4242 portavit
1789 4185 1884 4246 usquc
1903 4168 1939 4227 ad

1147 4261 1223 4322 iores
1247 4261 1398 4322 Ecclesiae
1419 4261 1560 4339 quaedam
1584 4266 1702 4338 vetula,
1721 4284 1809 4344 qoam
1831 4267 1938 4329 ibidem

1148 4365 1258 4442 accepit
1278 4363 1306 4421 in
1328 4360 1447 4422 brachia
1480 4361 1600 4423 Domina
1637 4364 1672 4425 N.
1700 4384 1774 4427 uxor
1796 4367 1939 4449 Principis

1147 4463 1292 4542 Bisignani
1308 4473 1336 4525 et
1353 4481 1417 4524 eam
1440 4464 1575 4526 continuo
1590 4466 1680 4527 tenuit
1697 4485 1788 4547 usquc
1802 4479 1870 4550 post
1885 4469 1939 4530 ba·

1149 4567 1285 4643 ptlsmom
1297 4584 1308 4637 3
1332 4565 1439 4624 lterum
1460 4574 1542 4625 extra
1571 4567 1719 4627 ecclesiam
1740 4569 1832 4631 aldem
1853 4568 1940 4630 Prin·

1149 4666 1266 4745 cipissae
1285 4666 1374 4725 astitit
1396 4664 1519 4725 Domina
1539 4667 1721 4730 Theodorina
1743 4668 1801 4731 filia
1820 4670 1939 4751 Papae,

1149 4778 1178 4826 et
1201 4766 1456 4845 complures,aliac
1478 4768 1589 4830 nobiles
1606 4772 1752 4833 mulieres.
1774 4770 1810 4831 ll.
1833 4771 1871 4832 t).
1888 4771 1941 4833 v‘t·

1151 4869 1390 4942 cecaucellarius,
1415 4888 1470 4948 pro
1490 4871 1584 4931 cilicio
1604 4871 1782 4952 peragendo,
1804 4872 1835 4932 io
1849 4872 1941 4935 choro

1152 4968 1301 5046 praedicto
1319 4983 1408 5045 stans,
1422 4972 1531 5049 accepit
1549 4991 1635 5052 super
1649 4973 1814 5035 rochettum
1834 4992 1942 5054 super·

1151 5074 1309 5153 pellicium,
1333 5087 1361 5137 et
1382 5076 1486 5135 stolam
1509 5078 1604 5138 albam
1627 5080 1892 5160 tantum,.pluviali
1913 5088 1943 5142 et

1150 5176 1236 5236 mitra
1258 5176 1391 5251 dimissis,
1412 5177 1440 5236 in
1462 5196 1519 5255 quo
1534 5179 1634 5241 habitu
1649 5179 1824 5261 baptizavit3
1840 5180 1943 5242 deinde

1151 5277 1255 5339 ibidem
1277 5296 1345 5338 cum
1368 5277 1480 5340 duobus
1506 5279 1651 5342 bocalibus
1672 5300 1774 5342 manus
1798 5282 1890 5354 lavit,
1912 5292 1942 5342 et

1151 5377 1265 5441 dimisso
1298 5377 1397 5439 habitu
1430 5380 1597 5460 hujusmodi
1622 5380 1658 5442 ad
1690 5381 1851 5443 sacristiam
1872 5399 1941 5441 cum

1149 5480 1213 5540 aliis
1227 5480 1384 5556 bucalibus,
1398 5492 1426 5543 et
1445 5481 1587 5544 bacilibus
1605 5483 1723 5563 singulis
1744 5501 1801 5563 pto
1821 5481 1886 5556 eis,
1906 5492 1942 5543 ut

1152 5584 1334 5660 praefertur,
1350 5583 1530 5659 ordinatis„
1555 5630 1562 5645 .
1583 5631 1591 5645 .
1611 5630 1619 5645 .
1643 5584 1835 5666 baptizando,
1855 5586 1943 5647 semel

1151 5693 1262 5745 tantum
1282 5702 1350 5746 cum
1368 5704 1444 5764 aqua
1458 5705 1578 5748 erucam
1597 5686 1665 5750 lecit
1686 5705 1776 5767 super
1796 5685 1944 5749 cervicem
