<?xml version="1.0" encoding="UTF-8"?>
<!DOCTYPE html PUBLIC "-//W3C//DTD XHTML 1.0 Transitional//EN"
    "http://www.w3.org/TR/xhtml1/DTD/xhtml1-transitional.dtd">
<html xmlns="http://www.w3.org/1999/xhtml" xml:lang="en" lang="en">
 <head>
  <title>
</title>
<meta http-equiv="Content-Type" content="text/html;charset=utf-8" />
  <meta name='ocr-system' content='tesseract 3.04.00' />
  <meta name='ocr-capabilities' content='ocr_page ocr_carea ocr_par ocr_line ocrx_word'/>
</head>
<body>
  <div class='ocr_page' id='page_1' title='image "./johannisburchar01burcgoog_0199.png"; bbox 0 0 4492 6859; ppageno 0'>
   <div class='ocr_carea' id='block_1_1' title="bbox 245 649 358 735">
    <p class='ocr_par' dir='ltr' id='par_1_1' title="bbox 245 649 358 735">
     <span class='ocr_line' id='line_1_1' title="bbox 245 649 358 735; baseline 0.009 -22"><span class='ocrx_word' id='word_1_1' title='bbox 245 649 358 735; x_wconf 83' lang='lat' dir='ltr'><strong>(tros)</strong></span> 
     </span>
    </p>
   </div>
   <div class='ocr_carea' id='block_1_2' title="bbox 243 790 1040 2076">
    <p class='ocr_par' dir='ltr' id='par_1_2' title="bbox 243 790 1040 2076">
     <span class='ocr_line' id='line_1_2' title="bbox 250 790 1040 869; baseline 0.01 -22"><span class='ocrx_word' id='word_1_2' title='bbox 250 790 359 851; x_wconf 89' lang='lat' dir='ltr'><strong>tabulis</strong></span> <span class='ocrx_word' id='word_1_3' title='bbox 380 799 492 849; x_wconf 93' lang='lat' dir='ltr'><strong>tantum</strong></span> <span class='ocrx_word' id='word_1_4' title='bbox 523 790 648 869; x_wconf 88' lang='lat' dir='ltr'><strong>tapetia,</strong></span> <span class='ocrx_word' id='word_1_5' title='bbox 670 802 698 851; x_wconf 93' lang='lat' dir='ltr'><strong>et</strong></span> <span class='ocrx_word' id='word_1_6' title='bbox 720 791 866 853; x_wconf 71' lang='lat' dir='ltr'>credentia</span> <span class='ocrx_word' id='word_1_7' title='bbox 897 803 927 854; x_wconf 93' lang='lat' dir='ltr'><strong>et</strong></span> <span class='ocrx_word' id='word_1_8' title='bbox 959 794 1040 855; x_wconf 89' lang='lat' dir='ltr'><strong>lectis</strong></span> 
     </span>
     <span class='ocr_line' id='line_1_3' title="bbox 246 888 1039 967; baseline 0.01 -20"><span class='ocrx_word' id='word_1_9' title='bbox 246 906 355 967; x_wconf 86' lang='lat' dir='ltr'><strong>pennos</strong></span> <span class='ocrx_word' id='word_1_10' title='bbox 376 888 412 949; x_wconf 88' lang='lat' dir='ltr'><strong>de</strong></span> <span class='ocrx_word' id='word_1_11' title='bbox 433 889 524 949; x_wconf 88' lang='lat' dir='ltr'><strong>rassiu</strong></span> <span class='ocrx_word' id='word_1_12' title='bbox 558 890 697 951; x_wconf 87' lang='lat' dir='ltr'><strong>retinuit:</strong></span> <span class='ocrx_word' id='word_1_13' title='bbox 729 902 758 951; x_wconf 90' lang='lat' dir='ltr'><strong>et</strong></span> <span class='ocrx_word' id='word_1_14' title='bbox 791 910 890 955; x_wconf 92' lang='lat' dir='ltr'><strong>omnes</strong></span> <span class='ocrx_word' id='word_1_15' title='bbox 912 895 1039 955; x_wconf 75' lang='lat' dir='ltr'><strong>sert-ito·</strong></span> 
     </span>
     <span class='ocr_line' id='line_1_4' title="bbox 246 992 1039 1071; baseline 0.011 -24"><span class='ocrx_word' id='word_1_16' title='bbox 246 1006 294 1047; x_wconf 87' lang='lat' dir='ltr'><strong>res</strong></span> <span class='ocrx_word' id='word_1_17' title='bbox 315 1006 382 1048; x_wconf 88' lang='lat' dir='ltr'><strong>suos</strong></span> <span class='ocrx_word' id='word_1_18' title='bbox 401 1006 436 1047; x_wconf 84' lang='lat' dir='ltr'><strong>ex</strong></span> <span class='ocrx_word' id='word_1_19' title='bbox 470 1006 566 1069; x_wconf 89' lang='lat' dir='ltr'><strong>panno</strong></span> <span class='ocrx_word' id='word_1_20' title='bbox 599 992 686 1071; x_wconf 88' lang='lat' dir='ltr'><strong>nigro</strong></span> <span class='ocrx_word' id='word_1_21' title='bbox 719 992 820 1053; x_wconf 75' lang='lat' dir='ltr'><strong>vestiri</strong></span> <span class='ocrx_word' id='word_1_22' title='bbox 842 993 920 1054; x_wconf 87' lang='lat' dir='ltr'><strong>iecit.</strong></span> <span class='ocrx_word' id='word_1_23' title='bbox 952 995 1039 1057; x_wconf 87' lang='lat' dir='ltr'><strong>llunc</strong></span> 
     </span>
     <span class='ocr_line' id='line_1_5' title="bbox 245 1085 1037 1173; baseline 0.01 -25"><span class='ocrx_word' id='word_1_24' title='bbox 245 1085 453 1163; x_wconf 75' lang='lat' dir='ltr'><strong>cardinalem,</strong></span> <span class='ocrx_word' id='word_1_25' title='bbox 476 1103 594 1172; x_wconf 90' lang='lat' dir='ltr'><strong>propter</strong></span> <span class='ocrx_word' id='word_1_26' title='bbox 609 1112 731 1173; x_wconf 83' lang='lat' dir='ltr'><strong>grauem</strong></span> <span class='ocrx_word' id='word_1_27' title='bbox 752 1092 948 1156; x_wconf 82' lang='lat' dir='ltr'><strong>infirmitatem</strong></span> <span class='ocrx_word' id='word_1_28' title='bbox 969 1094 1037 1156; x_wconf 93' lang='lat' dir='ltr'><strong>dicti</strong></span> 
     </span>
     <span class='ocr_line' id='line_1_6' title="bbox 247 1184 1039 1269; baseline 0.014 -24"><span class='ocrx_word' id='word_1_29' title='bbox 247 1184 424 1261; x_wconf 83' lang='lat' dir='ltr'><strong>Laurentii,</strong></span> <span class='ocrx_word' id='word_1_30' title='bbox 447 1188 482 1249; x_wconf 95' lang='lat' dir='ltr'><strong>de</strong></span> <span class='ocrx_word' id='word_1_31' title='bbox 503 1193 608 1269; x_wconf 89' lang='lat' dir='ltr'><strong>quain</strong></span> <span class='ocrx_word' id='word_1_32' title='bbox 630 1192 710 1255; x_wconf 91' lang='lat' dir='ltr'><strong>Urbe</strong></span> <span class='ocrx_word' id='word_1_33' title='bbox 726 1205 807 1254; x_wconf 90' lang='lat' dir='ltr'><strong>certa</strong></span> <span class='ocrx_word' id='word_1_34' title='bbox 828 1195 928 1255; x_wconf 92' lang='lat' dir='ltr'><strong>notitia</strong></span> <span class='ocrx_word' id='word_1_35' title='bbox 947 1193 1039 1256; x_wconf 89' lang='lat' dir='ltr'><strong>habe·</strong></span> 
     </span>
     <span class='ocr_line' id='line_1_7' title="bbox 245 1286 1037 1370; baseline 0.014 -26"><span class='ocrx_word' id='word_1_36' title='bbox 245 1286 351 1359; x_wconf 90' lang='lat' dir='ltr'><strong>hatur,</strong></span> <span class='ocrx_word' id='word_1_37' title='bbox 386 1288 448 1348; x_wconf 90' lang='lat' dir='ltr'><strong>beri</strong></span> <span class='ocrx_word' id='word_1_38' title='bbox 473 1310 611 1370; x_wconf 82' lang='lat' dir='ltr'><strong>vespere,</strong></span> <span class='ocrx_word' id='word_1_39' title='bbox 643 1293 723 1354; x_wconf 88' lang='lat' dir='ltr'><strong>circs</strong></span> <span class='ocrx_word' id='word_1_40' title='bbox 746 1292 847 1353; x_wconf 89' lang='lat' dir='ltr'><strong>horam</strong></span> <span class='ocrx_word' id='word_1_41' title='bbox 881 1294 1037 1356; x_wconf 86' lang='lat' dir='ltr'><strong>secundam</strong></span> 
     </span>
     <span class='ocr_line' id='line_1_8' title="bbox 245 1388 1037 1462; baseline 0.011 -15"><span class='ocrx_word' id='word_1_42' title='bbox 245 1388 360 1462; x_wconf 88' lang='lat' dir='ltr'><strong>noctis,</strong></span> <span class='ocrx_word' id='word_1_43' title='bbox 393 1388 466 1451; x_wconf 84' lang='lat' dir='ltr'><strong>Rev.</strong></span> <span class='ocrx_word' id='word_1_44' title='bbox 490 1390 633 1452; x_wconf 81' lang='lat' dir='ltr'>Dominus</span> <span class='ocrx_word' id='word_1_45' title='bbox 668 1392 830 1455; x_wconf 81' lang='lat' dir='ltr'><strong>cardinalis</strong></span> <span class='ocrx_word' id='word_1_46' title='bbox 860 1394 894 1456; x_wconf 92' lang='lat' dir='ltr'><strong>de</strong></span> <span class='ocrx_word' id='word_1_47' title='bbox 922 1394 1037 1458; x_wconf 79' lang='lat' dir='ltr'><strong>Ursinis</strong></span> 
     </span>
     <span class='ocr_line' id='line_1_9' title="bbox 244 1488 1038 1568; baseline 0.014 -22"><span class='ocrx_word' id='word_1_48' title='bbox 244 1488 383 1565; x_wconf 88' lang='lat' dir='ltr'><strong>sanguine</strong></span> <span class='ocrx_word' id='word_1_49' title='bbox 408 1488 460 1549; x_wconf 89' lang='lat' dir='ltr'><strong>sibi</strong></span> <span class='ocrx_word' id='word_1_50' title='bbox 494 1488 683 1568; x_wconf 84' lang='lat' dir='ltr'><strong>conjunctus,</strong></span> <span class='ocrx_word' id='word_1_51' title='bbox 715 1493 866 1568; x_wconf 84' lang='lat' dir='ltr'><strong>visitavit,</strong></span> <span class='ocrx_word' id='word_1_52' title='bbox 899 1506 928 1556; x_wconf 95' lang='lat' dir='ltr'><strong>et</strong></span> <span class='ocrx_word' id='word_1_53' title='bbox 951 1494 1038 1557; x_wconf 90' lang='lat' dir='ltr'><strong>bodie</strong></span> 
     </span>
     <span class='ocr_line' id='line_1_10' title="bbox 246 1589 1036 1672; baseline 0.013 -26"><span class='ocrx_word' id='word_1_54' title='bbox 246 1596 311 1666; x_wconf 90' lang='lat' dir='ltr'><strong>post</strong></span> <span class='ocrx_word' id='word_1_55' title='bbox 332 1589 485 1669; x_wconf 91' lang='lat' dir='ltr'><strong>prandium</strong></span> <span class='ocrx_word' id='word_1_56' title='bbox 516 1604 635 1672; x_wconf 90' lang='lat' dir='ltr'><strong>propter</strong></span> <span class='ocrx_word' id='word_1_57' title='bbox 656 1593 727 1653; x_wconf 93' lang='lat' dir='ltr'><strong>dicti</strong></span> <span class='ocrx_word' id='word_1_58' title='bbox 753 1592 902 1656; x_wconf 86' lang='lat' dir='ltr'><strong>Laurentii</strong></span> <span class='ocrx_word' id='word_1_59' title='bbox 923 1596 1036 1658; x_wconf 90' lang='lat' dir='ltr'><strong>obitum</strong></span> 
     </span>
     <span class='ocr_line' id='line_1_11' title="bbox 245 1686 1039 1767; baseline 0.013 -21"><span class='ocrx_word' id='word_1_60' title='bbox 245 1687 320 1748; x_wconf 80' lang='lat' dir='ltr'><strong>lies.</strong></span> <span class='ocrx_word' id='word_1_61' title='bbox 344 1686 458 1750; x_wconf 77' lang='lat' dir='ltr'><strong>Domini</strong></span> <span class='ocrx_word' id='word_1_62' title='bbox 486 1692 676 1767; x_wconf 72' lang='lat' dir='ltr'><strong>cardinales,</strong></span> <span class='ocrx_word' id='word_1_63' title='bbox 710 1693 865 1766; x_wconf 79' lang='lat' dir='ltr'><strong>Senensis,</strong></span> <span class='ocrx_word' id='word_1_64' title='bbox 894 1697 1039 1759; x_wconf 81' lang='lat' dir='ltr'><strong>Vicecau·</strong></span> 
     </span>
     <span class='ocr_line' id='line_1_12' title="bbox 243 1790 1039 1873; baseline 0.014 -25"><span class='ocrx_word' id='word_1_65' title='bbox 243 1790 380 1850; x_wconf 76' lang='lat' dir='ltr'><strong>cellarius</strong></span> <span class='ocrx_word' id='word_1_66' title='bbox 392 1835 401 1865; x_wconf 94' lang='lat'><strong>,</strong></span> <span class='ocrx_word' id='word_1_67' title='bbox 430 1790 657 1873; x_wconf 86' lang='lat' dir='ltr'><strong>Neapolitanus,</strong></span> <span class='ocrx_word' id='word_1_68' title='bbox 679 1794 887 1872; x_wconf 79' lang='lat' dir='ltr'><strong>Camerarius,</strong></span> <span class='ocrx_word' id='word_1_69' title='bbox 923 1798 957 1860; x_wconf 88' lang='lat' dir='ltr'><strong>de</strong></span> <span class='ocrx_word' id='word_1_70' title='bbox 980 1797 1039 1860; x_wconf 88' lang='lat' dir='ltr'><strong>Su·</strong></span> 
     </span>
     <span class='ocr_line' id='line_1_13' title="bbox 245 1890 1036 1972; baseline 0.016 -23"><span class='ocrx_word' id='word_1_71' title='bbox 245 1890 351 1965; x_wconf 89' lang='lat' dir='ltr'><strong>hellis,</strong></span> <span class='ocrx_word' id='word_1_72' title='bbox 373 1892 537 1972; x_wconf 74' lang='lat' dir='ltr'><strong>Ascanius,</strong></span> <span class='ocrx_word' id='word_1_73' title='bbox 557 1906 586 1955; x_wconf 91' lang='lat' dir='ltr'><strong>et</strong></span> <span class='ocrx_word' id='word_1_74' title='bbox 605 1896 784 1970; x_wconf 69' lang='lat' dir='ltr'><strong>Aleriensis,</strong></span> <span class='ocrx_word' id='word_1_75' title='bbox 812 1897 912 1961; x_wconf 89' lang='lat' dir='ltr'><strong>deinde</strong></span> <span class='ocrx_word' id='word_1_76' title='bbox 933 1911 962 1961; x_wconf 91' lang='lat' dir='ltr'><strong>et</strong></span> <span class='ocrx_word' id='word_1_77' title='bbox 985 1900 1036 1962; x_wconf 91' lang='lat' dir='ltr'><strong>alii</strong></span> 
     </span>
     <span class='ocr_line' id='line_1_14' title="bbox 247 1990 1038 2076; baseline 0.015 -27"><span class='ocrx_word' id='word_1_78' title='bbox 247 1990 415 2055; x_wconf 88' lang='lat' dir='ltr'><strong>Cardinalcs</strong></span> <span class='ocrx_word' id='word_1_79' title='bbox 440 2012 524 2056; x_wconf 84' lang='lat' dir='ltr'><strong>more</strong></span> <span class='ocrx_word' id='word_1_80' title='bbox 543 1995 627 2056; x_wconf 91' lang='lat' dir='ltr'><strong>solito</strong></span> <span class='ocrx_word' id='word_1_81' title='bbox 650 1996 815 2059; x_wconf 82' lang='lat' dir='ltr'><strong>visitarunt.</strong></span> <span class='ocrx_word' id='word_1_82' title='bbox 837 1996 936 2076; x_wconf 83' lang='lat' dir='ltr'><strong>liujus</strong></span> <span class='ocrx_word' id='word_1_83' title='bbox 955 1998 1038 2060; x_wconf 88' lang='lat' dir='ltr'><strong>Lau·</strong></span> 
     </span>
    </p>
   </div>
   <div class='ocr_carea' id='block_1_3' title="bbox 244 2207 1038 2820">
    <p class='ocr_par' dir='ltr' id='par_1_3' title="bbox 244 2207 1038 2820">
     <span class='ocr_line' id='line_1_15' title="bbox 246 2207 1037 2281; baseline 0.016 -26"><span class='ocrx_word' id='word_1_84' title='bbox 246 2207 290 2257; x_wconf 88' lang='lat' dir='ltr'><strong>dio</strong></span> <span class='ocrx_word' id='word_1_85' title='bbox 308 2208 480 2270; x_wconf 75' lang='lat' dir='ltr'><strong>satisfacere,</strong></span> <span class='ocrx_word' id='word_1_86' title='bbox 496 2210 615 2264; x_wconf 86' lang='lat' dir='ltr'><strong>brevitas</strong></span> <span class='ocrx_word' id='word_1_87' title='bbox 633 2215 691 2278; x_wconf 86' lang='lat' dir='ltr'><strong>ipso</strong></span> <span class='ocrx_word' id='word_1_88' title='bbox 708 2216 735 2264; x_wconf 89' lang='lat' dir='ltr'><strong>in</strong></span> <span class='ocrx_word' id='word_1_89' title='bbox 747 2220 902 2268; x_wconf 87' lang='lat' dir='ltr'><strong>transcursu</strong></span> <span class='ocrx_word' id='word_1_90' title='bbox 918 2230 971 2268; x_wconf 90' lang='lat' dir='ltr'><strong>non</strong></span> <span class='ocrx_word' id='word_1_91' title='bbox 987 2230 1037 2281; x_wconf 93' lang='lat' dir='ltr'><strong>po·</strong></span> 
     </span>
     <span class='ocr_line' id='line_1_16' title="bbox 248 2291 1038 2360; baseline 0.016 -26"><span class='ocrx_word' id='word_1_92' title='bbox 248 2292 334 2337; x_wconf 79' lang='lat' dir='ltr'><strong>terat:</strong></span> <span class='ocrx_word' id='word_1_93' title='bbox 350 2292 446 2350; x_wconf 89' lang='lat' dir='ltr'><strong>partim</strong></span> <span class='ocrx_word' id='word_1_94' title='bbox 472 2291 551 2341; x_wconf 92' lang='lat' dir='ltr'><strong>etiam</strong></span> <span class='ocrx_word' id='word_1_95' title='bbox 569 2306 658 2344; x_wconf 87' lang='lat' dir='ltr'><strong>amare</strong></span> <span class='ocrx_word' id='word_1_96' title='bbox 676 2294 806 2357; x_wconf 91' lang='lat' dir='ltr'><strong>quaedam</strong></span> <span class='ocrx_word' id='word_1_97' title='bbox 823 2295 952 2357; x_wconf 88' lang='lat' dir='ltr'><strong>dulcedo,</strong></span> <span class='ocrx_word' id='word_1_98' title='bbox 973 2310 1038 2360; x_wconf 89' lang='lat' dir='ltr'><strong>qua·</strong></span> 
     </span>
     <span class='ocr_line' id='line_1_17' title="bbox 248 2368 1034 2438; baseline 0.017 -24"><span class='ocrx_word' id='word_1_99' title='bbox 248 2368 324 2429; x_wconf 90' lang='lat' dir='ltr'><strong>sique</strong></span> <span class='ocrx_word' id='word_1_100' title='bbox 342 2368 454 2418; x_wconf 77' lang='lat' dir='ltr'><strong>titillatio</strong></span> <span class='ocrx_word' id='word_1_101' title='bbox 470 2370 586 2432; x_wconf 87' lang='lat' dir='ltr'><strong>impulit,</strong></span> <span class='ocrx_word' id='word_1_102' title='bbox 603 2374 760 2424; x_wconf 82' lang='lat' dir='ltr'><strong>recolendae</strong></span> <span class='ocrx_word' id='word_1_103' title='bbox 771 2375 1034 2438; x_wconf 75' lang='lat' dir='ltr'><strong>frequentandaeque</strong></span> 
     </span>
     <span class='ocr_line' id='line_1_18' title="bbox 246 2445 1038 2519; baseline 0.018 -26"><span class='ocrx_word' id='word_1_104' title='bbox 246 2445 306 2508; x_wconf 86' lang='lat' dir='ltr'><strong>ejus</strong></span> <span class='ocrx_word' id='word_1_105' title='bbox 322 2447 371 2495; x_wconf 87' lang='lat' dir='ltr'><strong>viri</strong></span> <span class='ocrx_word' id='word_1_106' title='bbox 389 2451 539 2499; x_wconf 81' lang='lat' dir='ltr'><strong>memoriae.</strong></span> <span class='ocrx_word' id='word_1_107' title='bbox 552 2449 598 2500; x_wconf 88' lang='lat' dir='ltr'><strong>Cui</strong></span> <span class='ocrx_word' id='word_1_108' title='bbox 616 2452 639 2501; x_wconf 91' lang='lat' dir='ltr'><strong>si</strong></span> <span class='ocrx_word' id='word_1_109' title='bbox 656 2464 748 2516; x_wconf 90' lang='lat' dir='ltr'><strong>parem</strong></span> <span class='ocrx_word' id='word_1_110' title='bbox 765 2454 931 2519; x_wconf 81' lang='lat' dir='ltr'><strong>similemque</strong></span> <span class='ocrx_word' id='word_1_111' title='bbox 948 2460 1038 2507; x_wconf 87' lang='lat' dir='ltr'><strong>nostra</strong></span> 
     </span>
     <span class='ocr_line' id='line_1_19' title="bbox 246 2526 1038 2597; baseline 0.018 -25"><span class='ocrx_word' id='word_1_112' title='bbox 246 2528 320 2573; x_wconf 86' lang='lat' dir='ltr'><strong>aetas</strong></span> <span class='ocrx_word' id='word_1_113' title='bbox 338 2538 417 2575; x_wconf 90' lang='lat' dir='ltr'><strong>unum</strong></span> <span class='ocrx_word' id='word_1_114' title='bbox 434 2526 502 2577; x_wconf 78' lang='lat' dir='ltr'><strong>torte</strong></span> <span class='ocrx_word' id='word_1_115' title='bbox 520 2532 600 2590; x_wconf 89' lang='lat' dir='ltr'><strong>atque</strong></span> <span class='ocrx_word' id='word_1_116' title='bbox 620 2531 732 2581; x_wconf 90' lang='lat' dir='ltr'><strong>alterum</strong></span> <span class='ocrx_word' id='word_1_117' title='bbox 750 2534 828 2593; x_wconf 90' lang='lat' dir='ltr'><strong>tulit,</strong></span> <span class='ocrx_word' id='word_1_118' title='bbox 852 2539 940 2597; x_wconf 87' lang='lat' dir='ltr'><strong>potest</strong></span> <span class='ocrx_word' id='word_1_119' title='bbox 956 2535 1038 2585; x_wconf 85' lang='lat' dir='ltr'><strong>uude·</strong></span> 
     </span>
     <span class='ocr_line' id='line_1_20' title="bbox 244 2602 1035 2675; baseline 0.016 -24"><span class='ocrx_word' id='word_1_120' title='bbox 244 2607 302 2651; x_wconf 89' lang='lat' dir='ltr'><strong>oter</strong></span> <span class='ocrx_word' id='word_1_121' title='bbox 318 2602 369 2657; x_wconf 89' lang='lat' dir='ltr'><strong>lam</strong></span> <span class='ocrx_word' id='word_1_122' title='bbox 387 2606 420 2654; x_wconf 90' lang='lat' dir='ltr'><strong>de</strong></span> <span class='ocrx_word' id='word_1_123' title='bbox 436 2606 578 2669; x_wconf 84' lang='lat' dir='ltr'><strong>splendore</strong></span> <span class='ocrx_word' id='word_1_124' title='bbox 595 2610 707 2660; x_wconf 90' lang='lat' dir='ltr'><strong>nominis</strong></span> <span class='ocrx_word' id='word_1_125' title='bbox 724 2616 751 2661; x_wconf 90' lang='lat' dir='ltr'><strong>et</strong></span> <span class='ocrx_word' id='word_1_126' title='bbox 768 2613 866 2675; x_wconf 83' lang='lat' dir='ltr'><strong>gloria,</strong></span> <span class='ocrx_word' id='word_1_127' title='bbox 884 2627 942 2663; x_wconf 90' lang='lat' dir='ltr'><strong>cum</strong></span> <span class='ocrx_word' id='word_1_128' title='bbox 961 2619 1035 2664; x_wconf 85' lang='lat' dir='ltr'><strong>reto·</strong></span> 
     </span>
     <span class='ocr_line' id='line_1_21' title="bbox 244 2686 1036 2747; baseline 0.015 -15"><span class='ocrx_word' id='word_1_129' title='bbox 244 2686 316 2732; x_wconf 85' lang='lat' dir='ltr'><strong>statu</strong></span> <span class='ocrx_word' id='word_1_130' title='bbox 332 2696 437 2746; x_wconf 90' lang='lat' dir='ltr'><strong>quoque</strong></span> <span class='ocrx_word' id='word_1_131' title='bbox 458 2687 515 2747; x_wconf 91' lang='lat' dir='ltr'><strong>ipsa</strong></span> <span class='ocrx_word' id='word_1_132' title='bbox 537 2687 709 2738; x_wconf 85' lang='lat' dir='ltr'><strong>contendere.</strong></span> <span class='ocrx_word' id='word_1_133' title='bbox 733 2688 793 2740; x_wconf 85' lang='lat' dir='ltr'><strong>Vale</strong></span> <span class='ocrx_word' id='word_1_134' title='bbox 810 2695 847 2743; x_wconf 74' lang='lat' dir='ltr'><strong>ts</strong></span> <span class='ocrx_word' id='word_1_135' title='bbox 865 2691 920 2741; x_wconf 83' lang='lat' dir='ltr'><strong>Kal.</strong></span> <span class='ocrx_word' id='word_1_136' title='bbox 945 2696 1036 2744; x_wconf 81' lang='lat' dir='ltr'><strong>iunias</strong></span> 
     </span>
     <span class='ocr_line' id='line_1_22' title="bbox 245 2760 842 2820; baseline 0.01 -10"><span class='ocrx_word' id='word_1_137' title='bbox 245 2760 498 2815; x_wconf 75' lang='lat' dir='ltr'><strong>mcccclxxxxu.</strong></span> <span class='ocrx_word' id='word_1_138' title='bbox 519 2765 662 2817; x_wconf 74' lang='lat' dir='ltr'><strong>Faesulano</strong></span> <span class='ocrx_word' id='word_1_139' title='bbox 678 2769 705 2818; x_wconf 90' lang='lat' dir='ltr'><strong>in</strong></span> <span class='ocrx_word' id='word_1_140' title='bbox 722 2770 842 2820; x_wconf 85' lang='lat' dir='ltr'><strong>liusculo.</strong></span> 
     </span>
    </p>
   </div>
   <div class='ocr_carea' id='block_1_4' title="bbox 576 2921 700 2936">
    <p class='ocr_par' dir='ltr' id='par_1_4' title="bbox 576 2921 700 2936">
     <span class='ocr_line' id='line_1_23' title="bbox 576 2921 700 2936; baseline 0.008 -1"><span class='ocrx_word' id='word_1_141' title='bbox 576 2921 700 2936; x_wconf 71' lang='lat'><strong>—-</strong></span> 
     </span>
    </p>
   </div>
   <div class='ocr_carea' id='block_1_5' title="bbox 364 3050 924 3186">
    <p class='ocr_par' dir='ltr' id='par_1_5' title="bbox 364 3050 924 3186">
     <span class='ocr_line' id='line_1_24' title="bbox 364 3050 924 3115; baseline 0.013 -17"><span class='ocrx_word' id='word_1_142' title='bbox 364 3050 381 3099; x_wconf 97' lang='lat' dir='ltr'><strong>ll</strong></span> <span class='ocrx_word' id='word_1_143' title='bbox 398 3051 535 3103; x_wconf 86' lang='lat' dir='ltr'><strong>cardinale</strong></span> <span class='ocrx_word' id='word_1_144' title='bbox 552 3054 608 3103; x_wconf 85' lang='lat' dir='ltr'><strong>Gio.</strong></span> <span class='ocrx_word' id='word_1_145' title='bbox 626 3054 770 3106; x_wconf 88' lang='lat' dir='ltr'><strong>de’lledici</strong></span> <span class='ocrx_word' id='word_1_146' title='bbox 787 3057 813 3105; x_wconf 89' lang='lat' dir='ltr'><strong>in</strong></span> <span class='ocrx_word' id='word_1_147' title='bbox 829 3057 924 3115; x_wconf 78' lang='lat' dir='ltr'><strong>Roma,</strong></span> 
     </span>
     <span class='ocr_line' id='line_1_25' title="bbox 428 3130 865 3186; baseline 0.005 -5"><span class='ocrx_word' id='word_1_148' title='bbox 428 3130 521 3181; x_wconf 74' lang='lat' dir='ltr'><strong>aeter</strong></span> <span class='ocrx_word' id='word_1_149' title='bbox 539 3132 683 3184; x_wconf 84' lang='lat' dir='ltr'><strong>de&#39;iledicl</strong></span> <span class='ocrx_word' id='word_1_150' title='bbox 703 3135 732 3184; x_wconf 87' lang='lat' dir='ltr'><strong>in</strong></span> <span class='ocrx_word' id='word_1_151' title='bbox 749 3134 865 3186; x_wconf 81' lang='lat' dir='ltr'><strong>Firenze.</strong></span> 
     </span>
    </p>
   </div>
   <div class='ocr_carea' id='block_1_6' title="bbox 245 3284 1037 4066">
    <p class='ocr_par' dir='ltr' id='par_1_6' title="bbox 245 3284 1037 4066">
     <span class='ocr_line' id='line_1_26' title="bbox 292 3284 1036 3348; baseline 0.011 -14"><span class='ocrx_word' id='word_1_152' title='bbox 292 3304 302 3328; x_wconf 89' lang='lat'><strong>·</strong></span> <span class='ocrx_word' id='word_1_153' title='bbox 320 3284 462 3337; x_wconf 88' lang='lat' dir='ltr'><strong>Carissime</strong></span> <span class='ocrx_word' id='word_1_154' title='bbox 478 3286 562 3337; x_wconf 85' lang='lat' dir='ltr'><strong>irater</strong></span> <span class='ocrx_word' id='word_1_155' title='bbox 578 3290 629 3348; x_wconf 87' lang='lat' dir='ltr'><strong>mi,</strong></span> <span class='ocrx_word' id='word_1_156' title='bbox 648 3301 678 3338; x_wconf 92' lang='lat' dir='ltr'><strong>ac</strong></span> <span class='ocrx_word' id='word_1_157' title='bbox 694 3292 800 3341; x_wconf 87' lang='lat' dir='ltr'><strong>unicum</strong></span> <span class='ocrx_word' id='word_1_158' title='bbox 816 3295 925 3342; x_wconf 90' lang='lat' dir='ltr'><strong>nostrae</strong></span> <span class='ocrx_word' id='word_1_159' title='bbox 942 3290 1036 3342; x_wconf 90' lang='lat' dir='ltr'><strong>domus</strong></span> 
     </span>
     <span class='ocr_line' id='line_1_27' title="bbox 245 3365 1035 3434; baseline 0.014 -22"><span class='ocrx_word' id='word_1_160' title='bbox 245 3365 374 3416; x_wconf 89' lang='lat' dir='ltr'><strong>columen.</strong></span> <span class='ocrx_word' id='word_1_161' title='bbox 398 3366 466 3426; x_wconf 84' lang='lat' dir='ltr'><strong>Quid</strong></span> <span class='ocrx_word' id='word_1_162' title='bbox 488 3367 602 3417; x_wconf 88' lang='lat' dir='ltr'><strong>scribam</strong></span> <span class='ocrx_word' id='word_1_163' title='bbox 621 3371 655 3417; x_wconf 90' lang='lat' dir='ltr'><strong>ml</strong></span> <span class='ocrx_word' id='word_1_164' title='bbox 673 3369 757 3420; x_wconf 84' lang='lat' dir='ltr'><strong>irater</strong></span> <span class='ocrx_word' id='word_1_165' title='bbox 773 3376 880 3434; x_wconf 87' lang='lat' dir='ltr'><strong>praeter</strong></span> <span class='ocrx_word' id='word_1_166' title='bbox 896 3372 1035 3423; x_wconf 84' lang='lat' dir='ltr'><strong>lachrimas</strong></span> 
     </span>
     <span class='ocr_line' id='line_1_28' title="bbox 245 3446 1037 3507; baseline 0.006 -13"><span class='ocrx_word' id='word_1_167' title='bbox 245 3457 313 3505; x_wconf 89' lang='lat' dir='ltr'><strong>pene</strong></span> <span class='ocrx_word' id='word_1_168' title='bbox 331 3446 393 3495; x_wconf 88' lang='lat' dir='ltr'><strong>nihii</strong></span> <span class='ocrx_word' id='word_1_169' title='bbox 410 3449 469 3506; x_wconf 88' lang='lat' dir='ltr'><strong>est,</strong></span> <span class='ocrx_word' id='word_1_170' title='bbox 486 3447 581 3507; x_wconf 77' lang='lat' dir='ltr'><strong>perche</strong></span> <span class='ocrx_word' id='word_1_171' title='bbox 597 3450 792 3501; x_wconf 87' lang='lat' dir='ltr'><strong>considerando</strong></span> <span class='ocrx_word' id='word_1_172' title='bbox 809 3453 834 3500; x_wconf 90' lang='lat' dir='ltr'><strong>ia</strong></span> <span class='ocrx_word' id='word_1_173' title='bbox 851 3451 927 3501; x_wconf 89' lang='lat' dir='ltr'><strong>ieiice</strong></span> <span class='ocrx_word' id='word_1_174' title='bbox 939 3463 1037 3500; x_wconf 87' lang='lat' dir='ltr'><strong>memo·</strong></span> 
     </span>
     <span class='ocr_line' id='line_1_29' title="bbox 246 3523 1036 3592; baseline 0.009 -21"><span class='ocrx_word' id='word_1_175' title='bbox 246 3524 283 3571; x_wconf 88' lang='lat' dir='ltr'><strong>ria</strong></span> <span class='ocrx_word' id='word_1_176' title='bbox 301 3523 327 3572; x_wconf 88' lang='lat' dir='ltr'><strong>di</strong></span> <span class='ocrx_word' id='word_1_177' title='bbox 344 3528 436 3574; x_wconf 91' lang='lat' dir='ltr'><strong>nostro</strong></span> <span class='ocrx_word' id='word_1_178' title='bbox 452 3524 534 3575; x_wconf 79' lang='lat' dir='ltr'><strong>Padre</strong></span> <span class='ocrx_word' id='word_1_179' title='bbox 552 3538 627 3577; x_wconf 91' lang='lat' dir='ltr'><strong>esser</strong></span> <span class='ocrx_word' id='word_1_180' title='bbox 643 3532 774 3588; x_wconf 83' lang='lat' dir='ltr'><strong>marcata,</strong></span> <span class='ocrx_word' id='word_1_181' title='bbox 789 3529 852 3579; x_wconf 89' lang='lat' dir='ltr'><strong>llere</strong></span> <span class='ocrx_word' id='word_1_182' title='bbox 869 3532 951 3592; x_wconf 85' lang='lat' dir='ltr'><strong>magis</strong></span> <span class='ocrx_word' id='word_1_183' title='bbox 963 3529 1036 3589; x_wconf 87' lang='lat' dir='ltr'><strong>libet,</strong></span> 
     </span>
     <span class='ocr_line' id='line_1_30' title="bbox 245 3603 1036 3671; baseline 0.01 -21"><span class='ocrx_word' id='word_1_184' title='bbox 245 3615 324 3663; x_wconf 90' lang='lat' dir='ltr'><strong>quam</strong></span> <span class='ocrx_word' id='word_1_185' title='bbox 340 3603 472 3666; x_wconf 84' lang='lat' dir='ltr'><strong>quidpiam</strong></span> <span class='ocrx_word' id='word_1_186' title='bbox 491 3605 571 3668; x_wconf 92' lang='lat' dir='ltr'><strong>loqui.</strong></span> <span class='ocrx_word' id='word_1_187' title='bbox 589 3605 665 3655; x_wconf 81' lang='lat' dir='ltr'><strong>Pater</strong></span> <span class='ocrx_word' id='word_1_188' title='bbox 680 3611 738 3657; x_wconf 87' lang='lat' dir='ltr'><strong>erat</strong></span> <span class='ocrx_word' id='word_1_189' title='bbox 755 3619 786 3658; x_wconf 86' lang='lat' dir='ltr'><strong>ac</strong></span> <span class='ocrx_word' id='word_1_190' title='bbox 802 3609 886 3671; x_wconf 91' lang='lat' dir='ltr'><strong>qualis</strong></span> <span class='ocrx_word' id='word_1_191' title='bbox 897 3608 992 3658; x_wconf 82' lang='lat' dir='ltr'><strong>Pater!</strong></span> <span class='ocrx_word' id='word_1_192' title='bbox 1008 3607 1036 3658; x_wconf 92' lang='lat' dir='ltr'><strong>ln</strong></span> 
     </span>
     <span class='ocr_line' id='line_1_31' title="bbox 246 3680 1036 3751; baseline 0.013 -21"><span class='ocrx_word' id='word_1_193' title='bbox 246 3680 314 3732; x_wconf 88' lang='lat' dir='ltr'><strong>tilios</strong></span> <span class='ocrx_word' id='word_1_194' title='bbox 332 3696 409 3732; x_wconf 91' lang='lat' dir='ltr'><strong>nemo</strong></span> <span class='ocrx_word' id='word_1_195' title='bbox 426 3695 458 3733; x_wconf 93' lang='lat' dir='ltr'><strong>eo</strong></span> <span class='ocrx_word' id='word_1_196' title='bbox 474 3686 667 3748; x_wconf 75' lang='lat' dir='ltr'><strong>induigent10r=</strong></span> <span class='ocrx_word' id='word_1_197' title='bbox 684 3691 753 3738; x_wconf 90' lang='lat' dir='ltr'><strong>tesia</strong></span> <span class='ocrx_word' id='word_1_198' title='bbox 770 3701 822 3738; x_wconf 89' lang='lat' dir='ltr'><strong>noo</strong></span> <span class='ocrx_word' id='word_1_199' title='bbox 839 3701 906 3751; x_wconf 90' lang='lat' dir='ltr'><strong>opus</strong></span> <span class='ocrx_word' id='word_1_200' title='bbox 919 3693 974 3748; x_wconf 82' lang='lat' dir='ltr'><strong>est,</strong></span> <span class='ocrx_word' id='word_1_201' title='bbox 991 3702 1036 3740; x_wconf 91' lang='lat' dir='ltr'><strong>ras</strong></span> 
     </span>
     <span class='ocr_line' id='line_1_32' title="bbox 247 3763 1036 3842; baseline 0.011 -33"><span class='ocrx_word' id='word_1_202' title='bbox 247 3764 308 3842; x_wconf 67' lang='lat' dir='ltr'><strong>ipsg</strong></span> <span class='ocrx_word' id='word_1_203' title='bbox 323 3763 494 3816; x_wconf 82' lang='lat' dir='ltr'><strong>indicatNou</strong></span> <span class='ocrx_word' id='word_1_204' title='bbox 513 3768 606 3816; x_wconf 89' lang='lat' dir='ltr'><strong>mirum</strong></span> <span class='ocrx_word' id='word_1_205' title='bbox 623 3768 703 3829; x_wconf 78' lang='lat' dir='ltr'><strong>igliur</strong></span> <span class='ocrx_word' id='word_1_206' title='bbox 720 3780 749 3817; x_wconf 91' lang='lat' dir='ltr'><strong>se</strong></span> <span class='ocrx_word' id='word_1_207' title='bbox 767 3769 802 3818; x_wconf 89' lang='lat' dir='ltr'><strong>mi</strong></span> <span class='ocrx_word' id='word_1_208' title='bbox 819 3769 910 3831; x_wconf 83' lang='lat' dir='ltr'><strong>doigo,</strong></span> <span class='ocrx_word' id='word_1_209' title='bbox 921 3781 949 3818; x_wconf 90' lang='lat' dir='ltr'><strong>se</strong></span> <span class='ocrx_word' id='word_1_210' title='bbox 961 3770 1036 3831; x_wconf 87' lang='lat' dir='ltr'><strong>pian-</strong></span> 
     </span>
     <span class='ocr_line' id='line_1_33' title="bbox 247 3842 1035 3910; baseline 0.01 -22"><span class='ocrx_word' id='word_1_211' title='bbox 247 3854 300 3903; x_wconf 87' lang='lat' dir='ltr'><strong>go,</strong></span> <span class='ocrx_word' id='word_1_212' title='bbox 317 3852 346 3891; x_wconf 85' lang='lat' dir='ltr'><strong>se</strong></span> <span class='ocrx_word' id='word_1_213' title='bbox 363 3847 450 3904; x_wconf 89' lang='lat' dir='ltr'><strong>quiete</strong></span> <span class='ocrx_word' id='word_1_214' title='bbox 474 3847 577 3895; x_wconf 89' lang='lat' dir='ltr'><strong>alcuna·</strong></span> <span class='ocrx_word' id='word_1_215' title='bbox 588 3858 642 3895; x_wconf 91' lang='lat' dir='ltr'><strong>non</strong></span> <span class='ocrx_word' id='word_1_216' title='bbox 663 3850 740 3895; x_wconf 90' lang='lat' dir='ltr'><strong>trovo</strong></span> <span class='ocrx_word' id='word_1_217' title='bbox 752 3883 760 3905; x_wconf 85' lang='lat'><strong>,</strong></span> <span class='ocrx_word' id='word_1_218' title='bbox 774 3859 816 3896; x_wconf 87' lang='lat' dir='ltr'><strong>ma</strong></span> <span class='ocrx_word' id='word_1_219' title='bbox 836 3849 978 3910; x_wconf 85' lang='lat' dir='ltr'><strong>alquanto,</strong></span> <span class='ocrx_word' id='word_1_220' title='bbox 999 3842 1035 3897; x_wconf 68' lang='lat' dir='ltr'><strong>&#39;mi</strong></span> 
     </span>
     <span class='ocr_line' id='line_1_34' title="bbox 247 3911 1035 3988; baseline 0.009 -21"><span class='ocrx_word' id='word_1_221' title='bbox 247 3917 345 3980; x_wconf 87' lang='lat' dir='ltr'><strong>irater,</strong></span> <span class='ocrx_word' id='word_1_222' title='bbox 362 3923 396 3969; x_wconf 90' lang='lat' dir='ltr'><strong>ml</strong></span> <span class='ocrx_word' id='word_1_223' title='bbox 414 3911 613 3980; x_wconf 60' lang='lat' dir='ltr'><strong>contorseris</strong></span> <span class='ocrx_word' id='word_1_224' title='bbox 638 3924 671 3972; x_wconf 93' lang='lat' dir='ltr'><strong>ho</strong></span> <span class='ocrx_word' id='word_1_225' title='bbox 690 3928 728 3988; x_wconf 92' lang='lat' dir='ltr'><strong>te,</strong></span> <span class='ocrx_word' id='word_1_226' title='bbox 744 3937 822 3986; x_wconf 90' lang='lat' dir='ltr'><strong>quem</strong></span> <span class='ocrx_word' id='word_1_227' title='bbox 840 3925 898 3973; x_wconf 91' lang='lat' dir='ltr'><strong>loco</strong></span> <span class='ocrx_word' id='word_1_228' title='bbox 919 3925 1035 3975; x_wconf 75' lang='lat' dir='ltr'><strong>defuncti</strong></span> 
     </span>
     <span class='ocr_line' id='line_1_35' title="bbox 246 3995 1034 4066; baseline 0.009 -19"><span class='ocrx_word' id='word_1_229' title='bbox 246 3995 330 4048; x_wconf 81' lang='lat' dir='ltr'><strong>Patris</strong></span> <span class='ocrx_word' id='word_1_230' title='bbox 354 4011 460 4063; x_wconf 88' lang='lat' dir='ltr'><strong>semper</strong></span> <span class='ocrx_word' id='word_1_231' title='bbox 476 4001 589 4050; x_wconf 86' lang='lat' dir='ltr'><strong>haheho.</strong></span> <span class='ocrx_word' id='word_1_232' title='bbox 611 4001 694 4052; x_wconf 77' lang='lat' dir='ltr'><strong>Tuum</strong></span> <span class='ocrx_word' id='word_1_233' title='bbox 712 4006 763 4053; x_wconf 90' lang='lat' dir='ltr'><strong>erit</strong></span> <span class='ocrx_word' id='word_1_234' title='bbox 777 4006 928 4066; x_wconf 83' lang='lat' dir='ltr'><strong>imperare,</strong></span> <span class='ocrx_word' id='word_1_235' title='bbox 948 4016 1034 4054; x_wconf 88' lang='lat' dir='ltr'><strong>meum</strong></span> 
     </span>
    </p>
   </div>
   <div class='ocr_carea' id='block_1_7' title="bbox 249 4079 1058 4141">
    <p class='ocr_par' dir='ltr' id='par_1_7' title="bbox 249 4079 1058 4141">
     <span class='ocr_line' id='line_1_36' title="bbox 249 4079 1058 4141; baseline 0.011 -16"><span class='ocrx_word' id='word_1_236' title='bbox 249 4091 314 4126; x_wconf 90' lang='lat' dir='ltr'><strong>vero</strong></span> <span class='ocrx_word' id='word_1_237' title='bbox 341 4079 415 4135; x_wconf 83' lang='lat' dir='ltr'><strong>jussa</strong></span> <span class='ocrx_word' id='word_1_238' title='bbox 444 4090 600 4141; x_wconf 79' lang='lat' dir='ltr'><strong>capessere:</strong></span> <span class='ocrx_word' id='word_1_239' title='bbox 618 4081 764 4131; x_wconf 88' lang='lat' dir='ltr'><strong>iarsnnoml</strong></span> <span class='ocrx_word' id='word_1_240' title='bbox 782 4083 872 4132; x_wconf 89' lang='lat' dir='ltr'><strong>e’tuoi</strong></span> <span class='ocrx_word' id='word_1_241' title='bbox 893 4083 1058 4134; x_wconf 88' lang='lat' dir='ltr'><strong>comanda··</strong></span> 
     </span>
    </p>
   </div>
   <div class='ocr_carea' id='block_1_8' title="bbox 246 4159 1038 5812">
    <p class='ocr_par' dir='ltr' id='par_1_8' title="bbox 246 4159 1038 5812">
     <span class='ocr_line' id='line_1_37' title="bbox 248 4159 1037 4226; baseline 0.011 -22"><span class='ocrx_word' id='word_1_242' title='bbox 248 4159 328 4204; x_wconf 86' lang='lat' dir='ltr'><strong>menti</strong></span> <span class='ocrx_word' id='word_1_243' title='bbox 346 4167 451 4219; x_wconf 89' lang='lat' dir='ltr'><strong>sempre</strong></span> <span class='ocrx_word' id='word_1_244' title='bbox 468 4169 568 4207; x_wconf 89' lang='lat' dir='ltr'><strong>sommo</strong></span> <span class='ocrx_word' id='word_1_245' title='bbox 585 4161 689 4221; x_wconf 85' lang='lat' dir='ltr'><strong>placare</strong></span> <span class='ocrx_word' id='word_1_246' title='bbox 705 4173 785 4223; x_wconf 87' lang='lat' dir='ltr'><strong>supra</strong></span> <span class='ocrx_word' id='word_1_247' title='bbox 803 4175 881 4225; x_wconf 88' lang='lat' dir='ltr'><strong>quam</strong></span> <span class='ocrx_word' id='word_1_248' title='bbox 898 4163 971 4212; x_wconf 86' lang='lat' dir='ltr'><strong>credi</strong></span> <span class='ocrx_word' id='word_1_249' title='bbox 987 4177 1037 4226; x_wconf 92' lang='lat' dir='ltr'><strong>po·</strong></span> 
     </span>
     <span class='ocr_line' id='line_1_38' title="bbox 250 4233 1036 4305; baseline 0.013 -21"><span class='ocrx_word' id='word_1_250' title='bbox 250 4238 313 4284; x_wconf 89' lang='lat' dir='ltr'><strong>test.</strong></span> <span class='ocrx_word' id='word_1_251' title='bbox 330 4233 379 4285; x_wconf 76' lang='lat' dir='ltr'><strong>Fac</strong></span> <span class='ocrx_word' id='word_1_252' title='bbox 396 4236 560 4298; x_wconf 67' lang='lat' dir='ltr'><strong>periculum,</strong></span> <span class='ocrx_word' id='word_1_253' title='bbox 577 4238 696 4300; x_wconf 85' lang='lat' dir='ltr'><strong>impera;</strong></span> <span class='ocrx_word' id='word_1_254' title='bbox 712 4241 774 4290; x_wconf 88' lang='lat' dir='ltr'><strong>nihil</strong></span> <span class='ocrx_word' id='word_1_255' title='bbox 801 4246 858 4299; x_wconf 87' lang='lat' dir='ltr'><strong>est,</strong></span> <span class='ocrx_word' id='word_1_256' title='bbox 874 4243 944 4305; x_wconf 92' lang='lat' dir='ltr'><strong>quod</strong></span> <span class='ocrx_word' id='word_1_257' title='bbox 960 4243 1036 4304; x_wconf 77' lang='lat' dir='ltr'><strong>iussa</strong></span> 
     </span>
     <span class='ocr_line' id='line_1_39' title="bbox 249 4309 1034 4380; baseline 0.013 -18"><span class='ocrx_word' id='word_1_258' title='bbox 249 4314 399 4364; x_wconf 82' lang='lat' dir='ltr'><strong>retardem=</strong></span> <span class='ocrx_word' id='word_1_259' title='bbox 424 4329 473 4366; x_wconf 91' lang='lat' dir='ltr'><strong>oro</strong></span> <span class='ocrx_word' id='word_1_260' title='bbox 497 4325 602 4377; x_wconf 80' lang='lat' dir='ltr'><strong>maten,</strong></span> <span class='ocrx_word' id='word_1_261' title='bbox 627 4309 660 4368; x_wconf 86' lang='lat' dir='ltr'><strong>lui</strong></span> <span class='ocrx_word' id='word_1_262' title='bbox 682 4319 776 4380; x_wconf 82' lang='lat' dir='ltr'><strong>l’etre,</strong></span> <span class='ocrx_word' id='word_1_263' title='bbox 793 4322 816 4371; x_wconf 91' lang='lat' dir='ltr'><strong>is</strong></span> <span class='ocrx_word' id='word_1_264' title='bbox 840 4324 905 4373; x_wconf 83' lang='lat' dir='ltr'><strong>velis</strong></span> <span class='ocrx_word' id='word_1_265' title='bbox 928 4335 988 4373; x_wconf 90' lang='lat' dir='ltr'><strong>esse</strong></span> <span class='ocrx_word' id='word_1_266' title='bbox 1009 4325 1034 4373; x_wconf 90' lang='lat' dir='ltr'><strong>in</strong></span> 
     </span>
     <span class='ocr_line' id='line_1_40' title="bbox 246 4398 1037 4462; baseline 0.013 -19"><span class='ocrx_word' id='word_1_267' title='bbox 246 4407 349 4454; x_wconf 90' lang='lat' dir='ltr'><strong>omncs,</strong></span> <span class='ocrx_word' id='word_1_268' title='bbox 365 4398 390 4445; x_wconf 89' lang='lat' dir='ltr'><strong>in</strong></span> <span class='ocrx_word' id='word_1_269' title='bbox 407 4400 467 4445; x_wconf 91' lang='lat' dir='ltr'><strong>iuos</strong></span> <span class='ocrx_word' id='word_1_270' title='bbox 484 4399 650 4460; x_wconf 88' lang='lat' dir='ltr'><strong>praesertim,</strong></span> <span class='ocrx_word' id='word_1_271' title='bbox 667 4400 772 4461; x_wconf 86' lang='lat' dir='ltr'><strong>qualem</strong></span> <span class='ocrx_word' id='word_1_272' title='bbox 789 4400 920 4462; x_wconf 90' lang='lat' dir='ltr'><strong>desidero,</strong></span> <span class='ocrx_word' id='word_1_273' title='bbox 937 4401 1037 4452; x_wconf 84' lang='lat' dir='ltr'><strong>hanell-</strong></span> 
     </span>
     <span class='ocr_line' id='line_1_41' title="bbox 247 4474 1036 4544; baseline 0.014 -23"><span class='ocrx_word' id='word_1_274' title='bbox 247 4485 317 4530; x_wconf 83' lang='lat' dir='ltr'><strong>cum,</strong></span> <span class='ocrx_word' id='word_1_275' title='bbox 334 4474 475 4534; x_wconf 86' lang='lat' dir='ltr'><strong>aiishilem,</strong></span> <span class='ocrx_word' id='word_1_276' title='bbox 491 4487 603 4535; x_wconf 80' lang='lat' dir='ltr'><strong>mntem,</strong></span> <span class='ocrx_word' id='word_1_277' title='bbox 622 4478 768 4539; x_wconf 88' lang='lat' dir='ltr'><strong>liberalem,</strong></span> <span class='ocrx_word' id='word_1_278' title='bbox 780 4490 829 4529; x_wconf 88' lang='lat' dir='ltr'><strong>con</strong></span> <span class='ocrx_word' id='word_1_279' title='bbox 847 4480 870 4529; x_wconf 92' lang='lat' dir='ltr'><strong>ie</strong></span> <span class='ocrx_word' id='word_1_280' title='bbox 886 4480 956 4544; x_wconf 90' lang='lat' dir='ltr'><strong>quali</strong></span> <span class='ocrx_word' id='word_1_281' title='bbox 974 4494 1036 4532; x_wconf 87' lang='lat' dir='ltr'><strong>cose</strong></span> 
     </span>
     <span class='ocr_line' id='line_1_42' title="bbox 248 4554 1036 4621; baseline 0.009 -21"><span class='ocrx_word' id='word_1_282' title='bbox 248 4566 298 4602; x_wconf 91' lang='lat' dir='ltr'><strong>non</strong></span> <span class='ocrx_word' id='word_1_283' title='bbox 315 4554 329 4603; x_wconf 80' lang='lat' dir='ltr'><strong>e</strong></span> <span class='ocrx_word' id='word_1_284' title='bbox 346 4567 415 4614; x_wconf 86' lang='lat' dir='ltr'><strong>cosa,</strong></span> <span class='ocrx_word' id='word_1_285' title='bbox 432 4557 481 4605; x_wconf 87' lang='lat' dir='ltr'><strong>cha</strong></span> <span class='ocrx_word' id='word_1_286' title='bbox 497 4568 550 4604; x_wconf 90' lang='lat' dir='ltr'><strong>non</strong></span> <span class='ocrx_word' id='word_1_287' title='bbox 566 4556 589 4605; x_wconf 91' lang='lat' dir='ltr'><strong>sl</strong></span> <span class='ocrx_word' id='word_1_288' title='bbox 605 4559 739 4621; x_wconf 78' lang='lat' dir='ltr'><strong>acquisit,</strong></span> <span class='ocrx_word' id='word_1_289' title='bbox 756 4571 771 4607; x_wconf 90' lang='lat' dir='ltr'><strong>e</strong></span> <span class='ocrx_word' id='word_1_290' title='bbox 789 4572 841 4609; x_wconf 89' lang='lat' dir='ltr'><strong>non</strong></span> <span class='ocrx_word' id='word_1_291' title='bbox 858 4562 881 4609; x_wconf 88' lang='lat' dir='ltr'><strong>si</strong></span> <span class='ocrx_word' id='word_1_292' title='bbox 902 4562 1036 4611; x_wconf 82' lang='lat' dir='ltr'><strong>conservi.</strong></span> 
     </span>
     <span class='ocr_line' id='line_1_43' title="bbox 248 4632 1036 4699; baseline 0.009 -16"><span class='ocrx_word' id='word_1_293' title='bbox 248 4632 305 4683; x_wconf 83' lang='lat' dir='ltr'><strong>lion</strong></span> <span class='ocrx_word' id='word_1_294' title='bbox 324 4636 342 4684; x_wconf 91' lang='lat' dir='ltr'><strong>ti</strong></span> <span class='ocrx_word' id='word_1_295' title='bbox 360 4634 465 4684; x_wconf 88' lang='lat' dir='ltr'><strong>ricardo</strong></span> <span class='ocrx_word' id='word_1_296' title='bbox 492 4639 587 4697; x_wconf 88' lang='lat' dir='ltr'><strong>questo</strong></span> <span class='ocrx_word' id='word_1_297' title='bbox 610 4637 709 4699; x_wconf 79' lang='lat' dir='ltr'><strong>perche</strong></span> <span class='ocrx_word' id='word_1_298' title='bbox 731 4650 772 4688; x_wconf 88' lang='lat' dir='ltr'><strong>roe</strong></span> <span class='ocrx_word' id='word_1_299' title='bbox 787 4638 866 4688; x_wconf 82' lang='lat' dir='ltr'><strong>diffidi</strong></span> <span class='ocrx_word' id='word_1_300' title='bbox 884 4638 910 4688; x_wconf 93' lang='lat' dir='ltr'><strong>dl</strong></span> <span class='ocrx_word' id='word_1_301' title='bbox 927 4642 973 4699; x_wconf 94' lang='lat' dir='ltr'><strong>te,</strong></span> <span class='ocrx_word' id='word_1_302' title='bbox 994 4652 1036 4690; x_wconf 88' lang='lat' dir='ltr'><strong>ma</strong></span> 
     </span>
     <span class='ocr_line' id='line_1_44' title="bbox 249 4712 1036 4775; baseline 0.01 -14"><span class='ocrx_word' id='word_1_303' title='bbox 249 4712 346 4775; x_wconf 78' lang='lat' dir='ltr'><strong>perche</strong></span> <span class='ocrx_word' id='word_1_304' title='bbox 373 4713 428 4765; x_wconf 87' lang='lat' dir='ltr'><strong>cosi</strong></span> <span class='ocrx_word' id='word_1_305' title='bbox 453 4714 506 4763; x_wconf 86' lang='lat' dir='ltr'><strong>mio</strong></span> <span class='ocrx_word' id='word_1_306' title='bbox 536 4715 628 4765; x_wconf 90' lang='lat' dir='ltr'><strong>debito</strong></span> <span class='ocrx_word' id='word_1_307' title='bbox 657 4716 779 4766; x_wconf 88' lang='lat' dir='ltr'><strong>richiede.</strong></span> <span class='ocrx_word' id='word_1_308' title='bbox 806 4717 969 4768; x_wconf 76' lang='lat' dir='ltr'><strong>Confirmant</strong></span> <span class='ocrx_word' id='word_1_309' title='bbox 995 4732 1036 4770; x_wconf 90' lang='lat' dir='ltr'><strong>me</strong></span> 
     </span>
     <span class='ocr_line' id='line_1_45' title="bbox 249 4795 1036 4860; baseline 0.009 -18"><span class='ocrx_word' id='word_1_310' title='bbox 249 4795 348 4853; x_wconf 89' lang='lat' dir='ltr'><strong>molta,</strong></span> <span class='ocrx_word' id='word_1_311' title='bbox 366 4795 583 4855; x_wconf 80' lang='lat' dir='ltr'><strong>accommodius,</strong></span> <span class='ocrx_word' id='word_1_312' title='bbox 600 4808 745 4847; x_wconf 84' lang='lat' dir='ltr'><strong>concursus</strong></span> <span class='ocrx_word' id='word_1_313' title='bbox 767 4798 908 4860; x_wconf 87' lang='lat' dir='ltr'><strong>lugentium</strong></span> <span class='ocrx_word' id='word_1_314' title='bbox 930 4797 1036 4849; x_wconf 89' lang='lat' dir='ltr'><strong>domum</strong></span> 
     </span>
     <span class='ocr_line' id='line_1_46' title="bbox 250 4874 1035 4940; baseline 0.009 -20"><span class='ocrx_word' id='word_1_315' title='bbox 250 4876 366 4923; x_wconf 87' lang='lat' dir='ltr'><strong>nostram</strong></span> <span class='ocrx_word' id='word_1_316' title='bbox 386 4874 478 4934; x_wconf 86' lang='lat' dir='ltr'><strong>tactus,</strong></span> <span class='ocrx_word' id='word_1_317' title='bbox 489 4876 574 4925; x_wconf 86' lang='lat' dir='ltr'><strong>tristis</strong></span> <span class='ocrx_word' id='word_1_318' title='bbox 590 4877 671 4926; x_wconf 89' lang='lat' dir='ltr'><strong>totius</strong></span> <span class='ocrx_word' id='word_1_319' title='bbox 689 4875 774 4935; x_wconf 89' lang='lat' dir='ltr'><strong>llrbis,</strong></span> <span class='ocrx_word' id='word_1_320' title='bbox 790 4889 821 4928; x_wconf 89' lang='lat' dir='ltr'><strong>ac</strong></span> <span class='ocrx_word' id='word_1_321' title='bbox 843 4883 929 4928; x_wconf 88' lang='lat' dir='ltr'><strong>mesta</strong></span> <span class='ocrx_word' id='word_1_322' title='bbox 946 4877 1035 4940; x_wconf 85' lang='lat' dir='ltr'><strong>iacies,</strong></span> 
     </span>
     <span class='ocr_line' id='line_1_47' title="bbox 251 4951 1036 5022; baseline 0.014 -23"><span class='ocrx_word' id='word_1_323' title='bbox 251 4951 373 5013; x_wconf 90' lang='lat' dir='ltr'><strong>publicus</strong></span> <span class='ocrx_word' id='word_1_324' title='bbox 398 4954 502 5012; x_wconf 88' lang='lat' dir='ltr'><strong>lucius,</strong></span> <span class='ocrx_word' id='word_1_325' title='bbox 521 4959 547 5004; x_wconf 92' lang='lat' dir='ltr'><strong>et</strong></span> <span class='ocrx_word' id='word_1_326' title='bbox 567 4959 656 5006; x_wconf 86' lang='lat' dir='ltr'><strong>cetera</strong></span> <span class='ocrx_word' id='word_1_327' title='bbox 674 4956 700 5006; x_wconf 91' lang='lat' dir='ltr'><strong>ld</strong></span> <span class='ocrx_word' id='word_1_328' title='bbox 717 4968 799 5020; x_wconf 84' lang='lat' dir='ltr'><strong>genus</strong></span> <span class='ocrx_word' id='word_1_329' title='bbox 820 4959 949 5022; x_wconf 84' lang='lat' dir='ltr'><strong>plurima,</strong></span> <span class='ocrx_word' id='word_1_330' title='bbox 970 4972 1036 5022; x_wconf 86' lang='lat' dir='ltr'><strong>quse</strong></span> 
     </span>
     <span class='ocr_line' id='line_1_48' title="bbox 251 5030 1036 5102; baseline 0.015 -24"><span class='ocrx_word' id='word_1_331' title='bbox 251 5030 372 5081; x_wconf 90' lang='lat' dir='ltr'><strong>dolorem</strong></span> <span class='ocrx_word' id='word_1_332' title='bbox 389 5045 480 5095; x_wconf 83' lang='lat' dir='ltr'><strong>magua</strong></span> <span class='ocrx_word' id='word_1_333' title='bbox 496 5044 531 5082; x_wconf 86' lang='lat' dir='ltr'><strong>ex</strong></span> <span class='ocrx_word' id='word_1_334' title='bbox 547 5039 624 5097; x_wconf 86' lang='lat' dir='ltr'><strong>parte</strong></span> <span class='ocrx_word' id='word_1_335' title='bbox 641 5037 738 5095; x_wconf 71' lang='lat' dir='ltr'><strong>levant,</strong></span> <span class='ocrx_word' id='word_1_336' title='bbox 755 5050 797 5088; x_wconf 88' lang='lat' dir='ltr'><strong>ma</strong></span> <span class='ocrx_word' id='word_1_337' title='bbox 816 5040 903 5102; x_wconf 88' lang='lat' dir='ltr'><strong>quello</strong></span> <span class='ocrx_word' id='word_1_338' title='bbox 920 5039 970 5089; x_wconf 90' lang='lat' dir='ltr'><strong>che</strong></span> <span class='ocrx_word' id='word_1_339' title='bbox 991 5039 1036 5102; x_wconf 85' lang='lat' dir='ltr'><strong>piti</strong></span> 
     </span>
     <span class='ocr_line' id='line_1_49' title="bbox 251 5110 1035 5181; baseline 0.014 -23"><span class='ocrx_word' id='word_1_340' title='bbox 251 5110 300 5160; x_wconf 90' lang='lat' dir='ltr'><strong>che</strong></span> <span class='ocrx_word' id='word_1_341' title='bbox 316 5112 384 5161; x_wconf 91' lang='lat' dir='ltr'><strong>altro</strong></span> <span class='ocrx_word' id='word_1_342' title='bbox 401 5113 435 5160; x_wconf 87' lang='lat' dir='ltr'><strong>mi</strong></span> <span class='ocrx_word' id='word_1_343' title='bbox 451 5114 587 5170; x_wconf 84' lang='lat' dir='ltr'><strong>contorta,</strong></span> <span class='ocrx_word' id='word_1_344' title='bbox 603 5115 618 5164; x_wconf 82' lang='lat' dir='ltr'><strong>e</strong></span> <span class='ocrx_word' id='word_1_345' title='bbox 634 5116 651 5164; x_wconf 86' lang='lat' dir='ltr'><strong>l’</strong></span> <span class='ocrx_word' id='word_1_346' title='bbox 662 5116 745 5165; x_wconf 84' lang='lat' dir='ltr'><strong>haser</strong></span> <span class='ocrx_word' id='word_1_347' title='bbox 762 5121 787 5166; x_wconf 90' lang='lat' dir='ltr'><strong>te</strong></span> <span class='ocrx_word' id='word_1_348' title='bbox 803 5119 845 5167; x_wconf 91' lang='lat' dir='ltr'><strong>nel</strong></span> <span class='ocrx_word' id='word_1_349' title='bbox 868 5120 945 5181; x_wconf 91' lang='lat' dir='ltr'><strong>quale</strong></span> <span class='ocrx_word' id='word_1_350' title='bbox 963 5122 1035 5169; x_wconf 82' lang='lat' dir='ltr'><strong>tanto</strong></span> 
     </span>
     <span class='ocr_line' id='line_1_50' title="bbox 252 5190 1036 5259; baseline 0.014 -23"><span class='ocrx_word' id='word_1_351' title='bbox 252 5190 287 5236; x_wconf 91' lang='lat' dir='ltr'><strong>mi</strong></span> <span class='ocrx_word' id='word_1_352' title='bbox 311 5190 432 5248; x_wconf 88' lang='lat' dir='ltr'><strong>conlido,</strong></span> <span class='ocrx_word' id='word_1_353' title='bbox 450 5196 548 5251; x_wconf 88' lang='lat' dir='ltr'><strong>quanto</strong></span> <span class='ocrx_word' id='word_1_354' title='bbox 571 5191 719 5243; x_wconf 85' lang='lat' dir='ltr'><strong>iacilmente</strong></span> <span class='ocrx_word' id='word_1_355' title='bbox 743 5195 800 5245; x_wconf 80' lang='lat' dir='ltr'><strong>dir‘e</strong></span> <span class='ocrx_word' id='word_1_356' title='bbox 822 5207 873 5245; x_wconf 89' lang='lat' dir='ltr'><strong>non</strong></span> <span class='ocrx_word' id='word_1_357' title='bbox 893 5208 983 5259; x_wconf 88' lang='lat' dir='ltr'><strong>posso.</strong></span> <span class='ocrx_word' id='word_1_358' title='bbox 1006 5197 1036 5248; x_wconf 89' lang='lat' dir='ltr'><strong>m</strong></span> 
     </span>
     <span class='ocr_line' id='line_1_51' title="bbox 252 5268 1035 5329; baseline 0.014 -13"><span class='ocrx_word' id='word_1_359' title='bbox 252 5269 354 5329; x_wconf 88' lang='lat' dir='ltr'><strong>quello,</strong></span> <span class='ocrx_word' id='word_1_360' title='bbox 372 5268 421 5317; x_wconf 88' lang='lat' dir='ltr'><strong>che</strong></span> <span class='ocrx_word' id='word_1_361' title='bbox 438 5270 523 5317; x_wconf 81' lang='lat' dir='ltr'><strong>arrisi</strong></span> <span class='ocrx_word' id='word_1_362' title='bbox 540 5271 562 5317; x_wconf 92' lang='lat' dir='ltr'><strong>si</strong></span> <span class='ocrx_word' id='word_1_363' title='bbox 578 5269 665 5321; x_wconf 89' lang='lat' dir='ltr'><strong>dehha</strong></span> <span class='ocrx_word' id='word_1_364' title='bbox 689 5277 801 5323; x_wconf 86' lang='lat' dir='ltr'><strong>trattsre</strong></span> <span class='ocrx_word' id='word_1_365' title='bbox 822 5286 872 5324; x_wconf 90' lang='lat' dir='ltr'><strong>oon</strong></span> <span class='ocrx_word' id='word_1_366' title='bbox 888 5276 919 5328; x_wconf 84' lang='lat' dir='ltr'><strong>ll.</strong></span> <span class='ocrx_word' id='word_1_367' title='bbox 940 5276 964 5325; x_wconf 83' lang='lat'><strong>8.</strong></span> <span class='ocrx_word' id='word_1_368' title='bbox 984 5289 1035 5327; x_wconf 91' lang='lat' dir='ltr'><strong>non</strong></span> 
     </span>
     <span class='ocr_line' id='line_1_52' title="bbox 252 5346 1037 5418; baseline 0.014 -24"><span class='ocrx_word' id='word_1_369' title='bbox 252 5346 296 5394; x_wconf 80' lang='lat' dir='ltr'><strong>s&#39;e</strong></span> <span class='ocrx_word' id='word_1_370' title='bbox 313 5349 382 5396; x_wconf 89' lang='lat' dir='ltr'><strong>tacto</strong></span> <span class='ocrx_word' id='word_1_371' title='bbox 399 5348 469 5396; x_wconf 85' lang='lat' dir='ltr'><strong>oolla</strong></span> <span class='ocrx_word' id='word_1_372' title='bbox 486 5347 585 5409; x_wconf 82' lang='lat' dir='ltr'><strong>perche</strong></span> <span class='ocrx_word' id='word_1_373' title='bbox 600 5349 656 5399; x_wconf 91' lang='lat' dir='ltr'><strong>oosl</strong></span> <span class='ocrx_word' id='word_1_374' title='bbox 672 5350 687 5400; x_wconf 81' lang='grc' dir='ltr'>ὸ</span> <span class='ocrx_word' id='word_1_375' title='bbox 702 5358 797 5414; x_wconf 87' lang='lat' dir='ltr'><strong>paruto</strong></span> <span class='ocrx_word' id='word_1_376' title='bbox 818 5355 925 5417; x_wconf 72' lang='lat' dir='ltr'><strong>meglioz</strong></span> <span class='ocrx_word' id='word_1_377' title='bbox 945 5356 1037 5418; x_wconf 88' lang='lat' dir='ltr'><strong>piglle-</strong></span> 
     </span>
     <span class='ocr_line' id='line_1_53' title="bbox 252 5426 1038 5495; baseline 0.014 -22"><span class='ocrx_word' id='word_1_378' title='bbox 252 5426 320 5475; x_wconf 82' lang='lat' dir='ltr'><strong>russi</strong></span> <span class='ocrx_word' id='word_1_379' title='bbox 345 5427 463 5475; x_wconf 85' lang='lat' dir='ltr'><strong>nn&#39;alira</strong></span> <span class='ocrx_word' id='word_1_380' title='bbox 485 5428 547 5486; x_wconf 82' lang='lat' dir='ltr'><strong>sia,</strong></span> <span class='ocrx_word' id='word_1_381' title='bbox 563 5429 680 5478; x_wconf 90' lang='lat' dir='ltr'><strong>secondo</strong></span> <span class='ocrx_word' id='word_1_382' title='bbox 696 5433 744 5480; x_wconf 91' lang='lat' dir='ltr'><strong>che</strong></span> <span class='ocrx_word' id='word_1_383' title='bbox 762 5445 810 5495; x_wconf 91' lang='lat' dir='ltr'><strong>per</strong></span> <span class='ocrx_word' id='word_1_384' title='bbox 827 5434 850 5482; x_wconf 92' lang='lat' dir='ltr'><strong>le</strong></span> <span class='ocrx_word' id='word_1_385' title='bbox 868 5435 961 5483; x_wconf 88' lang='lat' dir='ltr'><strong>letters</strong></span> <span class='ocrx_word' id='word_1_386' title='bbox 981 5433 1038 5484; x_wconf 90' lang='lat' dir='ltr'><strong>dei-</strong></span> 
     </span>
     <span class='ocr_line' id='line_1_54' title="bbox 252 5506 1037 5579; baseline 0.011 -25"><span class='ocrx_word' id='word_1_387' title='bbox 252 5506 455 5559; x_wconf 85' lang='lat' dir='ltr'><strong>i&#39;lmhusciatori</strong></span> <span class='ocrx_word' id='word_1_388' title='bbox 468 5508 632 5560; x_wconf 70' lang='lat' dir='ltr'><strong>intenderale</strong></span> <span class='ocrx_word' id='word_1_389' title='bbox 643 5513 724 5561; x_wconf 90' lang='lat' dir='ltr'><strong>credo</strong></span> <span class='ocrx_word' id='word_1_390' title='bbox 736 5516 758 5562; x_wconf 87' lang='lat' dir='ltr'><strong>st</strong></span> <span class='ocrx_word' id='word_1_391' title='bbox 767 5513 875 5579; x_wconf 80' lang='lat' dir='ltr'><strong>plglierd</strong></span> <span class='ocrx_word' id='word_1_392' title='bbox 886 5528 938 5564; x_wconf 92' lang='lat' dir='ltr'><strong>uno</strong></span> <span class='ocrx_word' id='word_1_393' title='bbox 950 5515 1037 5574; x_wconf 88' lang='lat' dir='ltr'><strong>modo,</strong></span> 
     </span>
     <span class='ocr_line' id='line_1_55' title="bbox 252 5588 1038 5656; baseline 0.01 -21"><span class='ocrx_word' id='word_1_394' title='bbox 252 5590 280 5635; x_wconf 89' lang='lat' dir='ltr'><strong>ei</strong></span> <span class='ocrx_word' id='word_1_395' title='bbox 296 5588 339 5649; x_wconf 83' lang='lat' dir='ltr'><strong>piu</strong></span> <span class='ocrx_word' id='word_1_396' title='bbox 356 5588 475 5647; x_wconf 89' lang='lat' dir='ltr'><strong>comodo,</strong></span> <span class='ocrx_word' id='word_1_397' title='bbox 491 5592 517 5638; x_wconf 91' lang='lat' dir='ltr'><strong>ei</strong></span> <span class='ocrx_word' id='word_1_398' title='bbox 533 5588 577 5652; x_wconf 78' lang='lat' dir='ltr'><strong>piis</strong></span> <span class='ocrx_word' id='word_1_399' title='bbox 594 5590 684 5650; x_wconf 86' lang='lat' dir='ltr'><strong>lacile,</strong></span> <span class='ocrx_word' id='word_1_400' title='bbox 700 5594 723 5640; x_wconf 85' lang='lat' dir='ltr'><strong>ei</strong></span> <span class='ocrx_word' id='word_1_401' title='bbox 740 5594 826 5655; x_wconf 86' lang='lat' dir='ltr'><strong>quale,</strong></span> <span class='ocrx_word' id='word_1_402' title='bbox 842 5597 872 5643; x_wconf 88' lang='lat' dir='ltr'><strong>ot</strong></span> <span class='ocrx_word' id='word_1_403' title='bbox 888 5594 959 5656; x_wconf 90' lang='lat' dir='ltr'><strong>quod</strong></span> <span class='ocrx_word' id='word_1_404' title='bbox 976 5594 1038 5643; x_wconf 88' lang='lat' dir='ltr'><strong>mihi</strong></span> 
     </span>
     <span class='ocr_line' id='line_1_56' title="bbox 252 5665 1037 5736; baseline 0.015 -24"><span class='ocrx_word' id='word_1_405' title='bbox 252 5665 368 5726; x_wconf 88' lang='lat' dir='ltr'><strong>videtur,</strong></span> <span class='ocrx_word' id='word_1_406' title='bbox 384 5669 403 5717; x_wconf 88' lang='lat' dir='ltr'><strong>ii</strong></span> <span class='ocrx_word' id='word_1_407' title='bbox 422 5668 550 5719; x_wconf 79' lang='lat' dir='ltr'><strong>satisierh.</strong></span> <span class='ocrx_word' id='word_1_408' title='bbox 560 5668 637 5719; x_wconf 87' lang='lat' dir='ltr'><strong>Vale:</strong></span> <span class='ocrx_word' id='word_1_409' title='bbox 653 5680 702 5719; x_wconf 87' lang='lat' dir='ltr'><strong>nos</strong></span> <span class='ocrx_word' id='word_1_410' title='bbox 719 5682 833 5735; x_wconf 84' lang='lat' dir='ltr'><strong>quoque,</strong></span> <span class='ocrx_word' id='word_1_411' title='bbox 849 5676 877 5722; x_wconf 87' lang='lat' dir='ltr'><strong>ut</strong></span> <span class='ocrx_word' id='word_1_412' title='bbox 888 5685 1037 5736; x_wconf 86' lang='lat' dir='ltr'><strong>possumus,</strong></span> 
     </span>
     <span class='ocr_line' id='line_1_57' title="bbox 253 5747 856 5812; baseline 0.01 -17"><span class='ocrx_word' id='word_1_413' title='bbox 253 5747 380 5799; x_wconf 69' lang='lat' dir='ltr'><strong>ualemus.</strong></span> <span class='ocrx_word' id='word_1_414' title='bbox 400 5747 437 5800; x_wconf 80' lang='lat' dir='ltr'><strong>lix</strong></span> <span class='ocrx_word' id='word_1_415' title='bbox 456 5747 523 5801; x_wconf 87' lang='lat' dir='ltr'><strong>llrhe</strong></span> <span class='ocrx_word' id='word_1_416' title='bbox 539 5749 583 5800; x_wconf 93' lang='lat' dir='ltr'><strong>die</strong></span> <span class='ocrx_word' id='word_1_417' title='bbox 600 5753 630 5801; x_wconf 79' lang='lat' dir='ltr'><strong>te</strong></span> <span class='ocrx_word' id='word_1_418' title='bbox 641 5750 738 5812; x_wconf 76' lang='lat' dir='ltr'><strong>Aprilis</strong></span> <span class='ocrx_word' id='word_1_419' title='bbox 755 5753 816 5803; x_wconf 76' lang='lat' dir='ltr'><strong>tim</strong></span> <span class='ocrx_word' id='word_1_420' title='bbox 835 5776 856 5801; x_wconf 80' lang='grc' dir='ltr'><strong>ι.</strong></span> 
     </span>
    </p>
   </div>
   <div class='ocr_carea' id='block_1_9' title="bbox 712 652 1897 720">
    <p class='ocr_par' dir='ltr' id='par_1_9' title="bbox 712 652 1897 720">
     <span class='ocr_line' id='line_1_58' title="bbox 712 652 1897 720; baseline -0.001 -6"><span class='ocrx_word' id='word_1_421' title='bbox 712 652 994 720; x_wconf 75' lang='lat' dir='ltr'><strong>constrictius</strong></span> <span class='ocrx_word' id='word_1_422' title='bbox 1016 653 1240 719; x_wconf 79' lang='lat' dir='ltr'><strong>titttocutitu</strong></span> <span class='ocrx_word' id='word_1_423' title='bbox 1262 653 1415 716; x_wconf 71' lang='lat' dir='ltr'><strong>OCle&#39;l.</strong></span> <span class='ocrx_word' id='word_1_424' title='bbox 1837 653 1897 714; x_wconf 78' lang='lat' dir='ltr'><strong>tto</strong></span> 
     </span>
    </p>
   </div>
   <div class='ocr_carea' id='block_1_10' title="bbox 1102 790 1983 3990">
    <p class='ocr_par' dir='ltr' id='par_1_10' title="bbox 1102 790 1983 3990">
     <span class='ocr_line' id='line_1_59' title="bbox 1109 790 1896 871; baseline 0 -20"><span class='ocrx_word' id='word_1_425' title='bbox 1109 793 1192 852; x_wconf 90' lang='lat' dir='ltr'><strong>rentii</strong></span> <span class='ocrx_word' id='word_1_426' title='bbox 1213 790 1340 863; x_wconf 86' lang='lat' dir='ltr'><strong>obitum,</strong></span> <span class='ocrx_word' id='word_1_427' title='bbox 1358 790 1538 862; x_wconf 81' lang='lat' dir='ltr'><strong>Florentiae,</strong></span> <span class='ocrx_word' id='word_1_428' title='bbox 1563 790 1677 852; x_wconf 83' lang='lat' dir='ltr'><strong>diversa</strong></span> <span class='ocrx_word' id='word_1_429' title='bbox 1699 790 1793 871; x_wconf 87' lang='lat' dir='ltr'><strong>signa,</strong></span> <span class='ocrx_word' id='word_1_430' title='bbox 1812 791 1896 871; x_wconf 88' lang='lat' dir='ltr'><strong>quasi</strong></span> 
     </span>
     <span class='ocr_line' id='line_1_60' title="bbox 1108 887 1898 973; baseline 0.001 -21"><span class='ocrx_word' id='word_1_431' title='bbox 1108 892 1176 971; x_wconf 91' lang='lat' dir='ltr'><strong>quid</strong></span> <span class='ocrx_word' id='word_1_432' title='bbox 1197 892 1294 972; x_wconf 90' lang='lat' dir='ltr'><strong>magni</strong></span> <span class='ocrx_word' id='word_1_433' title='bbox 1326 890 1478 951; x_wconf 89' lang='lat' dir='ltr'><strong>indicantia</strong></span> <span class='ocrx_word' id='word_1_434' title='bbox 1500 908 1550 951; x_wconf 89' lang='lat' dir='ltr'><strong>seu</strong></span> <span class='ocrx_word' id='word_1_435' title='bbox 1575 890 1786 970; x_wconf 77' lang='lat' dir='ltr'><strong>significantia,</strong></span> <span class='ocrx_word' id='word_1_436' title='bbox 1808 887 1898 973; x_wconf 90' lang='lat' dir='ltr'><strong>prue&#39;·</strong></span> 
     </span>
     <span class='ocr_line' id='line_1_61' title="bbox 1108 988 1983 1073; baseline -0.003 -20"><span class='ocrx_word' id='word_1_437' title='bbox 1108 1006 1266 1053; x_wconf 88' lang='lat' dir='ltr'><strong>cesserunt.</strong></span> <span class='ocrx_word' id='word_1_438' title='bbox 1292 990 1364 1073; x_wconf 80' lang='lat' dir='ltr'><strong>llam</strong></span> <span class='ocrx_word' id='word_1_439' title='bbox 1387 991 1432 1051; x_wconf 93' lang='lat' dir='ltr'><strong>die</strong></span> <span class='ocrx_word' id='word_1_440' title='bbox 1465 991 1627 1063; x_wconf 91' lang='lat' dir='ltr'><strong>mercurii,</strong></span> <span class='ocrx_word' id='word_1_441' title='bbox 1662 1002 1766 1071; x_wconf 88' lang='lat' dir='ltr'><strong>quarta</strong></span> <span class='ocrx_word' id='word_1_442' title='bbox 1791 988 1898 1067; x_wconf 87' lang='lat' dir='ltr'><strong>hujus,</strong></span> <span class='ocrx_word' id='word_1_443' title='bbox 1974 1006 1983 1025; x_wconf 68' lang='lat'>⁸</span> 
     </span>
     <span class='ocr_line' id='line_1_62' title="bbox 1108 1090 1894 1171; baseline 0 -18"><span class='ocrx_word' id='word_1_444' title='bbox 1108 1111 1196 1167; x_wconf 87' lang='lat' dir='ltr'><strong>cum,</strong></span> <span class='ocrx_word' id='word_1_445' title='bbox 1216 1090 1402 1152; x_wconf 91' lang='lat' dir='ltr'><strong>multitudine</strong></span> <span class='ocrx_word' id='word_1_446' title='bbox 1416 1091 1514 1171; x_wconf 92' lang='lat' dir='ltr'><strong>populi</strong></span> <span class='ocrx_word' id='word_1_447' title='bbox 1530 1092 1663 1153; x_wconf 82' lang='lat' dir='ltr'><strong>virorum</strong></span> <span class='ocrx_word' id='word_1_448' title='bbox 1682 1110 1716 1153; x_wconf 91' lang='lat' dir='ltr'><strong>ac</strong></span> <span class='ocrx_word' id='word_1_449' title='bbox 1734 1092 1894 1156; x_wconf 85' lang='lat' dir='ltr'><strong>mulierum</strong></span> 
     </span>
     <span class='ocr_line' id='line_1_63' title="bbox 1107 1180 1895 1274; baseline 0.001 -19"><span class='ocrx_word' id='word_1_450' title='bbox 1107 1204 1283 1274; x_wconf 87' lang='lat' dir='ltr'><strong>congregata</strong></span> <span class='ocrx_word' id='word_1_451' title='bbox 1305 1194 1333 1253; x_wconf 93' lang='lat' dir='ltr'><strong>in</strong></span> <span class='ocrx_word' id='word_1_452' title='bbox 1353 1193 1471 1253; x_wconf 86' lang='lat' dir='ltr'><strong>ecclesia</strong></span> <span class='ocrx_word' id='word_1_453' title='bbox 1492 1180 1680 1265; x_wconf 83' lang='lat' dir='ltr'><strong>Florentinu,</strong></span> <span class='ocrx_word' id='word_1_454' title='bbox 1700 1211 1780 1253; x_wconf 90' lang='lat' dir='ltr'><strong>more</strong></span> <span class='ocrx_word' id='word_1_455' title='bbox 1808 1194 1895 1257; x_wconf 87' lang='lat' dir='ltr'><strong>solito</strong></span> 
     </span>
     <span class='ocr_line' id='line_1_64' title="bbox 1107 1293 1896 1372; baseline 0.004 -20"><span class='ocrx_word' id='word_1_456' title='bbox 1107 1293 1265 1357; x_wconf 87' lang='lat' dir='ltr'><strong>haberetur</strong></span> <span class='ocrx_word' id='word_1_457' title='bbox 1286 1312 1404 1367; x_wconf 89' lang='lat' dir='ltr'><strong>sermo,</strong></span> <span class='ocrx_word' id='word_1_458' title='bbox 1425 1293 1567 1372; x_wconf 88' lang='lat' dir='ltr'><strong>quaedum</strong></span> <span class='ocrx_word' id='word_1_459' title='bbox 1589 1294 1693 1354; x_wconf 87' lang='lat' dir='ltr'><strong>mulier</strong></span> <span class='ocrx_word' id='word_1_460' title='bbox 1714 1311 1748 1352; x_wconf 83' lang='lat' dir='ltr'><strong>en</strong></span> <span class='ocrx_word' id='word_1_461' title='bbox 1772 1293 1896 1355; x_wconf 87' lang='lat' dir='ltr'><strong>audien·</strong></span> 
     </span>
     <span class='ocr_line' id='line_1_65' title="bbox 1107 1390 1897 1475; baseline 0.001 -22"><span class='ocrx_word' id='word_1_462' title='bbox 1107 1394 1195 1468; x_wconf 90' lang='lat' dir='ltr'><strong>tibus,</strong></span> <span class='ocrx_word' id='word_1_463' title='bbox 1211 1412 1315 1475; x_wconf 89' lang='lat' dir='ltr'><strong>magno</strong></span> <span class='ocrx_word' id='word_1_464' title='bbox 1335 1395 1462 1455; x_wconf 89' lang='lat' dir='ltr'><strong>clamore</strong></span> <span class='ocrx_word' id='word_1_465' title='bbox 1484 1409 1621 1472; x_wconf 84' lang='lat' dir='ltr'><strong>surgens,</strong></span> <span class='ocrx_word' id='word_1_466' title='bbox 1644 1409 1712 1451; x_wconf 89' lang='lat' dir='ltr'><strong>cum</strong></span> <span class='ocrx_word' id='word_1_467' title='bbox 1734 1411 1750 1450; x_wconf 94' lang='lat' dir='ltr'><strong>a</strong></span> <span class='ocrx_word' id='word_1_468' title='bbox 1771 1390 1897 1454; x_wconf 85' lang='lat' dir='ltr'><strong>lilinori·</strong></span> 
     </span>
     <span class='ocr_line' id='line_1_66' title="bbox 1107 1492 1898 1578; baseline 0.003 -23"><span class='ocrx_word' id='word_1_469' title='bbox 1107 1494 1161 1557; x_wconf 92' lang='lat' dir='ltr'><strong>bus</strong></span> <span class='ocrx_word' id='word_1_470' title='bbox 1181 1494 1251 1578; x_wconf 90' lang='lat' dir='ltr'><strong>quid</strong></span> <span class='ocrx_word' id='word_1_471' title='bbox 1268 1494 1387 1557; x_wconf 91' lang='lat' dir='ltr'><strong>huberet</strong></span> <span class='ocrx_word' id='word_1_472' title='bbox 1402 1494 1636 1573; x_wconf 77' lang='lat' dir='ltr'><strong>interrogaretur</strong></span> <span class='ocrx_word' id='word_1_473' title='bbox 1653 1492 1826 1571; x_wconf 83' lang='lat' dir='ltr'><strong>«numquid</strong></span> <span class='ocrx_word' id='word_1_474' title='bbox 1841 1513 1898 1557; x_wconf 91' lang='lat' dir='ltr'><strong>nou</strong></span> 
     </span>
     <span class='ocr_line' id='line_1_67' title="bbox 1108 1593 1896 1674; baseline -0.001 -18"><span class='ocrx_word' id='word_1_475' title='bbox 1108 1597 1217 1657; x_wconf 86' lang='lat' dir='ltr'><strong>vidistis</strong></span> <span class='ocrx_word' id='word_1_476' title='bbox 1228 1595 1361 1657; x_wconf 80' lang='lat' dir='ltr'><strong>&#39;laurum</strong></span> <span class='ocrx_word' id='word_1_477' title='bbox 1373 1612 1483 1656; x_wconf 89' lang='lat' dir='ltr'><strong>cornua</strong></span> <span class='ocrx_word' id='word_1_478' title='bbox 1496 1612 1615 1655; x_wconf 89' lang='lat' dir='ltr'><strong>accensu</strong></span> <span class='ocrx_word' id='word_1_479' title='bbox 1630 1593 1781 1656; x_wconf 84' lang='lat' dir='ltr'><strong>habentem</strong></span> <span class='ocrx_word' id='word_1_480' title='bbox 1800 1594 1896 1674; x_wconf 89' lang='lat' dir='ltr'><strong>ignem</strong></span> 
     </span>
     <span class='ocr_line' id='line_1_68' title="bbox 1105 1693 1893 1776; baseline 0.001 -20"><span class='ocrx_word' id='word_1_481' title='bbox 1105 1693 1298 1776; x_wconf 87' lang='lat' dir='ltr'><strong>projicentia,</strong></span> <span class='ocrx_word' id='word_1_482' title='bbox 1326 1696 1476 1756; x_wconf 88' lang='lat' dir='ltr'><strong>ecclesiam</strong></span> <span class='ocrx_word' id='word_1_483' title='bbox 1506 1696 1569 1756; x_wconf 84' lang='lat' dir='ltr'><strong>siue</strong></span> <span class='ocrx_word' id='word_1_484' title='bbox 1600 1696 1740 1775; x_wconf 92' lang='lat' dir='ltr'><strong>templum</strong></span> <span class='ocrx_word' id='word_1_485' title='bbox 1771 1694 1893 1757; x_wconf 84' lang='lat' dir='ltr'><strong>Sanctae</strong></span> 
     </span>
     <span class='ocr_line' id='line_1_69' title="bbox 1105 1791 1894 1879; baseline -0.011 -20"><span class='ocrx_word' id='word_1_486' title='bbox 1105 1794 1257 1873; x_wconf 77' lang='lat' dir='ltr'><strong>Liberatus</strong></span> <span class='ocrx_word' id='word_1_487' title='bbox 1270 1794 1315 1879; x_wconf 84' lang='lat' dir='ltr'><strong>(i)</strong></span> <span class='ocrx_word' id='word_1_488' title='bbox 1331 1794 1374 1877; x_wconf 93' lang='lat' dir='ltr'><strong>(in</strong></span> <span class='ocrx_word' id='word_1_489' title='bbox 1390 1814 1449 1876; x_wconf 87' lang='lat' dir='ltr'><strong>quo</strong></span> <span class='ocrx_word' id='word_1_490' title='bbox 1462 1793 1540 1877; x_wconf 89' lang='lat' dir='ltr'><strong>erut)</strong></span> <span class='ocrx_word' id='word_1_491' title='bbox 1554 1791 1680 1872; x_wconf 86' lang='lat' dir='ltr'><strong>dejicere</strong></span> <span class='ocrx_word' id='word_1_492' title='bbox 1698 1793 1859 1855; x_wconf 79' lang='lat' dir='ltr'><strong>volentem?</strong></span> <span class='ocrx_word' id='word_1_493' title='bbox 1877 1819 1894 1850; x_wconf 72' lang='lat' dir='ltr'><strong>s</strong></span> 
     </span>
     <span class='ocr_line' id='line_1_70' title="bbox 1104 1895 1896 1976; baseline -0.003 -17"><span class='ocrx_word' id='word_1_494' title='bbox 1104 1901 1142 1959; x_wconf 89' lang='lat' dir='ltr'><strong>sd</strong></span> <span class='ocrx_word' id='word_1_495' title='bbox 1153 1895 1380 1976; x_wconf 80' lang='lat' dir='ltr'><strong>cujusmuiieris</strong></span> <span class='ocrx_word' id='word_1_496' title='bbox 1398 1897 1710 1976; x_wconf 89' lang='lat' dir='ltr'><strong>clamorem‚populus</strong></span> <span class='ocrx_word' id='word_1_497' title='bbox 1721 1895 1896 1974; x_wconf 88' lang='lat' dir='ltr'><strong>perterritus</strong></span> 
     </span>
     <span class='ocr_line' id='line_1_71' title="bbox 1105 1996 1894 2075; baseline -0.006 -15"><span class='ocrx_word' id='word_1_498' title='bbox 1105 2018 1177 2060; x_wconf 93' lang='lat' dir='ltr'><strong>cum</strong></span> <span class='ocrx_word' id='word_1_499' title='bbox 1197 1998 1426 2069; x_wconf 86' lang='lat' dir='ltr'><strong>Praedicatore,</strong></span> <span class='ocrx_word' id='word_1_500' title='bbox 1447 1996 1564 2058; x_wconf 85' lang='lat' dir='ltr'><strong>dimisso</strong></span> <span class='ocrx_word' id='word_1_501' title='bbox 1586 2014 1694 2075; x_wconf 90' lang='lat' dir='ltr'><strong>opere,</strong></span> <span class='ocrx_word' id='word_1_502' title='bbox 1715 2013 1766 2056; x_wconf 88' lang='lat' dir='ltr'><strong>seu</strong></span> <span class='ocrx_word' id='word_1_503' title='bbox 1782 1999 1894 2075; x_wconf 90' lang='lat' dir='ltr'><strong>imper-</strong></span> 
     </span>
     <span class='ocr_line' id='line_1_72' title="bbox 1103 2095 1894 2177; baseline -0.001 -18"><span class='ocrx_word' id='word_1_504' title='bbox 1103 2100 1204 2174; x_wconf 87' lang='lat' dir='ltr'><strong>iecto,</strong></span> <span class='ocrx_word' id='word_1_505' title='bbox 1226 2108 1418 2160; x_wconf 89' lang='lat' dir='ltr'><strong>recesserunt.</strong></span> <span class='ocrx_word' id='word_1_506' title='bbox 1434 2096 1515 2159; x_wconf 87' lang='lat' dir='ltr'><strong>lovis</strong></span> <span class='ocrx_word' id='word_1_507' title='bbox 1529 2098 1688 2177; x_wconf 84' lang='lat' dir='ltr'><strong>sequentis,</strong></span> <span class='ocrx_word' id='word_1_508' title='bbox 1710 2097 1811 2175; x_wconf 87' lang='lat' dir='ltr'><strong>quinta</strong></span> <span class='ocrx_word' id='word_1_509' title='bbox 1824 2095 1894 2158; x_wconf 91' lang='lat' dir='ltr'><strong>dicti</strong></span> 
     </span>
     <span class='ocr_line' id='line_1_73' title="bbox 1105 2196 1894 2281; baseline -0.005 -19"><span class='ocrx_word' id='word_1_510' title='bbox 1105 2200 1211 2262; x_wconf 89' lang='lat' dir='ltr'><strong>mensis</strong></span> <span class='ocrx_word' id='word_1_511' title='bbox 1229 2198 1353 2281; x_wconf 89' lang='lat' dir='ltr'><strong>aprilis,</strong></span> <span class='ocrx_word' id='word_1_512' title='bbox 1373 2200 1451 2259; x_wconf 88' lang='lat' dir='ltr'><strong>clrcu</strong></span> <span class='ocrx_word' id='word_1_513' title='bbox 1466 2198 1569 2259; x_wconf 90' lang='lat' dir='ltr'><strong>horam</strong></span> <span class='ocrx_word' id='word_1_514' title='bbox 1585 2196 1702 2258; x_wconf 92' lang='lat' dir='ltr'><strong>tertiam</strong></span> <span class='ocrx_word' id='word_1_515' title='bbox 1722 2197 1812 2258; x_wconf 88' lang='lat' dir='ltr'><strong>noetis</strong></span> <span class='ocrx_word' id='word_1_516' title='bbox 1836 2208 1894 2258; x_wconf 92' lang='lat' dir='ltr'><strong>tam</strong></span> 
     </span>
     <span class='ocr_line' id='line_1_74' title="bbox 1106 2293 1895 2381; baseline 0.001 -22"><span class='ocrx_word' id='word_1_517' title='bbox 1106 2293 1258 2362; x_wconf 82' lang='lat' dir='ltr'><strong>uehemens</strong></span> <span class='ocrx_word' id='word_1_518' title='bbox 1287 2312 1315 2363; x_wconf 89' lang='lat' dir='ltr'><strong>et</strong></span> <span class='ocrx_word' id='word_1_519' title='bbox 1345 2317 1451 2379; x_wconf 89' lang='lat' dir='ltr'><strong>magna</strong></span> <span class='ocrx_word' id='word_1_520' title='bbox 1478 2299 1578 2381; x_wconf 86' lang='lat' dir='ltr'><strong>pluvia</strong></span> <span class='ocrx_word' id='word_1_521' title='bbox 1608 2298 1686 2361; x_wconf 85' lang='lat' dir='ltr'><strong>venit</strong></span> <span class='ocrx_word' id='word_1_522' title='bbox 1713 2298 1741 2356; x_wconf 90' lang='lat' dir='ltr'><strong>in</strong></span> <span class='ocrx_word' id='word_1_523' title='bbox 1777 2296 1895 2360; x_wconf 83' lang='lat' dir='ltr'><strong>civitate</strong></span> 
     </span>
     <span class='ocr_line' id='line_1_75' title="bbox 1105 2396 1892 2480; baseline -0.005 -19"><span class='ocrx_word' id='word_1_524' title='bbox 1105 2401 1273 2480; x_wconf 90' lang='lat' dir='ltr'><strong>praedicta,</strong></span> <span class='ocrx_word' id='word_1_525' title='bbox 1292 2396 1381 2477; x_wconf 86' lang='lat' dir='ltr'><strong>cujus</strong></span> <span class='ocrx_word' id='word_1_526' title='bbox 1400 2400 1501 2461; x_wconf 85' lang='lat' dir='ltr'><strong>similis</strong></span> <span class='ocrx_word' id='word_1_527' title='bbox 1522 2400 1549 2459; x_wconf 92' lang='lat' dir='ltr'><strong>in</strong></span> <span class='ocrx_word' id='word_1_528' title='bbox 1571 2400 1672 2461; x_wconf 89' lang='lat' dir='ltr'><strong>multis</strong></span> <span class='ocrx_word' id='word_1_529' title='bbox 1694 2399 1775 2458; x_wconf 89' lang='lat' dir='ltr'><strong>annis</strong></span> <span class='ocrx_word' id='word_1_530' title='bbox 1789 2398 1892 2458; x_wconf 91' lang='lat' dir='ltr'><strong>ibidem</strong></span> 
     </span>
     <span class='ocr_line' id='line_1_76' title="bbox 1105 2498 1895 2579; baseline -0.001 -18"><span class='ocrx_word' id='word_1_531' title='bbox 1105 2519 1161 2562; x_wconf 94' lang='lat' dir='ltr'><strong>non</strong></span> <span class='ocrx_word' id='word_1_532' title='bbox 1176 2501 1233 2562; x_wconf 89' lang='lat' dir='ltr'><strong>luit</strong></span> <span class='ocrx_word' id='word_1_533' title='bbox 1249 2504 1332 2576; x_wconf 85' lang='lat' dir='ltr'><strong>visa,</strong></span> <span class='ocrx_word' id='word_1_534' title='bbox 1353 2518 1422 2561; x_wconf 92' lang='lat' dir='ltr'><strong>cum</strong></span> <span class='ocrx_word' id='word_1_535' title='bbox 1438 2500 1549 2560; x_wconf 89' lang='lat' dir='ltr'><strong>tonitru</strong></span> <span class='ocrx_word' id='word_1_536' title='bbox 1566 2510 1626 2562; x_wconf 90' lang='lat' dir='ltr'><strong>tam</strong></span> <span class='ocrx_word' id='word_1_537' title='bbox 1642 2500 1794 2573; x_wconf 89' lang='lat' dir='ltr'><strong>horribili,</strong></span> <span class='ocrx_word' id='word_1_538' title='bbox 1816 2498 1895 2579; x_wconf 92' lang='lat' dir='ltr'><strong>quod</strong></span> 
     </span>
     <span class='ocr_line' id='line_1_77' title="bbox 1104 2599 1892 2683; baseline -0.005 -20"><span class='ocrx_word' id='word_1_539' title='bbox 1104 2604 1238 2683; x_wconf 91' lang='lat' dir='ltr'><strong>pinacula</strong></span> <span class='ocrx_word' id='word_1_540' title='bbox 1269 2601 1368 2681; x_wconf 91' lang='lat' dir='ltr'><strong>templi</strong></span> <span class='ocrx_word' id='word_1_541' title='bbox 1397 2599 1539 2681; x_wconf 91' lang='lat' dir='ltr'><strong>praedicti</strong></span> <span class='ocrx_word' id='word_1_542' title='bbox 1574 2600 1645 2662; x_wconf 90' lang='lat' dir='ltr'><strong>adeo</strong></span> <span class='ocrx_word' id='word_1_543' title='bbox 1675 2600 1836 2663; x_wconf 77' lang='lat' dir='ltr'><strong>devastavit</strong></span> <span class='ocrx_word' id='word_1_544' title='bbox 1858 2612 1892 2660; x_wconf 91' lang='lat' dir='ltr'><strong>ut</strong></span> 
     </span>
     <span class='ocr_line' id='line_1_78' title="bbox 1105 2699 1894 2782; baseline -0.005 -19"><span class='ocrx_word' id='word_1_545' title='bbox 1105 2722 1180 2782; x_wconf 90' lang='lat' dir='ltr'><strong>quae</strong></span> <span class='ocrx_word' id='word_1_546' title='bbox 1195 2706 1269 2765; x_wconf 89' lang='lat' dir='ltr'><strong>laesa</strong></span> <span class='ocrx_word' id='word_1_547' title='bbox 1283 2703 1402 2765; x_wconf 86' lang='lat' dir='ltr'><strong>luerunt</strong></span> <span class='ocrx_word' id='word_1_548' title='bbox 1422 2701 1574 2761; x_wconf 87' lang='lat' dir='ltr'><strong>ruinarum</strong></span> <span class='ocrx_word' id='word_1_549' title='bbox 1594 2699 1789 2782; x_wconf 89' lang='lat' dir='ltr'><strong>percussione,</strong></span> <span class='ocrx_word' id='word_1_550' title='bbox 1805 2702 1894 2761; x_wconf 90' lang='lat' dir='ltr'><strong>aesti-</strong></span> 
     </span>
     <span class='ocr_line' id='line_1_79' title="bbox 1105 2800 1894 2881; baseline -0.004 -17"><span class='ocrx_word' id='word_1_551' title='bbox 1105 2815 1216 2864; x_wconf 91' lang='lat' dir='ltr'><strong>matum</strong></span> <span class='ocrx_word' id='word_1_552' title='bbox 1237 2804 1272 2863; x_wconf 89' lang='lat' dir='ltr'><strong>sit</strong></span> <span class='ocrx_word' id='word_1_553' title='bbox 1298 2820 1367 2863; x_wconf 87' lang='lat' dir='ltr'><strong>cont</strong></span> <span class='ocrx_word' id='word_1_554' title='bbox 1384 2801 1493 2881; x_wconf 79' lang='lat' dir='ltr'><strong>uiginti</strong></span> <span class='ocrx_word' id='word_1_555' title='bbox 1515 2800 1577 2862; x_wconf 92' lang='lat' dir='ltr'><strong>mil.</strong></span> <span class='ocrx_word' id='word_1_556' title='bbox 1604 2801 1778 2861; x_wconf 90' lang='lat' dir='ltr'><strong>ducatorum</strong></span> <span class='ocrx_word' id='word_1_557' title='bbox 1805 2818 1894 2880; x_wconf 85' lang='lat' dir='ltr'><strong>pmc-</strong></span> 
     </span>
     <span class='ocr_line' id='line_1_80' title="bbox 1105 2900 1892 2981; baseline -0.001 -18"><span class='ocrx_word' id='word_1_558' title='bbox 1105 2903 1211 2963; x_wconf 90' lang='lat' dir='ltr'><strong>diciam</strong></span> <span class='ocrx_word' id='word_1_559' title='bbox 1228 2901 1451 2964; x_wconf 76' lang='lat' dir='ltr'><strong>devastationem</strong></span> <span class='ocrx_word' id='word_1_560' title='bbox 1467 2920 1523 2963; x_wconf 92' lang='lat' dir='ltr'><strong>non</strong></span> <span class='ocrx_word' id='word_1_561' title='bbox 1538 2920 1620 2981; x_wconf 90' lang='lat' dir='ltr'><strong>posse</strong></span> <span class='ocrx_word' id='word_1_562' title='bbox 1643 2901 1788 2962; x_wconf 84' lang='lat' dir='ltr'><strong>resarciri.</strong></span> <span class='ocrx_word' id='word_1_563' title='bbox 1811 2900 1892 2962; x_wconf 80' lang='lat' dir='ltr'><strong>lluos</strong></span> 
     </span>
     <span class='ocr_line' id='line_1_81' title="bbox 1104 3000 1892 3082; baseline -0.001 -18"><span class='ocrx_word' id='word_1_564' title='bbox 1104 3006 1190 3064; x_wconf 90' lang='lat' dir='ltr'><strong>etiam</strong></span> <span class='ocrx_word' id='word_1_565' title='bbox 1213 3006 1311 3067; x_wconf 89' lang='lat' dir='ltr'><strong>leones</strong></span> <span class='ocrx_word' id='word_1_566' title='bbox 1332 3002 1361 3062; x_wconf 94' lang='lat' dir='ltr'><strong>in</strong></span> <span class='ocrx_word' id='word_1_567' title='bbox 1382 3002 1488 3082; x_wconf 90' lang='lat' dir='ltr'><strong>palatio</strong></span> <span class='ocrx_word' id='word_1_568' title='bbox 1509 3000 1673 3064; x_wconf 85' lang='lat' dir='ltr'><strong>Florentiae</strong></span> <span class='ocrx_word' id='word_1_569' title='bbox 1700 3002 1736 3063; x_wconf 93' lang='lat' dir='ltr'><strong>ad</strong></span> <span class='ocrx_word' id='word_1_570' title='bbox 1759 3001 1812 3063; x_wconf 89' lang='lat' dir='ltr'><strong>hoc</strong></span> <span class='ocrx_word' id='word_1_571' title='bbox 1835 3020 1892 3064; x_wconf 90' lang='lat' dir='ltr'><strong>or·</strong></span> 
     </span>
     <span class='ocr_line' id='line_1_82' title="bbox 1106 3103 1894 3184; baseline -0.003 -20"><span class='ocrx_word' id='word_1_572' title='bbox 1106 3106 1221 3166; x_wconf 86' lang='lat' dir='ltr'><strong>dinatus</strong></span> <span class='ocrx_word' id='word_1_573' title='bbox 1246 3108 1394 3168; x_wconf 80' lang='lat' dir='ltr'><strong>existmtes</strong></span> <span class='ocrx_word' id='word_1_574' title='bbox 1415 3105 1529 3164; x_wconf 86' lang='lat' dir='ltr'><strong>insimul</strong></span> <span class='ocrx_word' id='word_1_575' title='bbox 1552 3121 1694 3184; x_wconf 85' lang='lat' dir='ltr'><strong>pugnasse</strong></span> <span class='ocrx_word' id='word_1_576' title='bbox 1717 3103 1789 3165; x_wconf 93' lang='lat' dir='ltr'><strong>odeo</strong></span> <span class='ocrx_word' id='word_1_577' title='bbox 1811 3103 1894 3163; x_wconf 92' lang='lat' dir='ltr'><strong>ocri·</strong></span> 
     </span>
     <span class='ocr_line' id='line_1_83' title="bbox 1104 3203 1890 3285; baseline -0.001 -21"><span class='ocrx_word' id='word_1_578' title='bbox 1104 3214 1170 3280; x_wconf 92' lang='lat' dir='ltr'><strong>ter,</strong></span> <span class='ocrx_word' id='word_1_579' title='bbox 1193 3205 1272 3285; x_wconf 89' lang='lat' dir='ltr'><strong>quod</strong></span> <span class='ocrx_word' id='word_1_580' title='bbox 1300 3204 1386 3266; x_wconf 89' lang='lat' dir='ltr'><strong>umbo</strong></span> <span class='ocrx_word' id='word_1_581' title='bbox 1412 3203 1519 3264; x_wconf 87' lang='lat' dir='ltr'><strong>ibidem</strong></span> <span class='ocrx_word' id='word_1_582' title='bbox 1548 3206 1657 3265; x_wconf 91' lang='lat' dir='ltr'><strong>mortui</strong></span> <span class='ocrx_word' id='word_1_583' title='bbox 1680 3206 1890 3277; x_wconf 82' lang='lat' dir='ltr'><strong>remanserint,</strong></span> 
     </span>
     <span class='ocr_line' id='line_1_84' title="bbox 1105 3301 1892 3387; baseline -0.004 -19"><span class='ocrx_word' id='word_1_584' title='bbox 1105 3310 1230 3368; x_wconf 87' lang='lat' dir='ltr'><strong>relatum</strong></span> <span class='ocrx_word' id='word_1_585' title='bbox 1246 3316 1297 3368; x_wconf 89' lang='lat' dir='ltr'><strong>est.</strong></span> <span class='ocrx_word' id='word_1_586' title='bbox 1331 3301 1429 3382; x_wconf 83' lang='lat' dir='ltr'><strong>liujus</strong></span> <span class='ocrx_word' id='word_1_587' title='bbox 1449 3303 1599 3367; x_wconf 86' lang='lat' dir='ltr'><strong>Laurentii</strong></span> <span class='ocrx_word' id='word_1_588' title='bbox 1628 3304 1742 3387; x_wconf 90' lang='lat' dir='ltr'><strong>primus</strong></span> <span class='ocrx_word' id='word_1_589' title='bbox 1764 3304 1892 3365; x_wconf 84' lang='lat' dir='ltr'><strong>medicus</strong></span> 
     </span>
     <span class='ocr_line' id='line_1_85' title="bbox 1103 3405 1892 3488; baseline 0.001 -21"><span class='ocrx_word' id='word_1_590' title='bbox 1103 3409 1159 3469; x_wconf 88' lang='lat' dir='ltr'><strong>luit</strong></span> <span class='ocrx_word' id='word_1_591' title='bbox 1197 3408 1335 3488; x_wconf 87' lang='lat' dir='ltr'><strong>magister</strong></span> <span class='ocrx_word' id='word_1_592' title='bbox 1363 3406 1470 3468; x_wconf 88' lang='lat' dir='ltr'><strong>Petrus</strong></span> <span class='ocrx_word' id='word_1_593' title='bbox 1499 3405 1588 3468; x_wconf 76' lang='lat' dir='ltr'><strong>Leoni</strong></span> <span class='ocrx_word' id='word_1_594' title='bbox 1621 3406 1805 3481; x_wconf 84' lang='lat' dir='ltr'><strong>Narniemis,</strong></span> <span class='ocrx_word' id='word_1_595' title='bbox 1844 3407 1892 3468; x_wconf 85' lang='lat' dir='ltr'><strong>eir</strong></span> 
     </span>
     <span class='ocr_line' id='line_1_86' title="bbox 1103 3507 1892 3588; baseline 0 -21"><span class='ocrx_word' id='word_1_596' title='bbox 1103 3508 1306 3580; x_wconf 88' lang='lat' dir='ltr'><strong>doctissimus,</strong></span> <span class='ocrx_word' id='word_1_597' title='bbox 1331 3519 1359 3569; x_wconf 90' lang='lat' dir='ltr'><strong>et</strong></span> <span class='ocrx_word' id='word_1_598' title='bbox 1388 3507 1574 3588; x_wconf 88' lang='lat' dir='ltr'><strong>philosophus</strong></span> <span class='ocrx_word' id='word_1_599' title='bbox 1595 3507 1808 3580; x_wconf 78' lang='lat' dir='ltr'><strong>divinissimus,</strong></span> <span class='ocrx_word' id='word_1_600' title='bbox 1830 3508 1892 3587; x_wconf 90' lang='lat' dir='ltr'><strong>qul,</strong></span> 
     </span>
     <span class='ocr_line' id='line_1_87' title="bbox 1104 3606 1892 3688; baseline -0.003 -20"><span class='ocrx_word' id='word_1_601' title='bbox 1104 3619 1137 3669; x_wconf 92' lang='lat' dir='ltr'><strong>ut</strong></span> <span class='ocrx_word' id='word_1_602' title='bbox 1156 3609 1260 3670; x_wconf 85' lang='lat' dir='ltr'><strong>l’etrus</strong></span> <span class='ocrx_word' id='word_1_603' title='bbox 1282 3606 1426 3682; x_wconf 89' lang='lat' dir='ltr'><strong>lledices,</strong></span> <span class='ocrx_word' id='word_1_604' title='bbox 1447 3609 1588 3688; x_wconf 89' lang='lat' dir='ltr'><strong>praedicti</strong></span> <span class='ocrx_word' id='word_1_605' title='bbox 1609 3606 1769 3671; x_wconf 84' lang='lat' dir='ltr'><strong>Cardinalis</strong></span> <span class='ocrx_word' id='word_1_606' title='bbox 1787 3606 1892 3681; x_wconf 87' lang='lat' dir='ltr'><strong>irater,</strong></span> 
     </span>
     <span class='ocr_line' id='line_1_88' title="bbox 1102 3705 1890 3791; baseline 0.001 -22"><span class='ocrx_word' id='word_1_607' title='bbox 1102 3711 1201 3772; x_wconf 86' lang='lat' dir='ltr'><strong>deinde</strong></span> <span class='ocrx_word' id='word_1_608' title='bbox 1231 3710 1355 3771; x_wconf 84' lang='lat' dir='ltr'><strong>Romam</strong></span> <span class='ocrx_word' id='word_1_609' title='bbox 1383 3710 1436 3771; x_wconf 88' lang='lat' dir='ltr'><strong>sibi</strong></span> <span class='ocrx_word' id='word_1_610' title='bbox 1458 3709 1594 3791; x_wconf 88' lang='lat' dir='ltr'><strong>scripsit,</strong></span> <span class='ocrx_word' id='word_1_611' title='bbox 1614 3722 1731 3791; x_wconf 90' lang='lat' dir='ltr'><strong>propter</strong></span> <span class='ocrx_word' id='word_1_612' title='bbox 1761 3705 1890 3785; x_wconf 89' lang='lat' dir='ltr'><strong>ejusdem</strong></span> 
     </span>
     <span class='ocr_line' id='line_1_89' title="bbox 1102 3809 1892 3891; baseline -0.004 -19"><span class='ocrx_word' id='word_1_613' title='bbox 1102 3812 1234 3891; x_wconf 84' lang='lat' dir='ltr'><strong>magistri</strong></span> <span class='ocrx_word' id='word_1_614' title='bbox 1254 3809 1334 3873; x_wconf 84' lang='lat' dir='ltr'><strong>Petri</strong></span> <span class='ocrx_word' id='word_1_615' title='bbox 1355 3809 1462 3871; x_wconf 81' lang='lat' dir='ltr'><strong>beonia</strong></span> <span class='ocrx_word' id='word_1_616' title='bbox 1483 3829 1553 3889; x_wconf 90' lang='lat' dir='ltr'><strong>crga</strong></span> <span class='ocrx_word' id='word_1_617' title='bbox 1575 3809 1766 3871; x_wconf 78' lang='lat' dir='ltr'><strong>humentium</strong></span> <span class='ocrx_word' id='word_1_618' title='bbox 1782 3828 1892 3890; x_wconf 88' lang='lat' dir='ltr'><strong>supra·</strong></span> 
     </span>
     <span class='ocr_line' id='line_1_90' title="bbox 1103 3908 1893 3990; baseline -0.004 -18"><span class='ocrx_word' id='word_1_619' title='bbox 1103 3912 1212 3972; x_wconf 91' lang='lat' dir='ltr'><strong>dictum</strong></span> <span class='ocrx_word' id='word_1_620' title='bbox 1242 3913 1402 3990; x_wconf 75' lang='lat' dir='ltr'><strong>genitorem</strong></span> <span class='ocrx_word' id='word_1_621' title='bbox 1434 3928 1559 3984; x_wconf 91' lang='lat' dir='ltr'><strong>eorum,</strong></span> <span class='ocrx_word' id='word_1_622' title='bbox 1580 3920 1610 3970; x_wconf 92' lang='lat' dir='ltr'><strong>et</strong></span> <span class='ocrx_word' id='word_1_623' title='bbox 1630 3909 1693 3987; x_wconf 80' lang='lat' dir='ltr'><strong>ejus</strong></span> <span class='ocrx_word' id='word_1_624' title='bbox 1716 3908 1893 3971; x_wconf 78' lang='lat' dir='ltr'><strong>infirmitatis</strong></span> 
     </span>
    </p>
   </div>
   <div class='ocr_carea' id='block_1_11' title="bbox 1102 4008 1891 4094">
    <p class='ocr_par' dir='ltr' id='par_1_11' title="bbox 1102 4008 1891 4094">
     <span class='ocr_line' id='line_1_91' title="bbox 1102 4008 1891 4094; baseline -0.004 -19"><span class='ocrx_word' id='word_1_625' title='bbox 1102 4013 1245 4075; x_wconf 90' lang='lat' dir='ltr'><strong>incuriam</strong></span> <span class='ocrx_word' id='word_1_626' title='bbox 1268 4055 1401 4071; x_wconf 91' lang='grc'><strong>.....</strong></span> <span class='ocrx_word' id='word_1_627' title='bbox 1424 4008 1470 4094; x_wconf 67' lang='lat'><strong>(9)</strong></span> <span class='ocrx_word' id='word_1_628' title='bbox 1492 4011 1522 4070; x_wconf 94' lang='lat' dir='ltr'><strong>in</strong></span> <span class='ocrx_word' id='word_1_629' title='bbox 1541 4013 1713 4090; x_wconf 89' lang='lat' dir='ltr'><strong>possessione</strong></span> <span class='ocrx_word' id='word_1_630' title='bbox 1732 4012 1839 4072; x_wconf 85' lang='lat' dir='ltr'><strong>civium</strong></span> <span class='ocrx_word' id='word_1_631' title='bbox 1855 4008 1891 4072; x_wconf 90' lang='lat' dir='ltr'><strong>de</strong></span> 
     </span>
    </p>
   </div>
   <div class='ocr_carea' id='block_1_12' title="bbox 1103 4226 1897 5818">
    <p class='ocr_par' dir='ltr' id='par_1_12' title="bbox 1103 4226 1897 5818">
     <span class='ocr_line' id='line_1_92' title="bbox 1145 4226 1859 4291; baseline -0.004 -12"><span class='ocrx_word' id='word_1_632' title='bbox 1145 4230 1181 4291; x_wconf 85' lang='lat' dir='ltr'><strong>(t)</strong></span> <span class='ocrx_word' id='word_1_633' title='bbox 1196 4227 1347 4290; x_wconf 83' lang='lat' dir='ltr'><strong>corrigend.</strong></span> <span class='ocrx_word' id='word_1_634' title='bbox 1365 4240 1424 4277; x_wconf 91' lang='lat' dir='ltr'><strong>cum</strong></span> <span class='ocrx_word' id='word_1_635' title='bbox 1441 4227 1565 4279; x_wconf 82' lang='lat' dir='ltr'><strong>Polittaoo</strong></span> <span class='ocrx_word' id='word_1_636' title='bbox 1580 4227 1606 4278; x_wconf 80' lang='lat' dir='ltr'><strong>S·</strong></span> <span class='ocrx_word' id='word_1_637' title='bbox 1622 4228 1719 4279; x_wconf 73' lang='lat' dir='ltr'><strong>eorus</strong></span> <span class='ocrx_word' id='word_1_638' title='bbox 1733 4226 1859 4277; x_wconf 83' lang='lat' dir='ltr'><strong>Noosiiae.</strong></span> 
     </span>
     <span class='ocr_line' id='line_1_93' title="bbox 1144 4306 1890 4373; baseline -0.001 -16"><span class='ocrx_word' id='word_1_639' title='bbox 1144 4312 1179 4371; x_wconf 79' lang='lat' dir='ltr'><strong>(t)</strong></span> <span class='ocrx_word' id='word_1_640' title='bbox 1201 4310 1311 4360; x_wconf 87' lang='lat' dir='ltr'><strong>lloriem</strong></span> <span class='ocrx_word' id='word_1_641' title='bbox 1334 4308 1405 4360; x_wconf 83' lang='lat' dir='ltr'><strong>l’etri</strong></span> <span class='ocrx_word' id='word_1_642' title='bbox 1431 4308 1544 4369; x_wconf 85' lang='lat' dir='ltr'><strong>heoois,</strong></span> <span class='ocrx_word' id='word_1_643' title='bbox 1568 4308 1675 4373; x_wconf 85' lang='lat' dir='ltr'><strong>quidam</strong></span> <span class='ocrx_word' id='word_1_644' title='bbox 1703 4321 1737 4359; x_wconf 88' lang='lat' dir='ltr'><strong>ex</strong></span> <span class='ocrx_word' id='word_1_645' title='bbox 1764 4306 1890 4368; x_wconf 87' lang='lat' dir='ltr'><strong>sulcldio,</strong></span> 
     </span>
     <span class='ocr_line' id='line_1_94' title="bbox 1105 4388 1896 4453; baseline -0.005 -12"><span class='ocrx_word' id='word_1_646' title='bbox 1105 4389 1152 4441; x_wconf 88' lang='lat' dir='ltr'><strong>sed</strong></span> <span class='ocrx_word' id='word_1_647' title='bbox 1168 4390 1340 4453; x_wconf 86' lang='lat' dir='ltr'><strong>quamplures</strong></span> <span class='ocrx_word' id='word_1_648' title='bbox 1370 4400 1405 4439; x_wconf 81' lang='lat' dir='ltr'><strong>ex</strong></span> <span class='ocrx_word' id='word_1_649' title='bbox 1427 4389 1538 4440; x_wconf 85' lang='lat' dir='ltr'><strong>crimina</strong></span> <span class='ocrx_word' id='word_1_650' title='bbox 1577 4388 1707 4440; x_wconf 86' lang='lat' dir='ltr'><strong>accidisse</strong></span> <span class='ocrx_word' id='word_1_651' title='bbox 1738 4388 1896 4441; x_wconf 84' lang='lat' dir='ltr'><strong>detendunt.</strong></span> 
     </span>
     <span class='ocr_line' id='line_1_95' title="bbox 1105 4469 1859 4535; baseline -0.003 -13"><span class='ocrx_word' id='word_1_652' title='bbox 1105 4471 1176 4522; x_wconf 91' lang='lat' dir='ltr'><strong>inter</strong></span> <span class='ocrx_word' id='word_1_653' title='bbox 1193 4470 1343 4521; x_wconf 84' lang='lat' dir='ltr'><strong>testimonla</strong></span> <span class='ocrx_word' id='word_1_654' title='bbox 1359 4470 1447 4530; x_wconf 83' lang='lat' dir='ltr'><strong>uaria,</strong></span> <span class='ocrx_word' id='word_1_655' title='bbox 1464 4472 1530 4521; x_wconf 83' lang='lat' dir='ltr'><strong>huso</strong></span> <span class='ocrx_word' id='word_1_656' title='bbox 1547 4470 1680 4522; x_wconf 88' lang='lat' dir='ltr'><strong>adducere</strong></span> <span class='ocrx_word' id='word_1_657' title='bbox 1695 4469 1799 4535; x_wconf 74' lang='lat' dir='ltr'><strong>puisaia</strong></span> <span class='ocrx_word' id='word_1_658' title='bbox 1854 4501 1859 4527; x_wconf 81' lang='grc'><strong><em>,</em></strong></span> 
     </span>
     <span class='ocr_line' id='line_1_96' title="bbox 1148 4550 1892 4613; baseline -0.004 -10"><span class='ocrx_word' id='word_1_659' title='bbox 1148 4552 1237 4603; x_wconf 83' lang='lat' dir='ltr'><strong>·tt‹u</strong></span> <span class='ocrx_word' id='word_1_660' title='bbox 1253 4554 1274 4603; x_wconf 68' lang='lat' dir='ltr'><strong>u</strong></span> <span class='ocrx_word' id='word_1_661' title='bbox 1293 4550 1412 4613; x_wconf 85' lang='lat' dir='ltr'><strong>d&#39;apriie</strong></span> <span class='ocrx_word' id='word_1_662' title='bbox 1432 4552 1501 4602; x_wconf 65' lang='lat' dir='ltr'><strong>tici</strong></span> <span class='ocrx_word' id='word_1_663' title='bbox 1519 4551 1546 4600; x_wconf 86' lang='lat' dir='ltr'><strong>io</strong></span> <span class='ocrx_word' id='word_1_664' title='bbox 1561 4550 1703 4602; x_wconf 84' lang='lat' dir='ltr'><strong>Domanica</strong></span> <span class='ocrx_word' id='word_1_665' title='bbox 1719 4554 1791 4603; x_wconf 81' lang='lat' dir='ltr'><strong>ciros</strong></span> <span class='ocrx_word' id='word_1_666' title='bbox 1812 4563 1859 4602; x_wconf 94' lang='lat' dir='ltr'><strong>ore</strong></span> <span class='ocrx_word' id='word_1_667' title='bbox 1875 4551 1892 4601; x_wconf 77' lang='grc'><strong>6</strong></span> 
     </span>
     <span class='ocr_line' id='line_1_97' title="bbox 1104 4629 1891 4695; baseline -0.001 -14"><span class='ocrx_word' id='word_1_668' title='bbox 1104 4631 1131 4681; x_wconf 90' lang='lat' dir='ltr'><strong>di</strong></span> <span class='ocrx_word' id='word_1_669' title='bbox 1146 4637 1218 4683; x_wconf 87' lang='lat' dir='ltr'><strong>notis</strong></span> <span class='ocrx_word' id='word_1_670' title='bbox 1235 4630 1299 4683; x_wconf 90' lang='lat' dir='ltr'><strong>mori</strong></span> <span class='ocrx_word' id='word_1_671' title='bbox 1311 4632 1328 4682; x_wconf 90' lang='lat' dir='ltr'><strong>ii</strong></span> <span class='ocrx_word' id='word_1_672' title='bbox 1341 4631 1474 4695; x_wconf 72' lang='lat' dir='ltr'><strong>mgoidoo</strong></span> <span class='ocrx_word' id='word_1_673' title='bbox 1485 4634 1601 4684; x_wconf 82' lang='lat' dir='ltr'><strong>horsnao</strong></span> <span class='ocrx_word' id='word_1_674' title='bbox 1618 4634 1643 4684; x_wconf 87' lang='lat' dir='ltr'><strong>dt</strong></span> <span class='ocrx_word' id='word_1_675' title='bbox 1659 4632 1734 4683; x_wconf 78' lang='lat' dir='ltr'><strong>Piero</strong></span> <span class='ocrx_word' id='word_1_676' title='bbox 1746 4632 1772 4683; x_wconf 90' lang='lat' dir='ltr'><strong>dl</strong></span> <span class='ocrx_word' id='word_1_677' title='bbox 1784 4629 1891 4682; x_wconf 83' lang='lat' dir='ltr'><strong>Cosinto</strong></span> 
     </span>
     <span class='ocr_line' id='line_1_98' title="bbox 1104 4708 1891 4774; baseline -0.004 -15"><span class='ocrx_word' id='word_1_678' title='bbox 1104 4710 1147 4760; x_wconf 85' lang='lat' dir='ltr'><strong>dei</strong></span> <span class='ocrx_word' id='word_1_679' title='bbox 1163 4710 1264 4768; x_wconf 89' lang='lat' dir='ltr'><strong>hledioi,</strong></span> <span class='ocrx_word' id='word_1_680' title='bbox 1281 4724 1295 4759; x_wconf 88' lang='lat' dir='ltr'><strong>a</strong></span> <span class='ocrx_word' id='word_1_681' title='bbox 1311 4709 1430 4774; x_wconf 83' lang='lat' dir='ltr'><strong>Careggi,</strong></span> <span class='ocrx_word' id='word_1_682' title='bbox 1444 4710 1521 4762; x_wconf 77' lang='lat' dir='ltr'><strong>d’eih</strong></span> <span class='ocrx_word' id='word_1_683' title='bbox 1537 4713 1632 4763; x_wconf 86' lang='lat' dir='ltr'><strong>d’anni</strong></span> <span class='ocrx_word' id='word_1_684' title='bbox 1650 4715 1690 4762; x_wconf 81' lang='lat' dir='ltr'><strong>ut.</strong></span> <span class='ocrx_word' id='word_1_685' title='bbox 1705 4725 1758 4761; x_wconf 89' lang='lat' dir='ltr'><strong>non</strong></span> <span class='ocrx_word' id='word_1_686' title='bbox 1774 4709 1855 4768; x_wconf 85' lang='lat' dir='ltr'><strong>duitl,</strong></span> <span class='ocrx_word' id='word_1_687' title='bbox 1873 4708 1891 4758; x_wconf 94' lang='lat' dir='ltr'><strong>il</strong></span> 
     </span>
     <span class='ocr_line' id='line_1_99' title="bbox 1103 4791 1891 4853; baseline -0.005 -14"><span class='ocrx_word' id='word_1_688' title='bbox 1103 4791 1180 4853; x_wconf 85' lang='lat' dir='ltr'><strong>quale</strong></span> <span class='ocrx_word' id='word_1_689' title='bbox 1197 4803 1243 4840; x_wconf 89' lang='lat' dir='ltr'><strong>era</strong></span> <span class='ocrx_word' id='word_1_690' title='bbox 1259 4793 1329 4840; x_wconf 89' lang='lat' dir='ltr'><strong>stato</strong></span> <span class='ocrx_word' id='word_1_691' title='bbox 1341 4792 1437 4841; x_wconf 87' lang='lat' dir='ltr'><strong>maisto</strong></span> <span class='ocrx_word' id='word_1_692' title='bbox 1452 4791 1523 4842; x_wconf 86' lang='lat' dir='ltr'><strong>ciros</strong></span> <span class='ocrx_word' id='word_1_693' title='bbox 1533 4804 1548 4841; x_wconf 92' lang='lat' dir='ltr'><strong>a</strong></span> <span class='ocrx_word' id='word_1_694' title='bbox 1559 4793 1624 4843; x_wconf 85' lang='lat' dir='ltr'><strong>mesi</strong></span> <span class='ocrx_word' id='word_1_695' title='bbox 1636 4792 1688 4842; x_wconf 91' lang='lat' dir='ltr'><strong>due</strong></span> <span class='ocrx_word' id='word_1_696' title='bbox 1705 4792 1790 4842; x_wconf 89' lang='lat' dir='ltr'><strong>d&#39;uoa</strong></span> <span class='ocrx_word' id='word_1_697' title='bbox 1800 4793 1891 4840; x_wconf 82' lang='lat' dir='ltr'><strong>strena</strong></span> 
     </span>
     <span class='ocr_line' id='line_1_100' title="bbox 1106 4867 1891 4933; baseline -0.003 -14"><span class='ocrx_word' id='word_1_698' title='bbox 1106 4870 1256 4930; x_wconf 79' lang='lat' dir='ltr'><strong>infermith,</strong></span> <span class='ocrx_word' id='word_1_699' title='bbox 1279 4882 1329 4919; x_wconf 90' lang='lat' dir='ltr'><strong>con</strong></span> <span class='ocrx_word' id='word_1_700' title='bbox 1353 4871 1520 4933; x_wconf 74' lang='lat' dir='ltr'><strong>grandissimi</strong></span> <span class='ocrx_word' id='word_1_701' title='bbox 1538 4873 1624 4923; x_wconf 90' lang='lat' dir='ltr'><strong>dolori</strong></span> <span class='ocrx_word' id='word_1_702' title='bbox 1640 4873 1668 4923; x_wconf 91' lang='lat' dir='ltr'><strong>di</strong></span> <span class='ocrx_word' id='word_1_703' title='bbox 1685 4877 1802 4923; x_wconf 87' lang='lat' dir='ltr'><strong>stomaco</strong></span> <span class='ocrx_word' id='word_1_704' title='bbox 1826 4881 1841 4919; x_wconf 87' lang='lat' dir='ltr'><strong>a</strong></span> <span class='ocrx_word' id='word_1_705' title='bbox 1863 4867 1891 4918; x_wconf 93' lang='lat' dir='ltr'><strong>dl</strong></span> 
     </span>
     <span class='ocr_line' id='line_1_101' title="bbox 1104 4949 1893 5013; baseline -0.003 -15"><span class='ocrx_word' id='word_1_706' title='bbox 1104 4963 1187 5013; x_wconf 90' lang='lat' dir='ltr'><strong>capo,</strong></span> <span class='ocrx_word' id='word_1_707' title='bbox 1204 4950 1254 5000; x_wconf 89' lang='lat' dir='ltr'><strong>che</strong></span> <span class='ocrx_word' id='word_1_708' title='bbox 1271 4951 1322 4999; x_wconf 86' lang='lat' dir='ltr'><strong>mai</strong></span> <span class='ocrx_word' id='word_1_709' title='bbox 1337 4954 1476 5012; x_wconf 88' lang='lat' dir='ltr'><strong>poiettono</strong></span> <span class='ocrx_word' id='word_1_710' title='bbox 1493 4952 1500 4999; x_wconf 92' lang='lat' dir='ltr'><strong>i</strong></span> <span class='ocrx_word' id='word_1_711' title='bbox 1519 4951 1614 5002; x_wconf 89' lang='lat' dir='ltr'><strong>medici</strong></span> <span class='ocrx_word' id='word_1_712' title='bbox 1631 4961 1776 5000; x_wconf 89' lang='lat' dir='ltr'><strong>conoscere</strong></span> <span class='ocrx_word' id='word_1_713' title='bbox 1798 4949 1823 4997; x_wconf 91' lang='lat' dir='ltr'><strong>la</strong></span> <span class='ocrx_word' id='word_1_714' title='bbox 1844 4958 1893 4996; x_wconf 83' lang='lat' dir='ltr'><strong>sus</strong></span> 
     </span>
     <span class='ocr_line' id='line_1_102' title="bbox 1105 5028 1892 5091; baseline -0.003 -13"><span class='ocrx_word' id='word_1_715' title='bbox 1105 5030 1229 5079; x_wconf 85' lang='lat' dir='ltr'><strong>mataitia.</strong></span> <span class='ocrx_word' id='word_1_716' title='bbox 1250 5029 1385 5080; x_wconf 86' lang='lat' dir='ltr'><strong>Dubiiossi</strong></span> <span class='ocrx_word' id='word_1_717' title='bbox 1402 5031 1429 5080; x_wconf 89' lang='lat' dir='ltr'><strong>di</strong></span> <span class='ocrx_word' id='word_1_718' title='bbox 1446 5032 1549 5091; x_wconf 84' lang='lat' dir='ltr'><strong>seleno,</strong></span> <span class='ocrx_word' id='word_1_719' title='bbox 1565 5043 1580 5080; x_wconf 88' lang='lat' dir='ltr'><strong>o</strong></span> <span class='ocrx_word' id='word_1_720' title='bbox 1597 5031 1722 5080; x_wconf 80' lang='lat' dir='ltr'><strong>messime</strong></span> <span class='ocrx_word' id='word_1_721' title='bbox 1739 5028 1836 5091; x_wconf 74' lang='lat' dir='ltr'><strong>perche</strong></span> <span class='ocrx_word' id='word_1_722' title='bbox 1856 5040 1892 5077; x_wconf 89' lang='lat' dir='ltr'><strong>un</strong></span> 
     </span>
     <span class='ocr_line' id='line_1_103' title="bbox 1104 5106 1892 5174; baseline -0.004 -14"><span class='ocrx_word' id='word_1_723' title='bbox 1104 5111 1180 5160; x_wconf 87' lang='lat' dir='ltr'><strong>hiess.</strong></span> <span class='ocrx_word' id='word_1_724' title='bbox 1196 5109 1326 5162; x_wconf 79' lang='lat' dir='ltr'><strong>l’ierliooe</strong></span> <span class='ocrx_word' id='word_1_725' title='bbox 1341 5110 1376 5161; x_wconf 92' lang='lat' dir='ltr'><strong>da</strong></span> <span class='ocrx_word' id='word_1_726' title='bbox 1391 5111 1490 5174; x_wconf 85' lang='lat' dir='ltr'><strong>Spoleti</strong></span> <span class='ocrx_word' id='word_1_727' title='bbox 1503 5112 1709 5173; x_wconf 78' lang='lat' dir='ltr'><strong>singularissimo</strong></span> <span class='ocrx_word' id='word_1_728' title='bbox 1720 5109 1832 5166; x_wconf 87' lang='lat' dir='ltr'><strong>medico,</strong></span> <span class='ocrx_word' id='word_1_729' title='bbox 1842 5106 1892 5157; x_wconf 91' lang='lat' dir='ltr'><strong>cha</strong></span> 
     </span>
     <span class='ocr_line' id='line_1_104' title="bbox 1105 5191 1893 5249; baseline -0.001 -10"><span class='ocrx_word' id='word_1_730' title='bbox 1105 5202 1150 5239; x_wconf 87' lang='lat' dir='ltr'><strong>era</strong></span> <span class='ocrx_word' id='word_1_731' title='bbox 1168 5193 1239 5240; x_wconf 88' lang='lat' dir='ltr'><strong>stato</strong></span> <span class='ocrx_word' id='word_1_732' title='bbox 1256 5192 1306 5240; x_wconf 85' lang='lat' dir='ltr'><strong>aila</strong></span> <span class='ocrx_word' id='word_1_733' title='bbox 1322 5204 1386 5241; x_wconf 90' lang='lat' dir='ltr'><strong>cura</strong></span> <span class='ocrx_word' id='word_1_734' title='bbox 1403 5204 1450 5241; x_wconf 88' lang='lat' dir='ltr'><strong>sua</strong></span> <span class='ocrx_word' id='word_1_735' title='bbox 1467 5193 1494 5241; x_wconf 88' lang='lat' dir='ltr'><strong>lo</strong></span> <span class='ocrx_word' id='word_1_736' title='bbox 1509 5196 1578 5241; x_wconf 89' lang='lat' dir='ltr'><strong>tutta</strong></span> <span class='ocrx_word' id='word_1_737' title='bbox 1595 5194 1619 5241; x_wconf 86' lang='lat' dir='ltr'><strong>la</strong></span> <span class='ocrx_word' id='word_1_738' title='bbox 1635 5193 1768 5249; x_wconf 85' lang='lat' dir='ltr'><strong>malaitis,</strong></span> <span class='ocrx_word' id='word_1_739' title='bbox 1784 5191 1810 5239; x_wconf 83' lang='lat' dir='ltr'><strong>le</strong></span> <span class='ocrx_word' id='word_1_740' title='bbox 1827 5192 1893 5238; x_wconf 89' lang='lat' dir='ltr'><strong>mai·</strong></span> 
     </span>
     <span class='ocr_line' id='line_1_105' title="bbox 1105 5270 1891 5334; baseline 0 -13"><span class='ocrx_word' id='word_1_741' title='bbox 1105 5273 1159 5321; x_wconf 86' lang='lat' dir='ltr'><strong>tina</strong></span> <span class='ocrx_word' id='word_1_742' title='bbox 1175 5274 1300 5331; x_wconf 74' lang='lat' dir='ltr'><strong>sequente</strong></span> <span class='ocrx_word' id='word_1_743' title='bbox 1317 5270 1386 5334; x_wconf 92' lang='lat' dir='ltr'><strong>dopo</strong></span> <span class='ocrx_word' id='word_1_744' title='bbox 1404 5272 1428 5320; x_wconf 83' lang='lat' dir='ltr'><strong>la</strong></span> <span class='ocrx_word' id='word_1_745' title='bbox 1445 5284 1494 5321; x_wconf 88' lang='lat' dir='ltr'><strong>sua</strong></span> <span class='ocrx_word' id='word_1_746' title='bbox 1509 5275 1610 5330; x_wconf 88' lang='lat' dir='ltr'><strong>morte,</strong></span> <span class='ocrx_word' id='word_1_747' title='bbox 1626 5272 1653 5322; x_wconf 90' lang='lat' dir='ltr'><strong>lu</strong></span> <span class='ocrx_word' id='word_1_748' title='bbox 1671 5275 1776 5323; x_wconf 83' lang='lat' dir='ltr'><strong>troveto</strong></span> <span class='ocrx_word' id='word_1_749' title='bbox 1799 5282 1891 5321; x_wconf 90' lang='lat' dir='ltr'><strong>assere</strong></span> 
     </span>
     <span class='ocr_line' id='line_1_106' title="bbox 1105 5351 1891 5415; baseline -0.001 -12"><span class='ocrx_word' id='word_1_750' title='bbox 1105 5356 1174 5403; x_wconf 90' lang='lat' dir='ltr'><strong>stato</strong></span> <span class='ocrx_word' id='word_1_751' title='bbox 1191 5352 1283 5415; x_wconf 87' lang='lat' dir='ltr'><strong>gittato</strong></span> <span class='ocrx_word' id='word_1_752' title='bbox 1299 5352 1325 5400; x_wconf 90' lang='lat' dir='ltr'><strong>in</strong></span> <span class='ocrx_word' id='word_1_753' title='bbox 1341 5365 1377 5401; x_wconf 88' lang='lat' dir='ltr'><strong>uu</strong></span> <span class='ocrx_word' id='word_1_754' title='bbox 1394 5364 1477 5414; x_wconf 87' lang='lat' dir='ltr'><strong>pozzo</strong></span> <span class='ocrx_word' id='word_1_755' title='bbox 1494 5366 1509 5402; x_wconf 87' lang='lat' dir='ltr'><strong>a</strong></span> <span class='ocrx_word' id='word_1_756' title='bbox 1530 5353 1765 5415; x_wconf 63' lang='lat' dir='ltr'><strong>&amp;ceraemoniis</strong></span> <span class='ocrx_word' id='word_1_757' title='bbox 1783 5351 1846 5401; x_wconf 86' lang='lat' dir='ltr'><strong>Villa</strong></span> <span class='ocrx_word' id='word_1_758' title='bbox 1863 5352 1891 5402; x_wconf 89' lang='lat' dir='ltr'><strong>di</strong></span> 
     </span>
     <span class='ocr_line' id='line_1_107' title="bbox 1105 5431 1895 5485; baseline 0.003 -4"><span class='ocrx_word' id='word_1_759' title='bbox 1105 5432 1250 5481; x_wconf 88' lang='lat' dir='ltr'><strong>Francesco</strong></span> <span class='ocrx_word' id='word_1_760' title='bbox 1267 5431 1292 5480; x_wconf 81' lang='lat' dir='ltr'><strong>ili</strong></span> <span class='ocrx_word' id='word_1_761' title='bbox 1309 5432 1425 5482; x_wconf 86' lang='lat' dir='ltr'><strong>liuberto</strong></span> <span class='ocrx_word' id='word_1_762' title='bbox 1437 5433 1563 5485; x_wconf 75' lang='lat' dir='ltr'><strong>Mortalii.</strong></span> <span class='ocrx_word' id='word_1_763' title='bbox 1575 5432 1643 5485; x_wconf 83' lang='lat' dir='ltr'><strong>dore</strong></span> <span class='ocrx_word' id='word_1_764' title='bbox 1660 5445 1705 5483; x_wconf 91' lang='lat' dir='ltr'><strong>era</strong></span> <span class='ocrx_word' id='word_1_765' title='bbox 1723 5436 1792 5484; x_wconf 87' lang='lat' dir='ltr'><strong>stato</strong></span> <span class='ocrx_word' id='word_1_766' title='bbox 1808 5434 1895 5484; x_wconf 86' lang='lat' dir='ltr'><strong>tralu-</strong></span> 
     </span>
     <span class='ocr_line' id='line_1_108' title="bbox 1104 5510 1889 5575; baseline 0.004 -15"><span class='ocrx_word' id='word_1_767' title='bbox 1104 5518 1173 5573; x_wconf 85' lang='lat' dir='ltr'><strong>gato,</strong></span> <span class='ocrx_word' id='word_1_768' title='bbox 1188 5510 1286 5574; x_wconf 81' lang='lat' dir='ltr'><strong>porche</strong></span> <span class='ocrx_word' id='word_1_769' title='bbox 1301 5514 1368 5561; x_wconf 86' lang='lat' dir='ltr'><strong>certi</strong></span> <span class='ocrx_word' id='word_1_770' title='bbox 1384 5512 1480 5575; x_wconf 85' lang='lat' dir='ltr'><strong>iamigii</strong></span> <span class='ocrx_word' id='word_1_771' title='bbox 1496 5512 1523 5561; x_wconf 90' lang='lat' dir='ltr'><strong>di</strong></span> <span class='ocrx_word' id='word_1_772' title='bbox 1538 5512 1655 5564; x_wconf 79' lang='lat' dir='ltr'><strong>horcnzo</strong></span> <span class='ocrx_word' id='word_1_773' title='bbox 1671 5514 1688 5563; x_wconf 87' lang='lat' dir='ltr'><strong>i’</strong></span> <span class='ocrx_word' id='word_1_774' title='bbox 1699 5525 1820 5564; x_wconf 80' lang='lat' dir='ltr'><strong>avevano</strong></span> <span class='ocrx_word' id='word_1_775' title='bbox 1836 5526 1889 5563; x_wconf 84' lang='lat' dir='ltr'><strong>vo·</strong></span> 
     </span>
     <span class='ocr_line' id='line_1_109' title="bbox 1105 5593 1897 5657; baseline 0.004 -17"><span class='ocrx_word' id='word_1_776' title='bbox 1105 5593 1159 5644; x_wconf 90' lang='lat' dir='ltr'><strong>luto</strong></span> <span class='ocrx_word' id='word_1_777' title='bbox 1176 5604 1352 5652; x_wconf 87' lang='lat' dir='ltr'><strong>ammazzare,</strong></span> <span class='ocrx_word' id='word_1_778' title='bbox 1369 5604 1418 5655; x_wconf 88' lang='lat' dir='ltr'><strong>par</strong></span> <span class='ocrx_word' id='word_1_779' title='bbox 1434 5598 1554 5657; x_wconf 90' lang='lat' dir='ltr'><strong>sospetto</strong></span> <span class='ocrx_word' id='word_1_780' title='bbox 1570 5594 1618 5643; x_wconf 89' lang='lat' dir='ltr'><strong>che</strong></span> <span class='ocrx_word' id='word_1_781' title='bbox 1635 5605 1688 5643; x_wconf 88' lang='lat' dir='ltr'><strong>nou</strong></span> <span class='ocrx_word' id='word_1_782' title='bbox 1705 5596 1796 5644; x_wconf 73' lang='lat' dir='ltr'><strong>stessi</strong></span> <span class='ocrx_word' id='word_1_783' title='bbox 1814 5606 1897 5644; x_wconf 79' lang='lat' dir='ltr'><strong>avve-</strong></span> 
     </span>
     <span class='ocr_line' id='line_1_110' title="bbox 1105 5672 1892 5738; baseline 0 -14"><span class='ocrx_word' id='word_1_784' title='bbox 1105 5675 1193 5724; x_wconf 85' lang='lat' dir='ltr'><strong>lenato</strong></span> <span class='ocrx_word' id='word_1_785' title='bbox 1209 5672 1342 5732; x_wconf 84' lang='lat' dir='ltr'><strong>horenao,</strong></span> <span class='ocrx_word' id='word_1_786' title='bbox 1353 5684 1395 5722; x_wconf 84' lang='lat' dir='ltr'><strong>ma</strong></span> <span class='ocrx_word' id='word_1_787' title='bbox 1407 5686 1458 5725; x_wconf 89' lang='lat' dir='ltr'><strong>oon</strong></span> <span class='ocrx_word' id='word_1_788' title='bbox 1475 5685 1504 5724; x_wconf 89' lang='lat' dir='ltr'><strong>se</strong></span> <span class='ocrx_word' id='word_1_789' title='bbox 1516 5673 1644 5725; x_wconf 81' lang='lat' dir='ltr'><strong>novedde</strong></span> <span class='ocrx_word' id='word_1_790' title='bbox 1662 5686 1745 5738; x_wconf 80' lang='lat' dir='ltr'><strong>aegeo</strong></span> <span class='ocrx_word' id='word_1_791' title='bbox 1761 5674 1856 5725; x_wconf 84' lang='lat' dir='ltr'><strong>alcuna</strong></span> <span class='ocrx_word' id='word_1_792' title='bbox 1869 5694 1892 5724; x_wconf 89' lang='lat'><strong>·.</strong></span> 
     </span>
     <span class='ocr_line' id='line_1_111' title="bbox 1146 5751 1857 5818; baseline 0.001 -16"><span class='ocrx_word' id='word_1_793' title='bbox 1146 5751 1185 5802; x_wconf 77' lang='lat' dir='ltr'><strong>Ea</strong></span> <span class='ocrx_word' id='word_1_794' title='bbox 1201 5751 1271 5804; x_wconf 80' lang='lat' dir='ltr'><strong>iiior.</strong></span> <span class='ocrx_word' id='word_1_795' title='bbox 1289 5751 1367 5803; x_wconf 76' lang='lat' dir='ltr'><strong>deon</strong></span> <span class='ocrx_word' id='word_1_796' title='bbox 1384 5751 1495 5804; x_wconf 77' lang='lat' dir='ltr'><strong>rtoreu·</strong></span> <span class='ocrx_word' id='word_1_797' title='bbox 1513 5753 1540 5801; x_wconf 80' lang='lat' dir='ltr'><strong>is</strong></span> <span class='ocrx_word' id='word_1_798' title='bbox 1557 5751 1618 5805; x_wconf 81' lang='lat' dir='ltr'><strong>utut.</strong></span> <span class='ocrx_word' id='word_1_799' title='bbox 1633 5752 1857 5818; x_wconf 70' lang='lat' dir='ltr'><strong>mptumottmo.</strong></span> 
     </span>
    </p>
   </div>
   <div class='ocr_carea' id='block_1_13' title="bbox 0 0 2250 6854">
    <p class='ocr_par' dir='ltr' id='par_1_13' title="bbox 0 0 2250 6854">
     <span class='ocr_line' id='line_1_112' title="bbox 0 0 2250 6854; baseline 0 0"><span class='ocrx_word' id='word_1_800' title='bbox 0 0 2250 6854; x_wconf 95' lang='lat' dir='ltr'><strong> </strong></span> 
     </span>
    </p>
   </div>
  </div>
 </body>
</html>
