4492 6859
291 639 333 699 Sl
755 634 1038 699 ruuumsmrus
1056 630 1278 695 tuttoctittutt
1299 628 1452 693 ucrsvt.

292 775 328 835 ad
347 776 448 848 instar,
464 775 606 855 praeferri
618 790 675 833 uon
690 770 800 833 debere.
821 771 866 831 Ad
885 767 970 846 eujus
987 769 1074 830 rerba

287 875 433 954 respondit
447 874 481 933 la.
500 875 536 937 de
551 874 583 934 S.
594 872 764 933 Gemimmo
777 871 890 931 nornine
909 868 1076 950 praedicto·

285 977 461 1048 rum,etiam
475 993 509 1034 er
529 972 683 1054 privilegio
697 971 837 1051 praeierri
858 970 984 1040 debere,
1004 986 1075 1028 cum

285 1084 377 1134 essem
409 1074 482 1135 idem
519 1091 625 1151 corpus
656 1090 723 1132 cum
754 1070 1013 1130 abbreviatoribus
1041 1068 1075 1131 de

191 1198 196 1212 ·
286 1172 383 1234 Parco
398 1169 514 1248 blajori,
530 1173 580 1251 qui
599 1170 676 1251 ipsos
688 1170 852 1249 Scriptores
864 1167 1075 1240 antecederent,

243 1291 245 1294 ·
287 1285 316 1334 et
331 1272 409 1351 quod
431 1275 480 1333 illa
504 1272 590 1333 rerba
613 1273 657 1332 nd
675 1270 828 1342 instor,ia
848 1272 976 1349 ipsarum
996 1269 1074 1330 bulla

288 1373 429 1452 apposita,
445 1390 502 1432 noa
526 1372 740 1433 concernebant
760 1370 1008 1450 praecedentiam,
1027 1372 1075 1432 sed

289 1472 527 1552 praerogativam
548 1474 576 1529 in
597 1472 775 1532 assecutione
793 1469 999 1531 beneficiorum
1018 1480 1074 1531 etc.

292 1570 489 1632 [listriana.
505 1571 539 1631 de
558 1572 681 1644 Urbino,
697 1573 771 1651 ipsus
786 1589 965 1650 nequaquam
982 1588 1075 1632 unum

292 1690 400 1751 eorpus
413 1692 472 1732 esse
487 1690 555 1731 cum
572 1671 828 1732 Abbreriatoribus
844 1672 878 1731 de
898 1672 993 1732 Parco
1009 1673 1075 1733 lla·

288 1770 374 1849 jori,
402 1773 450 1834 sed
475 1772 510 1833 de
532 1774 615 1850 longe
644 1772 791 1833 diversum
812 1783 867 1833 etc.
891 1774 961 1833 itero
984 1775 1018 1834 V.
1040 1774 1076 1836 de

290 1875 407 1936 Gioebis
428 1876 541 1934 nomine
555 1870 651 1934 Officia
670 1874 879 1934 solicitatorum
901 1874 981 1948 dixit,
1002 1893 1076 1953 pro·

290 1987 440 2036 curatores
454 1973 704 2034 contradictarum
719 1974 797 2053 ipsos
811 1975 984 2053 praecedere
999 1975 1094 2036 relle'

288 2086 343 2135 etc.
359 2093 427 2135 cum
450 2074 502 2153 ipsi
517 2073 708 2134 solicitatores
724 2073 808 2151 longe
823 2074 967 2153 digniores
984 2084 1077 2135 essent

291 2175 359 2254 ipsis
379 2174 637 2254 procuratoribus,
664 2173 714 2249 qui
741 2182 852 2233 tanturn
872 2176 970 2234 literas
986 2172 1077 2251 justi-

289 2277 347 2335 tiae
375 2274 541 2354 expedirent
561 2292 613 2353 per
634 2274 742 2333 formas
765 2274 920 2347 limitatas,
938 2287 966 2335 et
985 2285 1077 2337 essmt

288 2376 405 2446 notarii,
416 2374 494 2453 quod
505 2386 578 2435 esset
594 2375 762 2434 vilissimum
775 2376 921 2450 officium,
939 2378 990 2455 ipsi
1009 2395 1077 2438 sero

276 2476 479 2535 >solicitatores
494 2473 671 2535 solicitarent
682 2493 880 2553 quascumque
895 2477 991 2536 literas
1005 2496 1077 2556 apo-

288 2573 417 2644 stolicas,
435 2575 560 2652 gratiam
581 2585 610 2635 et
622 2573 764 2652 justitiam
781 2586 995 2648 concernentes,
1006 2595 1079 2656 pro·

291 2685 390 2753 pterea
406 2674 481 2752 ipsos
498 2692 559 2735 ease
575 2673 732 2734 familiares
749 2673 853 2753 Papae,
871 2686 901 2735 et
922 2676 1077 2756 privilegia

290 2772 397 2834 babere
412 2772 449 2833 ad
471 2774 560 2833 instar
579 2774 665 2835 officii
684 2773 873 2852 Scriptorum
895 2777 1077 2855 Apostolico-

287 2892 364 2935 rum.
376 2871 492 2941 Quibus
505 2873 541 2933 D.
553 2873 698 2934 lohannes
716 2873 851 2953 Urtbega
866 2877 1013 2955 respondit
1023 2895 1078 2956 pro

292 2970 396 3034 Officio
410 2971 443 3031 P.
451 2984 643 3033 oculatorum
659 2974 738 3052 quod
753 2975 848 3054 ipsum
867 2977 988 3036 offitium
1001 2988 1075 3037 esset

291 3072 537 3150 antiquissimum,
552 3082 583 3134 et
596 3092 648 3153 per
668 3070 718 3149 jus
736 3092 890 3135 commune
905 3076 1076 3155 privilegia·

292 3184 366 3245 tum,
375 3191 409 3234 sc
423 3172 498 3254 ipsos
508 3192 573 3235 suas
584 3174 681 3235 literas
690 3176 776 3236 etiarn
787 3177 939 3253 aliqualem
953 3177 1076 3256 gratiam

289 3286 489 3338 concernentes
516 3276 576 3337 sina
605 3276 790 3355 stipulatione
824 3274 1076 3357 expedireposae,

286 3378 364 3456 quod
384 3377 440 3439 illis
458 3394 515 3437 aaa
546 3377 670 3448 liceret,
689 3389 717 3439 at
744 3379 843 3458 plures
861 3378 932 3437 alias
953 3379 1076 3439 ratioms

285 3480 403 3540 induxit.
417 3481 489 3541 ltens
501 3478 535 3538 D.
549 3478 696 3555 Pugnolus
704 3497 758 3555 pro
768 3461 874 3538 Officio
885 3477 1076 3539 Notariorum

285 3578 355 3641 distr
378 3591 479 3640 corsua
503 3581 713 3649 solicitatores,
733 3580 861 3657 ipsoram
884 3578 1071 3639 Notariorum

286 3679 423 3740 Officium
444 3697 503 3739 noo
523 3680 589 3749 sile,
606 3677 656 3739 sed
677 3677 874 3756 dignissimum
893 3698 963 3749 esse,
976 3691 1006 3738 et
1023 3698 1075 3758 per

288 3782 382 3841 omnis
402 3781 605 3851 necesarium,
626 3790 780 3857 propterea
801 3777 941 3855 praeferri
961 3777 1076 3851 debere,

286 3892 315 3943 cl
335 3881 580 3956 solicitatoribus,
604 3890 632 3939 et
660 3877 902 3957 procuratoribus
927 3879 1077 3955 poeaiten-

287 3983 387 4043 tiaciae
399 4003 410 4056 3
431 3993 463 4043 et
488 3980 634 4051 istorum,
664 3988 694 4040 et
714 3979 924 4040 solicitatorum
950 3979 1076 4039 odicium

288 4084 402 4143 nullius
422 4079 615 4160 reputatimsis
634 4080 777 4151 existere3
790 4096 855 4138 treas
877 4075 1014 4157 Olilciuas
1029 4076 1077 4138 di·

287 4199 399 4260 gaum,
419 4191 449 4239 et
469 4189 636 4259 reputatum
654 4179 750 4238 solum
772 4177 837 4237 dari
865 4176 935 4238 siris
967 4196 1077 4257 appro-

288 4281 373 4352 batis,
390 4279 496 4340 idoneis
516 4290 591 4351 etc,
609 4278 661 4339 sed
688 4279 762 4338 inter
788 4280 862 4357 ipsos
887 4277 1078 4339 solicitatores

289 4398 350 4440 esse
370 4377 502 4449 inientes,
516 4395 634 4457 pueros,
652 4377 756 4451 laicos,
779 4376 950 4449 mecanicae,
969 4376 1078 4449 iabros,

288 4491 437 4548 utores,
458 4480 645 4550 collatarios,
666 4488 696 4538 et
720 4477 852 4557 plurium
877 4478 986 4537 artium
1012 4494 1078 4538 me·

289 4580 477 4639 ebroicarum
495 4576 636 4649 artifices,
653 4596 689 4637 ea
704 4594 763 4654 quo
783 4576 907 4655 dignitas
924 4577 1004 4635 offitii
1025 4594 1079 4655 pe·

289 4682 414 4760 soptime
425 4681 559 4758 cognosci
571 4687 673 4758 posset.
691 4676 735 4737 ux
758 4677 882 4738 adverso
895 4676 940 4737 lo.
949 4674 1075 4737 Guiller.

290 4790 466 4859 procurator
487 4779 718 4859 poenitentiarios
744 4777 815 4837 disit
836 4777 972 4838 Officium
997 4775 1078 4835 Pro·

289 4891 465 4943 curatorum
488 4880 720 4960 poenitentiarios
734 4879 899 4955 antiquius,
914 4887 943 4937 et
964 4875 1079 4954 dignius

287 5003 350 5046 esse
360 4984 459 5045 officio
468 4980 653 5041 notariorum
665 4978 756 5039 Rotae
767 4990 796 5038 et
807 4977 888 5057 prius
900 4974 1076 5047 institutum3

289 5096 443 5164 propterea
462 5080 693 5161 praeferendum.
716 5077 755 5137 Et
774 5077 907 5156 produxit
925 5094 1016 5136 unum
1031 5076 1077 5135 in-

288 5194 484 5244 strumentum
500 5180 626 5240 mandati
637 5197 724 5259 super
739 5177 935 5257 praecedentia
949 5177 1015 5236 iacti
1026 5195 1076 5255 per

293 5284 329 5344 l).
349 5285 381 5345 B.
402 5284 568 5363 episcopum
588 5280 717 5340 Civitatis
737 5280 876 5349 Castelli,
898 5278 975 5355 quad
996 5279 1077 5356 regi·

291 5379 384 5439 stravi
407 5382 436 5437 in
464 5376 540 5437 libro
561 5375 811 5437 caerimoniarum.
833 5371 982 5434 Contendo
1002 5375 1077 5434 euim

290 5489 356 5537 erat
369 5480 442 5539 inter
458 5476 560 5538 uuus
585 5474 771 5553 Scriptorum
789 5475 1030 5552 Apostolicorum,
1048 5483 1077 5535 et

293 5577 536 5638 Abbreviatorum
551 5574 586 5639 da
600 5573 696 5636 Paroa
707 5573 821 5652 Maiori.
837 5574 907 5634 laesa
927 5576 1000 5635 inter
1015 5575 1077 5634 ab·

292 5679 376 5740 brer.
390 5677 426 5739 dc
440 5677 535 5740 Parca
550 5671 697 5752 majorici
706 5672 873 5753 Scriptores
887 5674 1077 5753 poeniteatis·

1826 628 1934 713 (ιιιι)

1145 763 1937 842 riae,interProcuratores,etSolieitatcresliterarom

1145 870 1376 949 apostolicarum.
1398 868 1468 928 item
1498 866 1570 925 inter
1591 865 1808 927 Procuratores
1830 867 1938 929 Poeni-

1144 970 1306 1040 tentieriae,
1332 965 1523 1043 Salariaeque
1550 965 1641 1025 Rotae
1665 977 1694 1025 et
1721 966 1937 1029 Solicitatores.

1144 1068 1311 1129 Praedictos
1332 1068 1384 1127 bos
1404 1067 1547 1137 officiales,
1566 1067 1737 1127 collectores
1761 1068 1894 1147 plumbi,
1913 1080 1941 1130 et

1144 1170 1244 1229 clerici
1265 1169 1380 1247 registri
1400 1167 1653 1245 supplicationum,
1674 1168 1734 1226 sire
1764 1168 1889 1245 aliquos
1907 1188 1940 1229 es

1144 1268 1308 1348 praedictis,
1340 1269 1513 1348 praecedere
1543 1267 1760 1346 protendebant,
1796 1268 1849 1330 sed
1884 1288 1940 1329 non

1145 1382 1382 1450 comparuerunt,
1392 1371 1457 1430 licet
1473 1369 1583 1429 inerint
1602 1370 1695 1428 vocati
1707 1388 1813 1429 omsses
1831 1387 1941 1448 supra·

1144 1469 1212 1530 dicti
1224 1489 1277 1550 per
1287 1471 1431 1550 praefatos
1443 1470 1941 1537 commissariossodtrtsomnium.

1145 1573 1353 1652 responderunt
1370 1572 1422 1650 ipsi
1441 1572 1630 1631 commissarii
1649 1590 1690 1641 se,
1712 1571 1815 1631 audita
1831 1571 1891 1631 SS.
1906 1572 1941 1631 Ι).

1144 1670 1179 1732 ll.
1200 1674 1312 1734 referre
1333 1674 1428 1741 velle,
1448 1684 1478 1731 et
1506 1682 1601 1751 partes
1625 1674 1699 1751 ipsas
1719 1672 1757 1730 de
1787 1672 1940 1732 voluntate

1145 1774 1199 1834 SS.
1219 1774 1256 1834 li.
1276 1772 1310 1834 Ν.
1331 1785 1396 1853 post
1421 1770 1539 1833 modum
1565 1771 1751 1834 certificare:
1773 1774 1818 1835 sic
1840 1791 1940 1835 reces-

1144 1888 1245 1936 serunt
1265 1893 1372 1935 manes.

1148 1990 1151 1997 '
1185 1978 1269 2037 Feria
1282 1977 1378 2048 tertia,
1392 1976 1440 2036 lb.
1450 1974 1537 2052 junii,
1548 1975 1603 2036 SS.
1616 1975 1651 2033 Ι).
1668 1973 1702 2037 tl.
1714 1975 1851 2036 decrerit
1863 1972 1940 2052 qnod

1146 2080 1174 2138 in
1195 2078 1377 2161 processione
1396 2077 1535 2157 Corporis
1556 2075 1664 2137 Christi
1685 2078 1821 2155 proxime
1842 2074 1940 2135 tutari

1145 2180 1280 2239 officiales
1300 2175 1446 2238 Romanae
1472 2178 1579 2238 Curiae
1604 2188 1633 2238 ct
1662 2177 1836 2238 Sanctitatis
1864 2175 1940 2236 Suae

1146 2280 1188 2339 ire
1209 2276 1313 2337 debere
1329 2278 1411 2356 juxta
1435 2289 1547 2356 tempus
1568 2278 1751 2338 institutionis
1773 2277 1941 2338 officiorum

1145 2396 1278 2448 suorum,
1299 2378 1428 2438 videlicet
1444 2378 1495 2456 qui
1510 2379 1606 2458 primo
1619 2361 1740 2437 instituti
1757 2378 1786 2436 in
1809 2377 1941 2455 digniori

1146 2477 1212 2537 loeo
1233 2476 1337 2535 sedarit
1348 2498 1358 2549 3
1374 2476 1452 2554 qnod
1475 2478 1567 2537 vuissit
1587 2477 1622 2537 Ι).
1638 2479 1794 2538 Aleriensls
1815 2480 1938 2557 singulis

1145 2576 1316 2639 Officiorum
1337 2581 1473 2657 praelatis
1493 2582 1637 2639 intimare.
1660 2578 1718 2640 Sed
1735 2595 1806 2639 cun
1825 2581 1941 2641 intelle·

1145 2680 1230 2741 rtisset
1249 2697 1283 2739 er
1305 2676 1472 2755 hujusmodi
1494 2680 1669 2740 intimatione
1685 2680 1740 2740 SS.
1763 2680 1798 2739 l).
1816 2680 1855 2740 tt.
1877 2699 1940 2740 ιιιο-

1146 2778 1241 2839 lessies
1260 2790 1289 2837 et
1310 2780 1443 2855 querelor
1464 2779 1572 2839 multas
1593 2792 1760 2850 eventuras,
1790 2782 1940 2859 acquievit

1145 2878 1223 2955 quod
1242 2894 1298 2937 uon
1317 2879 1505 2938 intimaretur
1523 2895 1616 2957 usquc
1646 2879 1681 2939 ed
1709 2898 1794 2941 mane
1815 2899 1940 2960 proces-

1145 2980 1244 3052 sionis,
1264 2996 1332 3038 cum
1353 2981 1501 3058 processio
1522 2980 1581 3059 ipsa
1604 2998 1657 3059 per
1681 2980 1718 3041 li.
1735 2979 1774 3041 D.
1795 2977 1940 3042 Camera-

1146 3081 1226 3141 rium
1241 3080 1435 3141 ordinaretur.
1453 3078 1504 3140 Sic
1519 3080 1628 3140 iactum
1643 3090 1694 3141 est.

1187 3180 1240 3240 Dic
1251 3179 1361 3251 Lassae,
1379 3179 1426 3240 ld.
1437 3177 1514 3257 julli,
1526 3180 1598 3240 hora
1610 3197 1692 3242 xssss.
1708 3181 1752 3241 rel
1769 3181 1864 3253 circa,
1876 3179 1937 3242 tto-

1146 3298 1209 3339 arae
1226 3280 1254 3338 ln
1271 3279 1373 3358 Sargo
1391 3279 1423 3338 S.
1441 3280 1520 3340 Petri
1536 3282 1563 3340 in
1583 3279 1669 3340 domo
1683 3297 1753 3340 suae
1770 3282 1876 3343 solitae
1891 3300 1938 3344 re-

1145 3381 1290 3450 sidentiae,
1310 3398 1345 3439 ex
1363 3380 1494 3456 paralisi,
1517 3378 1587 3439 obiit
1612 3381 1655 3440 ΙΙΙ.
1677 3380 1711 3439 1).
1727 3380 1835 3442 Carula
1858 3382 1938 3463 Cipri

1147 3480 1270 3558 Regina,
1294 3476 1381 3555 cujus
1414 3498 1521 3558 corpus
1548 3479 1645 3541 eadem
1667 3479 1712 3541 die
1731 3482 1812 3542 circa
1836 3483 1936 3544 boram

1145 3595 1227 3640 xxtt.
1249 3578 1423 3637 associatum
1447 3577 1503 3637 iuit
1522 3597 1574 3657 per
1598 3581 1741 3659 praelatos
1761 3591 1792 3641 et
1813 3583 1938 3643 familias

1147 3679 1203 3738 SS.
1226 3679 1262 3738 Ι).
1285 3676 1319 3737 N.
1340 3689 1371 3738 et
1387 3675 1449 3737 RR.
1472 3677 1534 3737 DI).
1558 3679 1832 3754 Cardinalium,.ea
1854 3683 1937 3744 durno

1146 3779 1294 3859 praedicta
1316 3794 1408 3854 usque
1429 3777 1465 3835 ad
1486 3777 1634 3838 basilicam
1654 3780 1686 3839 S.
1708 3780 1810 3853 Petri,
1833 3784 1864 3842 in
1885 3800 1938 3861 qna

1147 3897 1203 3940 non
1237 3880 1321 3957 longe
1355 3896 1371 3935 a
1402 3879 1529 3963 cappella
1554 3878 1728 3940 Sanctorum
1751 3882 1888 3943 Andreae
1911 3890 1937 3943 el

1146 3979 1286 4059 Gregorii
1312 3979 1341 4038 in
1365 3978 1506 4038 Vaticano
1525 3981 1693 4057 sepulturae
1713 3982 1858 4042 traditum
1884 3983 1935 4067 (l).

1147 4080 1320 4158 Requiescat
1334 4080 1366 4137 in
1392 4096 1462 4156 pace
1482 4078 1574 4136 aalma
1596 4075 1669 4154 ejus.

1188 4179 1272 4241 Feria
1295 4180 1390 4250 tertia,
1413 4177 1462 4237 ut.
1477 4189 1506 4239 ct
1519 4178 1621 4237 ultima
1633 4176 1712 4254 julii,
1727 4181 1836 4258 paratis
1859 4184 1936 4261 prius

1147 4298 1201 4358 pro
1221 4280 1347 4355 exequiis
1369 4280 1545 4348 necessariis,
1560 4291 1586 4339 et
1612 4279 1689 4338 iacta
1711 4289 1809 4341 caure
1828 4281 1936 4342 doloris

1147 4379 1176 4438 ia
1196 4380 1291 4439 forma
1319 4390 1454 4439 consueta
1478 4378 1638 4438 latitudinis
1657 4378 1762 4457 pedum
1790 4395 1881 4440 ιινιιι.
1909 4390 1936 4441 ct

1147 4480 1333 4557 longitudinis
1349 4479 1453 4558 pedum
1469 4494 1595 4551 xxiiia,
1610 4479 1699 4538 adistis
1714 4481 1869 4559 armis-per
1885 4498 1935 4539 rsa·

1147 4600 1196 4641 res
1228 4581 1379 4650 Vaticani,
1400 4581 1430 4638 irs
1451 4580 1581 4658 cappella
1613 4579 1645 4638 S.
1667 4578 1788 4657 Georgii
1807 4581 1837 4639 in
1860 4582 1935 4641 basi·

1146 4681 1201 4742 lica
1220 4682 1251 4741 8.
1274 4680 1353 4741 Petri
1373 4680 1516 4740 celebrata
1537 4678 1591 4739 init
1613 4679 1699 4740 screa
1726 4692 1784 4759 pro
1808 4682 1935 4761 exequiis

1145 4780 1238 4841 bonae
1261 4796 1348 4840 mem.
1369 4780 1492 4840 Carolae
1515 4778 1595 4859 Cipri
1623 4780 1748 4858 Reginae
1760 4802 1770 4854 ;
1797 4783 1935 4843 interlue-

1149 4892 1219 4941 runt
1252 4878 1316 4938 RR.
1346 4878 1408 4939 DD.
1444 4879 1613 4940 cardinales
1646 4867 1935 4955 vicecancellarius,

1147 4980 1378 5049 Meditsianensis,
1401 4978 1629 5057 Portugalensis,
1653 4976 1889 5052 Raahauatensls,
1902 4982 1935 5044 de

1147 5077 1319 5150 Comitibus,
1341 5077 1515 5151 Parmensis,
1537 5080 1570 5139 S.
1591 5080 1721 5159 Georgii,
1747 5081 1783 5142 de
1803 5081 1935 5156 Sabellis,

1147 5178 1312 5249 Columna,
1333 5178 1368 5238 de
1390 5178 1528 5250 Ursinis,
1545 5191 1576 5240 et
1602 5182 1762 5253 Ascanius3
1785 5180 1852 5242 data
1870 5184 1935 5243 lue·

1147 5288 1217 5338 runt
1236 5279 1376 5339 iniustitia
1393 5290 1449 5339 eto.

1187 5378 1272 5440 Paris
1299 5381 1411 5456 quinta,
1434 5378 1483 5438 li.
1516 5379 1666 5451 octobris,
1695 5379 1750 5440 SS.
1776 5381 1814 5441 l).
1844 5381 1879 5442 N.
1907 5382 1935 5442 ia

1147 5498 1228 5541 mona
1246 5480 1386 5557 equitavit
1406 5478 1443 5538 ad
1463 5482 1612 5540 ecclesiam
1633 5480 1735 5542 Beatm
1757 5482 1867 5545 Mariae
1901 5483 1935 5542 da

1188 5700 1223 5759 (t)
1238 5697 1291 5747 vid.
1308 5709 1398 5760 sopra,
1414 5710 1469 5761 pag.
1491 5699 1540 5757 ott,
1557 5702 1610 5748 aot.
1629 5705 1651 5749 s·
