4492 6859
355 614 417 674 tos
829 606 1112 675 construendus
1133 609 1357 674 sbttxsdbttt
1378 609 1504 672 SEXTl.

356 745 422 823 ejus
446 764 564 807 ascensu
586 763 677 823 usque
699 744 736 805 ad
759 746 853 807 altare
877 763 933 825 pro
960 744 1137 825 longitudine

353 848 454 908 altaris
485 856 548 907 erat
570 846 666 918 liber,
688 845 725 905 ab
747 844 815 907 iude
835 856 933 905 autern
956 845 993 904 ab
1011 856 1136 922 unoque

354 948 444 1008 latere
465 947 583 1007 luerunt
604 946 695 1025 posita
716 963 834 1006 scamna
856 944 1063 1024 quintuplicia,
1083 962 1138 1023 pe-

353 1045 423 1107 dlsm
443 1062 508 1109 xvr.
524 1046 664 1125 quolibet,
686 1066 741 1126 pro
764 1048 900 1126 praelatis
920 1047 1029 1126 paratis
1049 1063 1138 1105 coro·

355 1149 463 1209 nationi
489 1148 748 1221 interessendum,
766 1158 794 1207 et
821 1159 903 1207 retro
930 1147 1088 1218 ultimum,
1109 1154 1137 1205 ct

357 1249 490 1328 quintum
512 1265 662 1310 scamnum
684 1268 701 1307 a
722 1267 815 1309 cornu
834 1250 988 1329 epistolae,
1014 1249 1069 1307 boc
1095 1256 1137 1307 cst

338 1334 394 1408 'ad
416 1349 547 1410 dextram
568 1348 764 1410 ascendentem
786 1348 897 1408 dictum
915 1350 1051 1428 planum,
1065 1364 1139 1406 oon-

355 1449 465 1512 tiuebat
485 1451 578 1530 ipsum
608 1450 724 1529 planum
752 1449 882 1509 tribunes
911 1468 1011 1510 versus
1039 1451 1136 1509 locum

357 1562 512 1612 cautorum
525 1569 615 1630 supra
631 1553 748 1631 planum
764 1548 858 1628 majus
872 1553 1006 1631 superius
1028 1549 1137 1611 dictum

358 1670 410 1731 per
431 1651 638 1731 longitudinem
665 1652 770 1731 pedum
799 1668 861 1712 xvr.
895 1662 924 1713 et
959 1650 1137 1711 latitudinem

357 1749 464 1830 pedum
486 1768 531 1824 v.;
565 1762 594 1811 et
620 1752 723 1811 ibidem
753 1753 877 1830 positum
907 1753 962 1811 luit
988 1769 1137 1813 scamnum

356 1851 475 1928 longum
501 1868 569 1910 cum
591 1852 732 1930 pectorali
752 1871 807 1931 pro
824 1851 1000 1915 Oratoribus
1022 1853 1136 1932 Regum

356 1961 385 2010 et
417 1950 615 2030 Principum,
647 1953 698 2029 qui
731 1954 911 2013 coronationi
946 1955 1137 2015 interessent:

353 2052 444 2131 posita
463 2056 548 2112 etiam
564 2052 682 2113 luerunt
703 2053 732 2112 iu
754 2056 840 2133 plano
856 2056 952 2134 primo
978 2067 1008 2116 et
1031 2052 1137 2132 majori

353 2154 390 2213 ad
411 2153 541 2215 dextram
564 2156 704 2227 intrante,
720 2157 781 2217 sire
800 2156 977 2227 ascendente,
992 2154 1076 2234 juxta
1092 2159 1137 2218 lo-

355 2273 425 2315 cum
447 2267 613 2328 cantorum,
631 2259 721 2317 multa
738 2274 864 2331 scamna,
876 2276 930 2336 pro
942 2255 1090 2318 Nobilibus
1107 2271 1136 2320 et

357 2356 477 2418 baronis
497 2355 691 2436 Neapolitanis
709 2368 738 2418 et
759 2358 861 2438 Regni.

395 2456 484 2519 Circa
502 2459 595 2517 altare
614 2476 665 2537 per
683 2458 828 2518 tribunam
847 2460 883 2519 ab
905 2471 1029 2538 unoque
1046 2462 1134 2520 latere

354 2559 443 2637 posita
466 2558 585 2618 luerunt
603 2559 691 2637 pallia
712 2559 842 2620 bruccati
864 2562 955 2634 aurei;
976 2572 1056 2622 extra
1078 2560 1136 2621 tri·

353 2657 461 2717 bunam
478 2676 530 2737 per
550 2658 623 2718 illud
644 2666 756 2719 tautum
779 2678 885 2740 corpus
907 2663 1098 2723 transversale
1119 2679 1135 2720 a

336 2768 479 2837 ¹quatuor
501 2760 656 2833 lateribus,
690 2772 720 2822 et
752 2761 789 2820 ab
822 2773 945 2840 utraque
972 2774 1055 2843 parte
1082 2782 1136 2842 per

353 2870 444 2921 toturn
470 2878 572 2920 navem
594 2861 716 2921 mediam
748 2863 884 2923 ecclesiae
905 2864 997 2942 posita
1018 2864 1137 2925 luerunt

355 2962 441 3041 patria
463 2961 549 3021 etlam
568 2961 699 3022 bruccati
719 2975 748 3023 et
769 2964 823 3022 alia
844 2965 990 3043 preciosa,
1014 2983 1137 3026 numero

352 3061 451 3122 lorsan
472 3078 519 3122 oc.
537 3063 581 3122 vel
601 3063 699 3138 circa,
720 3074 749 3125 et
771 3084 876 3145 corpus
892 3066 966 3126 illud
984 3076 1136 3127 transver-

353 3163 412 3222 sale
433 3162 531 3242 pannis
551 3164 720 3224 coelestibus
743 3175 771 3225 et
794 3166 865 3227 albis
884 3167 1014 3227 divisatis
1035 3169 1136 3228 totali-

355 3275 399 3327 ter
414 3278 570 3348 coopertus
588 3268 659 3328 etin
675 3288 707 3329 ea
727 3280 809 3349 parte
823 3290 922 3349 sperae
938 3272 1066 3351 appensis
1081 3290 1136 3351 pro

356 3382 478 3442 ornatu,
500 3381 642 3449 utsupra
671 3371 763 3431 altare
787 3370 882 3449 majus
909 3371 1036 3450 positum
1063 3372 1136 3431 illud

353 3473 472 3550 pallium
488 3471 619 3532 braccati
636 3474 731 3544 aurei,
748 3473 834 3533 ctiam
850 3490 947 3533 omnes
962 3471 1040 3532 illius
1063 3490 1136 3551 gra·

353 3563 408 3622 dus
429 3566 605 3643 cooperiens.

394 3663 434 3723 Et
463 3665 530 3741 quia
557 3663 698 3724 ordinatio
723 3665 922 3724 coronationis
947 3663 1135 3742 husjusmodi.

354 3766 456 3824 saltem
477 3764 573 3842 quoad
601 3763 832 3836 caerimonialia,
866 3765 937 3824 mibi
970 3766 1135 3829 incumbere

355 3863 532 3938 videbatur,
565 3875 598 3924 ut
628 3863 754 3925 debitum
785 3866 872 3926 officii
899 3866 969 3925 mibi
991 3867 1133 3927 commissi

353 3966 469 4027 facilius
490 3968 696 4045 persolverem,
711 3966 764 4026 leci
786 3969 917 4026 rotulum
939 3968 1001 4029 sive
1021 3986 1135 4030 mamo-

352 4067 424 4128 rlale
439 4066 569 4127 omniurn
592 4083 645 4144 pro
666 4083 712 4138 ea,
732 4084 795 4126 mco
813 4063 939 4142 judicio,
957 4053 1157 4129 necessario*

353 4184 443 4240 rum,
464 4164 628 4242 hujusmodi
649 4168 756 4226 tenoris
773 4188 781 4227 ι

394 4268 581 4329 Necessario
588 4287 649 4348 pro
659 4269 864 4330 coronatione
874 4270 1135 4331 screnissimillc-

354 4369 403 4451 pir
422 4367 577 4447 Alplronri
597 4370 635 4429 de
657 4370 820 4451 Aroponio
843 4369 981 4431 Secundi
997 4371 1134 4433 Siciliae

354 4469 459 4551 Rapis.

374 4569 577 4632 ·Triduanum
610 4566 750 4648 jejunium
782 4570 900 4633 destinet
931 4571 1012 4641 Rex,
1039 4584 1067 4633 et
1098 4572 1134 4631 ad

354 4672 584 4731 communionem
606 4691 635 4731 se
654 4682 736 4750 paret
760 4670 903 4752 (intellexi
932 4692 1018 4752 super
1040 4672 1133 4732 bora

356 4768 506 4848 llajcstatc
527 4771 587 4831 Sua
615 4771 671 4832 SS.
697 4773 733 4832 t).
762 4773 796 4833 tt.
826 4793 924 4835 secum
951 4777 1134 4855 dispensasse,

353 4873 431 4952 quod
455 4873 539 4932 unica
561 4882 670 4932 tantum
693 4873 737 4933 die
752 4872 924 4959 jejunaret).

364 5033 373 5047 ,
395 4972 524 5035 Ecclesia
544 4984 676 5053 paretur,
691 4987 720 5036 et
734 4988 854 5037 ornetur
870 4977 985 5057 pannis,
999 4990 1027 5040 et
1040 4980 1132 5058 palliis

353 5074 526 5136 solemnibus
542 5076 701 5152 quomodo
716 5074 779 5137 fieri
798 5088 900 5156 potest,
912 5089 940 5139 et
956 5079 988 5144 in
999 5098 1043 5151 ea,
1060 5099 1134 5159 sug-

353 5187 450 5257 gesta,
471 5176 637 5249 thalamus,
657 5188 687 5237 et
707 5178 837 5255 gradus,
858 5197 892 5238 sc
914 5179 970 5237 ulia
992 5189 1025 5238 ut
1049 5198 1134 5240 com·

353 5276 465 5339 modius
479 5275 542 5339 lieri
563 5286 664 5357 potest

395 5377 547 5439 credentia
562 5398 617 5458 pro
634 5397 726 5453 more,
748 5380 844 5440 tabula
859 5380 965 5441 tobalia
979 5400 1081 5462 magna
1096 5383 1132 5443 ad

354 5488 465 5540 terram
481 5492 632 5558 cooperta,
648 5490 676 5539 et
696 5498 762 5539 rasa
783 5481 906 5561 desuper
928 5482 1133 5559 adornatum,

353 5590 383 5639 st
403 5581 471 5652 alia,
491 5580 636 5643 uidelicet:

395 5680 462 5743 Duo
483 5678 619 5744 flascones
635 5684 731 5761 magni
742 5685 856 5764 argenti
868 5687 1001 5748 inaurati.
1014 5719 1051 5733 -
1064 5687 1131 5750 Duo

1474 355 1482 388 l
1524 371 1534 382 -

1885 605 1997 690 terro

1217 761 1321 823 magna
1336 744 1449 805 bucalia
1464 754 1601 823 argentea
1616 744 1676 804 sive
1691 742 1793 803 centri.
1805 772 1843 788 ·-
1858 740 1926 801 Duo
1943 742 1999 802 alis

1213 843 1326 906 bucatia
1351 846 1486 917 minora,
1503 845 1587 905 etiam
1607 853 1742 923 argentea
1763 842 1824 903 sive
1852 843 2000 902 canut-

1213 944 1280 1007 lluo
1294 945 1464 1007 candelabra
1480 964 1547 1007 cum
1563 944 1761 1004 luminaribus.
1775 973 1814 988 ·-
1831 943 1916 1005 Calix
1932 961 2000 1003 cum

1213 1056 1314 1126 patena
1343 1058 1372 1108 et
1397 1047 1474 1127 palla
1494 1064 1529 1105 nc
1552 1046 1646 1106 tribus
1673 1044 1771 1104 hostiis
1799 1045 1913 1123 magnis
1947 1062 2003 1122 pro

1212 1146 1343 1227 probris,
1358 1167 1393 1208 ac
1408 1166 1464 1227 pro
1478 1146 1646 1219 cardinale,
1661 1164 1696 1205 ac
1713 1145 1807 1205 tribus
1828 1162 1887 1225 pro
1906 1144 2001 1221 Rege,

1212 1263 1286 1325 quae
1312 1248 1382 1308 sint⁴
1399 1250 1484 1326 longe
1511 1248 1637 1307 minores
1662 1265 1716 1325 pro
1743 1249 1953 1307 communione
1974 1255 2004 1304 et

1211 1346 1335 1426 probris.
1350 1379 1390 1393 -
1405 1348 1557 1427 Ampullac
1572 1366 1626 1426 pro
1643 1348 1710 1407 rino
1728 1356 1757 1407 ct
1776 1364 1854 1424 aqua
1878 1364 1934 1424 pro
1954 1364 2005 1403 ss-

1212 1447 1326 1511 crilicio
1338 1481 1376 1493 -
1389 1449 1482 1509 llursa
1498 1467 1565 1509 cum
1584 1449 1840 1528 corporalibus-
1855 1446 2003 1507 Hostiaria

1213 1565 1279 1610 cum
1296 1550 1395 1611 bostiis
1409 1569 1444 1611 ex
1460 1567 1517 1627 qua
1531 1567 1585 1609 suo
1596 1561 1723 1627 ternpore
1737 1548 1931 1609 extrahantur
1946 1544 2006 1606 tres

1213 1648 1322 1711 bustiae
1342 1652 1477 1730 superius
1499 1649 1685 1729 designatae,
1713 1658 1742 1709 et
1768 1667 1858 1728 super
1880 1648 2005 1709 calicem

1212 1760 1378 1829 ponantur,
1402 1751 1462 1812 sive
1484 1767 1571 1828 super
1593 1760 1727 1828 patenam
1743 1782 1783 1795 -
1804 1750 2005 1811 Turribulum

1212 1869 1279 1911 cum
1295 1851 1458 1923 navicella,
1474 1850 1605 1923 cocliari,
1622 1861 1651 1910 et
1665 1851 1829 1911 incenso-
1859 1851 1930 1911 Duo
1949 1852 2004 1911 ba·

1213 1952 1278 2013 cilia
1299 1964 1365 2034 apta
1395 1972 1450 2033 pro
1479 1954 1584 2014 lotione
1616 1971 1776 2026 manuum,
1806 1970 1900 2012 unum
1937 1969 2003 2012 cum

1212 2068 1303 2130 aqna,
1314 2052 1393 2113 aliud
1405 2072 1459 2133 pro
1472 2053 1622 2115 ablutione
1639 2054 1799 2134 recipienda
1811 2088 1853 2098 -
1867 2052 2004 2123 Quatuor

1216 2155 1368 2234 mappulae
1382 2157 1443 2216 sire
1458 2155 1591 2215 mantelia
1605 2174 1659 2234 pro
1675 2173 1813 2214 nranuum
1826 2156 2003 2216 abstersione

1211 2285 1250 2299 -
1264 2253 1358 2316 'l'axea
1374 2272 1430 2314 una
1449 2266 1587 2335 argentea
1608 2275 1666 2335 pro
1680 2256 1789 2335 probra
1805 2256 1952 2317 facienda.
1965 2291 2003 2303 -

1211 2354 1337 2417 Medulla
1356 2358 1436 2437 panis
1457 2358 1627 2436 prolatione
1646 2375 1785 2417 manuum
1801 2369 1868 2437 post
1884 2359 2002 2418 unctio-

1212 2474 1275 2518 nem
1291 2456 1378 2536 Regis
1398 2489 1436 2503 -·
1458 2457 1524 2517 Duo
1535 2476 1601 2515 vasa
1617 2458 1676 2518 sire
1693 2459 1806 2530 bacilia,
1824 2476 1921 2517 ιιιιιιιιι
1937 2477 2002 2518 cum

1213 2556 1296 2630 rino,
1308 2558 1387 2617 aliud
1401 2575 1468 2617 cum
1484 2576 1560 2635 aqun
1577 2577 1631 2637 pro
1650 2557 1795 2618 sacrificio
1811 2570 1841 2619 et
1856 2560 2003 2621 ablutione

1211 2691 1249 2703 -
1271 2658 1328 2718 Vas
1349 2676 1415 2719 cum
1438 2659 1502 2719 olco
1525 2658 1799 2720 cathecuminorum
1812 2692 1854 2704 -
1880 2660 2003 2722 Bombis

1210 2758 1409 2837 adligandum
1425 2771 1452 2819 et
1467 2758 1673 2837 extergendum
1689 2759 1844 2820 brachium
1866 2760 1958 2839 Regis
1976 2771 2001 2821 et

1212 2859 1285 2920 inter
1307 2861 1431 2939 spatulas
1453 2872 1517 2940 post
1538 2861 1700 2921 unctionem
1724 2861 1812 2941 Regis
1834 2894 1873 2907 -
1902 2865 2000 2925 Fascia

1213 2962 1249 3021 ad
1269 2961 1417 3040 ligandum
1437 2960 1595 3022 bombicem
1612 2961 1640 3020 in
1657 2961 1781 3022 brachio
1796 2994 1835 3006 -
1855 2963 1914 3022 Vas
1937 2982 2000 3023 cum

1211 3061 1382 3123 carbonibus
1396 3061 1562 3121 ardentibus
1580 3062 1633 3121 sub
1650 3062 1800 3122 credentia
1822 3082 1879 3142 pro
1903 3063 2000 3123 tburi·

1211 3162 1280 3223 bulo
1305 3196 1336 3206 -
1357 3161 1491 3223 Sandalia
1512 3181 1581 3222 cum
1603 3164 1704 3242 caligis
1722 3195 1762 3208 -

1254 3264 1353 3335 ¹ditare
1368 3273 1488 3342 paretur
1503 3265 1629 3325 solemne
1645 3283 1711 3325 cum
1727 3264 1909 3325 candelabris
1921 3278 1947 3325 et
1959 3274 1998 3325 tot

1215 3364 1420 3438 luminaribus,
1435 3375 1464 3425 et
1479 3382 1568 3425 cruce
1583 3366 1610 3424 iu
1626 3365 1723 3426 medio
1738 3377 1767 3426 et
1784 3366 1933 3443 aliquibus
1952 3386 1999 3426 re-

1212 3464 1310 3543 liquiis
1328 3483 1383 3545 pro
1398 3478 1518 3539 ornatu3
1532 3476 1562 3526 et
1578 3466 1699 3546 desuper
1721 3468 1749 3526 in
1770 3469 1866 3528 medio
1887 3485 1997 3547 ponan-

1214 3577 1264 3626 tur
1284 3568 1379 3626 omniu
1401 3578 1565 3644 paramenta
1578 3566 1759 3628 Pontificulia
1781 3566 1863 3628 rubei
1880 3569 1998 3635 coloris,

1215 3666 1361 3726 videlicet:
1373 3666 1504 3725 dmictus
1517 3699 1557 3711 —-
1568 3668 1683 3727 Alba-
1698 3666 1855 3745 Cingulum
1869 3700 1908 3712 —
1923 3669 1997 3729 Cras

1213 3767 1423 3845 pastoralis-
1447 3767 1528 3826 Stolo
1554 3786 1621 3828 cum
1643 3768 1794 3830 Tunicella
1815 3802 1854 3816 -
1876 3770 1997 3830 Delma·

1212 3870 1323 3928 tica-
1338 3868 1527 3930 Chirotbccae
1544 3902 1579 3914 -
1593 3869 1776 3931 Planctae--
1794 3870 1928 3931 blitra-
1938 3873 1997 3932 Au·

1213 3971 1301 4030 nulus
1324 3968 1499 4030 Pontificalis
1524 4002 1560 4014 -
1581 3972 1667 4031 blitru
1687 3972 1816 4051 preciosa
1839 4012 1881 4022 —
1904 3974 1996 4033 blani-

1211 4074 1297 4151 putus
1318 4104 1356 4116 -
1373 4072 1455 4131 Ensis
1475 4073 1503 4129 in
1528 4074 1632 4150 vagina
1654 4073 1726 4152 Regi
1749 4074 1860 4135 dandus
1883 4107 1921 4118 -
1939 4076 1997 4135 Co·

1212 4190 1283 4232 rona
1305 4172 1385 4250 regin
1408 4188 1474 4231 cum
1496 4191 1548 4231 suo
1565 4173 1656 4234 bireto
1674 4210 1711 4222 -·
1731 4175 1855 4235 Pomum
1871 4207 1906 4219 -
1924 4175 1996 4236 Sce-

1212 4282 1311 4351 ptrum
1327 4271 1521 4330 —Vexillum
1542 4272 1614 4352 llegi
1636 4273 1761 4335 dandum
1779 4279 1805 4334 in
1826 4276 1995 4337 investitura

1212 4406 1250 4420 -
1262 4372 1343 4431 Duae
1359 4372 1447 4432 Paces
1458 4405 1496 4416 —
1509 4374 1540 4432 ln
1553 4393 1645 4434 cornu
1657 4374 1806 4455 Evangelii
1826 4388 1994 4457 paramenta

1212 4489 1265 4550 pro
1287 4472 1439 4545 macone,
1460 4474 1615 4535 videlicet:
1649 4479 1780 4537 Amictus
1801 4510 1840 4521 -—
1863 4479 1938 4540 Alba
1958 4513 1994 4527 -

1211 4573 1367 4652 Cingulum
1376 4607 1412 4617 -
1422 4574 1546 4635 Stola-
1557 4577 1719 4656 Manipulus
1729 4613 1767 4625 -
1780 4578 1944 4641 Dalmatica
1959 4615 1993 4624 —

1211 4676 1242 4734 ln
1265 4695 1355 4736 cornu
1375 4675 1518 4756 Epistulae
1530 4688 1696 4757 paramenta
1719 4698 1774 4757 pro
1796 4680 1994 4753 Subdiacnno,

1212 4775 1363 4837 videlicet:
1396 4778 1526 4836 Amictus
1553 4812 1592 4824 -
1617 4780 1687 4837 ¹liba
1715 4780 1937 4859 -Cingulum
1955 4816 1994 4828 -

1210 4877 1373 4958 llanipulus
1389 4910 1428 4921 -
1446 4878 1788 4942 Tunicella--·l’luviale
1803 4900 1858 4961 pro
1876 4885 1995 4964 cappel-

1211 4982 1275 5040 lano
1293 4978 1404 5058 Legata
1422 4982 1566 5042 assistente
1585 5015 1626 5027 -
1644 4982 1765 5043 l'obalia
1780 4984 1840 5045 sire
1855 4987 1993 5065 mappula

1209 5100 1264 5162 pro
1279 5082 1365 5141 llitra
1378 5117 1415 5128 -
1428 5082 1558 5144 Pluviale
1572 5103 1626 5163 pro
1641 5086 1698 5144 alin
1710 5087 1877 5165 cappellano
1883 5085 1995 5166 Legata

1209 5184 1345 5244 menium
1368 5187 1537 5264 pastoralem
1560 5195 1672 5247 tenente
1691 5217 1730 5229 —
1750 5187 1878 5248 llacnlus
1896 5200 1995 5267 pasto·

1209 5286 1338 5346 ralis.-

1236 5386 1356 5467 'Prope
1372 5387 1475 5447 nitore
1488 5386 1554 5447 rinc
1568 5388 1760 5449 credentiam
1779 5389 1844 5450 sint
1859 5391 1986 5470 poroti:

1251 5485 1338 5548 Liber
1361 5506 1428 5548 cum
1447 5487 1568 5548 Psalmis
1591 5488 1688 5560 Quom
1721 5492 1993 5554 dilemmatam

1209 5588 1394 5649 orationibus.

1257 5690 1322 5752 Pro
1338 5690 1457 5770 teporo
1478 5689 1604 5769 quondo
1622 5711 1655 5753 rs
1670 5692 1824 5772 parebit.-
