4492 6859
305 2660 389 2721 Faria
408 2659 518 2737 quintu,
534 2655 574 2716 ib
590 2653 694 2715 mensis
706 2649 838 2730 augusti,
857 2647 933 2707 inter
949 2646 1052 2705 horam

264 2773 399 2839 orrartana
421 2771 450 2820 et
471 2758 600 2837 quintam
620 2753 733 2825 noctis,
753 2752 799 2811 rel
820 2750 923 2820 circa,
942 2745 1052 2806 Rornae

264 2860 292 2919 in
327 2860 435 2939 palatio
470 2856 626 2937 apostolico
656 2851 732 2932 apud
759 2850 900 2911 Sanctum
930 2845 1050 2907 Petroni

263 2962 293 3020 in
323 2958 466 3039 superiori
499 2975 615 3017 camera
641 2972 722 3024 una,
745 2969 835 3030 supra
854 2948 966 3009 curiam
987 2959 1051 3009 ante

262 3059 464 3119 bibliothecam
503 3054 716 3136 respondente,
747 3051 817 3112 obiit
858 3048 1051 3109 sanctissimus

264 3160 291 3218 in
321 3158 437 3219 Christo
458 3169 541 3237 pater
571 3167 600 3217 et
631 3155 763 3215 dominns
785 3162 899 3223 noster,
920 3148 1052 3208 dominus

263 3259 362 3318 Sixtus
380 3257 478 3317 diviua
504 3254 686 3335 providentia
708 3252 787 3332 Papa
807 3259 943 3327 quartus,
966 3244 1052 3323 cuijus

262 3360 374 3418 animae
395 3353 582 3438 Omnipotens
601 3372 654 3415 sua
673 3354 777 3432 pietate
798 3347 929 3410 misereri
950 3346 1053 3426 digne·

265 3470 323 3518 tur.
343 3461 443 3517 Amen.

305 3555 370 3627 Quo
391 3556 537 3628 defuncto,
549 3564 689 3615 venerunt
704 3551 740 3612 ad
755 3549 898 3611 Palatium
913 3564 1053 3607 reveren-

264 3657 369 3715 dissimi
396 3655 502 3715 domini
529 3653 696 3715 cardinales
723 3653 751 3711 in
780 3649 861 3713 Urbe
890 3656 1053 3727 praesentes

264 3774 384 3828 ornum,
405 3765 435 3815 et
455 3773 506 3834 per
528 3771 690 3825 cameram,
705 3752 734 3811 in
756 3769 813 3829 qua
834 3748 985 3809 defunctus
1002 3743 1053 3823 ja-

264 3854 347 3914 cebat
368 3872 455 3934 supra
478 3854 595 3925 lectum,
615 3864 692 3914 reste
714 3851 838 3930 quadarn
860 3850 945 3927 longa
964 3867 1051 3926 supra

265 3953 411 4014 cananiam
434 3952 563 4022 indutus,
582 3969 670 4031 supra
691 3962 791 4031 pectus
810 3967 928 4010 crucem
948 3947 1053 4009 babens

266 4052 400 4113 manibus
416 4053 591 4131 compositis,
610 4050 747 4112 defuncto
767 4051 959 4111 reverentiam
980 4067 1053 4128 pro·

264 4153 383 4213 tundam
404 4150 545 4212 iaciebant
569 4149 799 4225 cardinalarem3
824 4162 887 4211 trun
908 4148 1053 4210 intrabant

265 4254 363 4314 aulam
381 4269 516 4332 maguam
533 4270 623 4332 prope
639 4251 744 4312 dictam
760 4270 916 4325 cumeram,
931 4268 986 4331 pro
1001 4269 1053 4311 rc·

266 4355 321 4414 bus
340 4352 505 4415 ordinandis
525 4352 653 4413 locuturi
676 4349 731 4435 (l).

306 4452 467 4532 Deputatua
487 4452 542 4511 luit
561 4451 711 4531 episcopus
738 4450 882 4531 Septensis
902 4449 948 4533 (b)
969 4450 1051 4530 capi·

266 4564 387 4626 tanaus,
413 4551 474 4615 sire
503 4551 683 4635 gubernator
714 4547 875 4632 Capitolii3
902 4552 1051 4632 episcopus

305 4829 342 4885 (t)
359 4846 370 4868 ·
388 4826 408 4876 E
424 4826 448 4875 la
464 4830 538 4875 natta
554 4826 686 4885 venando,
695 4824 736 4874 ira
754 4825 777 4875 la
794 4827 809 4874 l
825 4837 840 4875 e
858 4823 882 4873 la
898 4825 912 4873 5
928 4836 974 4874 ora
985 4823 1050 4886 Papa

266 4906 335 4958 sisto
357 4903 424 4953 mori
433 4938 442 4965 ,
458 4916 473 4953 e
489 4904 560 4967 dopo
577 4906 601 4953 la
618 4908 704 4954 morta
724 4918 773 4967 per
792 4904 890 4967 ispanio
905 4902 932 4953 di
949 4902 1047 4953 un'ora

266 4982 401 5033 andarono
413 4996 428 5032 a
438 4982 547 5032 Palazzo
560 4983 620 5034 tutti
634 4983 641 5031 i
654 4984 794 5043 cardinali,
805 4996 819 5033 e
837 4982 910 5033 molti
921 4983 981 5032 altri
993 4981 1053 5031 l’re-

268 5064 329 5121 lati;
345 5076 359 5111 e
375 5063 456 5112 ltoma
471 5062 601 5113 comiaclo
617 5062 651 5112 ad
667 5064 767 5113 andare
783 5064 809 5112 in
827 5061 967 5124 bisbigllo,
983 5064 1010 5109 et
1026 5063 1051 5110 in

266 5144 361 5202 questo
373 5138 399 5188 dl
412 5139 434 5188 si
448 5140 575 5190 comiaclo
587 5154 601 5188 a
612 5139 718 5191 battere
736 5139 848 5191 Patisco.
866 5160 876 5182 ·
894 5140 936 5188 Sic
954 5139 979 5188 ln
991 5138 1053 5189 Dio·

266 5222 306 5270 rio
329 5220 356 5268 dt
382 5220 460 5269 Romo
476 5217 518 5268 del
540 5220 635 5278 Notajo
650 5218 677 5269 dl
692 5220 850 5281 Antiporto,
874 5218 1052 5270 tellumoni

267 5299 359 5349 lteram
373 5298 524 5349 italicorum
534 5297 689 5359 Scriptores,
702 5301 761 5347 tom.
775 5297 813 5348 lll.
829 5309 856 5358 p.
867 5297 897 5347 ll.
907 5308 967 5359 pop.
984 5296 1053 5346 1088.

302 5380 341 5436 (2)
357 5376 462 5425 Dnobus
479 5374 560 5425 Codd.
575 5376 641 5426 ltss.
658 5378 752 5440 legitur
768 5374 992 5437 Septempedonua,
1006 5374 1054 5423 sed

268 5457 355 5505 minus
372 5461 460 5513 racte;
476 5468 535 5504 nam
552 5454 671 5505 Ecclesia
693 5455 917 5517 Septempedana,
939 5453 1053 5506 testibus

269 5534 398 5597 Ugbellio,
419 5538 446 5584 ct
462 5536 564 5583 Joaane
580 5532 675 5583 Carolo
691 5535 805 5586 Gentilio
826 5534 946 5595 ejusdem
963 5532 1055 5583 Eccle-

269 5615 325 5662 siae
342 5614 544 5672 illustratore,a
560 5612 634 5661 Sixto
650 5612 717 5676 Papa
734 5613 752 5663 v
768 5612 819 5664 luit
835 5614 868 5664 ad
884 5614 1055 5676 episcopatus

269 5693 397 5743 bonorem
415 5697 509 5741 evecta
526 5692 602 5741 annis
621 5692 689 5741 1586.

1120 2642 1298 2719 Cerriensis,
1310 2648 1473 2725 capitaneus
1492 2658 1593 2727 portae
1611 2647 1715 2709 Palatii
1727 2643 1807 2730 a'pud
1824 2647 1902 2711 San·

1117 2757 1197 2807 ctum
1216 2745 1337 2807 Petrum
1348 2768 1359 2819 3
1379 2747 1416 2808 nd
1438 2749 1564 2827 singulas
1584 2762 1684 2828 portas
1703 2747 1792 2812 Urbis
1808 2747 1902 2830 depra-

1117 2849 1170 2907 tati
1188 2847 1358 2929 Scriptores
1377 2850 1540 2929 apostolici,
1561 2851 1697 2923 curiales,
1710 2860 1740 2911 et
1753 2851 1831 2910 cives
1849 2867 1901 2911 ro·

1117 2949 1193 3008 marri
1227 2950 1357 3021 mixtim,
1385 2950 1628 3027 commissumque
1663 2960 1696 3009 ut
1725 2948 1902 3010 scriberetur

1116 3048 1249 3110 omnibus
1269 3048 1452 3128 Principibus
1472 3061 1527 3111 etc.
1550 3060 1580 3111 et
1598 3050 1697 3111 Terris
1711 3060 1741 3111 et
1762 3046 1904 3110 Officiali·

1118 3149 1172 3208 bus
1192 3160 1247 3210 etc.
1269 3148 1304 3211 de
1324 3149 1405 3210 obitu
1437 3149 1542 3229 Papae.
1570 3149 1707 3230 Deputati
1735 3162 1802 3211 sunt
1831 3155 1903 3211 certi

1117 3246 1282 3309 Cardinalca
1295 3266 1350 3328 pro
1366 3249 1494 3309 custodia
1512 3248 1630 3322 Palatii,
1651 3262 1680 3312 et
1698 3268 1800 3313 rerum
1815 3270 1903 3330 expe·

1117 3348 1240 3424 ditione,
1260 3367 1333 3429 quae
1353 3360 1550 3410 occurrerent.

1160 3450 1231 3510 Post
1251 3450 1379 3528 quintam
1402 3450 1505 3509 boram
1525 3450 1669 3513 Jobannes
1694 3449 1787 3512 illaria
1807 3450 1903 3513 socius

1117 3569 1211 3623 meus,
1229 3551 1258 3610 in
1278 3550 1367 3613 domo
1381 3569 1445 3611 mea
1461 3570 1507 3613 me
1529 3554 1656 3625 vocavit,
1671 3570 1739 3613 cum
1762 3571 1821 3631 qrro
1839 3554 1903 3614 reni

1116 3651 1152 3712 ad
1180 3652 1319 3731 palatium
1343 3649 1523 3731 praedictum
1547 3653 1583 3713 ad
1609 3652 1800 3713 ordinandum
1828 3670 1903 3731 quae

1118 3754 1275 3816 necesaria
1307 3764 1390 3813 erant
1415 3771 1470 3832 pro
1501 3754 1649 3833 sepultura
1676 3753 1821 3827 deiuncti3
1854 3751 1904 3813 scd

1117 3867 1199 3916 antea
1223 3864 1342 3914 venerat
1361 3851 1396 3911 ad
1413 3852 1557 3914 Palatium
1580 3853 1834 3915 reverendissimus
1848 3851 1904 3913 do-

1119 3959 1212 4016 ntinus
1232 3953 1503 4026 vicecancellarius,
1523 3964 1565 4027 et,
1585 3971 1619 4013 ex
1639 3971 1743 4025 ruore,
1763 3963 1902 4031 sumparn

1118 4075 1173 4135 pro
1186 4053 1328 4115 bullandis
1349 4054 1440 4113 literis
1453 4053 1627 4133 apostolicis,
1638 4068 1741 4112 noman
1756 4048 1903 4110 Pontifiris

1118 4156 1243 4220 deiuncti
1262 4154 1461 4229 continentem,
1479 4153 1575 4233 tregit.
1595 4152 1783 4231 congregatis
1803 4148 1903 4212 deinde

1117 4258 1317 4321 cardinalibus
1332 4255 1360 4316 in
1375 4257 1439 4317 loco
1455 4254 1613 4334 praedicto,
1623 4252 1791 4322 bullatoros,
1807 4268 1902 4319 nares,

1118 4378 1204 4422 aures
1224 4370 1252 4420 et
1272 4359 1432 4438 posteriora
1453 4355 1602 4429 defuncti,
1622 4354 1751 4415 bombice
1776 4353 1914 4423 bolsano

1118 4457 1246 4532 intincta,
1267 4467 1488 4535 constuparunt,
1504 4474 1560 4530 ac,
1581 4453 1781 4535 adjuvantibus
1801 4452 1903 4534 poeni·

1119 4558 1256 4620 lentioriis
1286 4556 1441 4618 ordinariis
1467 4556 1599 4617 basilicae
1620 4553 1720 4616 Sancti
1741 4552 1902 4630 Pctr1,qni

1116 4657 1231 4720 interim
1250 4657 1377 4719 odicium
1402 4656 1604 4718 detunctorum
1630 4655 1709 4717 circa
1735 4653 1902 4715 defunctum

1116 4758 1245 4819 dixerant
1264 4758 1403 4817 submissa
1424 4776 1506 4828 voce,
1522 4755 1693 4835 intelligibili
1715 4766 1820 4825 tamen,
1833 4771 1900 4813 cuna

1116 4868 1233 4939 coperta
1256 4856 1333 4929 lecti,
1354 4867 1383 4918 et
1401 4856 1526 4935 quodam
1546 4873 1653 4936 panno,
1674 4853 1806 4933 quiante
1827 4870 1900 4933 por·

1117 4975 1176 5023 tam
1191 4975 1321 5022 camerae
1334 4956 1497 5037 praedictae
1518 4954 1684 5036 pandiderat
1703 4953 1739 5014 de
1759 4953 1844 5022 lecto,
1866 4948 1902 5012 de

1117 5082 1232 5127 camera
1252 5058 1396 5141 praedicta
1424 5058 1460 5119 ad
1488 5074 1632 5117 moserano
1654 5051 1801 5133 Papagaili
1827 5048 1903 5110 inie-

1116 5165 1225 5226 riorem
1246 5168 1454 5241 portaverunt,
1480 5167 1509 5217 et
1531 5154 1635 5215 ibidem
1656 5152 1682 5213 in
1705 5149 1798 5212 medio
1814 5168 1903 5228 supra

1117 5279 1242 5326 mensam
1258 5261 1372 5338 longam
1394 5257 1502 5317 nudum
1523 5264 1691 5335 posuerunt,
1707 5252 1784 5313 circa
1798 5250 1901 5312 boram

1117 5364 1265 5427 decimam.
1282 5358 1376 5419 llbbas
1393 5356 1492 5419 Sancti
1511 5353 1681 5427 sabastiani,
1697 5352 1828 5425 sacrista,
1846 5350 1902 5410 ha·

1118 5468 1180 5528 buit
1200 5468 1308 5528 lactum
1329 5477 1396 5521 cum
1416 5454 1610 5528 lornimentis,
1631 5454 1699 5515 licet
1719 5450 1757 5512 ad
1775 5451 1901 5512 officium

1118 5578 1249 5630 nostrum
1273 5562 1367 5643 potius
1387 5560 1552 5640 pertineret.
1574 5554 1638 5617 atta
1658 5551 1773 5626 otnnia,
1796 5568 1902 5629 quarn·

1118 5667 1245 5748 primurn
1276 5660 1427 5724 defunctus
1457 5676 1490 5719 ex
1523 5674 1638 5718 camera
1668 5662 1801 5736 portatus
1825 5648 1903 5722 init,
