4492 6859
306 624 369 687 306

350 786 366 816 ι
392 760 457 840 ligo
477 756 605 820 Aloisius
625 755 661 817 de
681 755 826 833 Aragonia
849 756 974 817 clericus
1004 754 1094 816 Giru-

307 862 410 935 censis,
431 859 569 921 Notarius
589 855 627 917 D.
649 854 748 916 Nostri
763 855 871 936 Papae,
886 856 922 916 ab
945 855 999 915 bac
1020 856 1094 915 bora

308 961 338 1022 iu
360 972 444 1022 autea
467 958 559 1019 fidelis
583 976 635 1018 ero
655 957 748 1019 beato
779 955 891 1030 Petro,
913 957 1093 1035 Sanctaeque

305 1057 454 1123 Romanae
484 1057 633 1119 Ecclesiae
663 1069 692 1118 et
726 1056 762 1117 D.
795 1055 830 1117 N.
860 1058 895 1117 D.
929 1057 1093 1118 Alexandro

302 1162 398 1243 Papae
427 1162 515 1222 Sexto
547 1157 669 1237 ejusque
700 1160 919 1220 successoribus
953 1160 1092 1220 canonice

304 1262 491 1323 intrantibus:
504 1278 560 1320 non
576 1277 628 1320 ero
643 1258 671 1318 in
688 1259 776 1332 sacto,
791 1259 921 1330 consilio,
943 1276 1093 1333 consensu,

303 1363 352 1423 vel
370 1360 505 1431 auxilio,
527 1359 606 1436 quod
640 1359 892 1438 ritamperdaut,
925 1370 976 1419 aut
997 1377 1091 1419 mem·

302 1458 414 1532 brum,
435 1461 479 1520 rel
496 1459 649 1536 capiantur
672 1459 747 1519 mala
776 1460 919 1538 captiuum
941 1460 1092 1519 consilium

304 1557 384 1637 quod
406 1577 458 1637 per
479 1578 529 1629 se,
550 1559 594 1617 rel
618 1558 755 1619 nuncium
775 1576 882 1631 suum,
905 1570 963 1618 aut
981 1560 1092 1620 litteras

304 1658 375 1719 mihi
395 1657 535 1719 reddituri
551 1670 619 1718 suut
634 1659 738 1737 signo,
761 1659 853 1721 verbo
875 1660 919 1720 vel
939 1669 1025 1731 nutu,
1047 1678 1092 1722 mc

306 1761 428 1832 sciente,
447 1758 483 1818 ad
504 1777 606 1819 eorum
628 1759 792 1834 damnum,
815 1759 861 1819 rel
883 1759 1091 1839 praejudicium

304 1859 411 1920 nemiui
435 1858 579 1939 pandam:
601 1859 626 1918 si
649 1878 720 1920 sero
742 1859 878 1920 damnum
900 1878 1003 1922 eorum
1027 1873 1091 1921 tra·

306 1960 383 2021 stari
416 1960 550 2032 scivero,
574 1978 630 2039 pro
661 1978 744 2038 posse
765 1977 830 2021 mea
851 1960 1025 2040 impediam,
1059 1973 1092 2022 ut

305 2057 373 2119 ilat:
396 2058 472 2136 quod
496 2060 518 2118 si
541 2078 594 2139 per
616 2079 661 2121 me
680 2060 813 2140 impediri
834 2079 891 2120 non
911 2070 1018 2139 posset,
1040 2080 1091 2140 per

302 2160 444 2220 nuncium
468 2170 520 2219 aut
553 2160 664 2219 litteras
685 2160 727 2219 eis
759 2158 925 2238 significare
959 2160 1090 2233 curabo,

302 2263 349 2322 vel
369 2261 411 2322 illi
432 2277 588 2339 perquem
608 2260 694 2320 citius
716 2259 751 2317 ad
766 2277 868 2321 eorum
890 2260 1023 2320 notitiem
1038 2261 1091 2322 de·

304 2360 445 2421 ducatur.
467 2358 610 2437 Papatum
630 2358 807 2431 Romanum,
827 2369 855 2419 et
870 2358 991 2438 Regalis
1013 2360 1092 2421 San·

302 2461 341 2519 cti
364 2460 462 2531 Petri,
485 2477 520 2518 ac
541 2458 636 2519 omnia
657 2454 728 2535 jura
751 2458 896 2521 Romanae
919 2459 1089 2536 Ecclesiae,

303 2576 378 2636 quae
402 2558 509 2631 babet,
531 2558 640 2637 ubique
659 2560 851 2621 manutenebo
883 2562 948 2621 totis
978 2562 1089 2622 viribus

302 2668 331 2720 et
354 2657 522 2733 defendam,
547 2672 574 2719 et
595 2657 714 2736 adjutor
735 2679 808 2723 ero:
830 2660 949 2739 negocia
982 2660 1088 2721 mibia

299 2758 335 2819 D.
359 2758 392 2818 N.
415 2759 493 2839 Papa
516 2760 688 2833 commissa,
709 2762 756 2821 vel
789 2759 991 2821 committenda
1014 2760 1089 2823 fide·

301 2859 368 2919 liter
399 2877 499 2937 geram
521 2870 550 2919 et
570 2859 693 2920 sollicite
723 2859 899 2940 procurabo.
921 2858 1089 2923 Notariatus

302 2958 397 3020 officia
426 2958 565 3038 praedicti
586 2957 708 3021 fideliter
730 2958 892 3032 exercebo,
925 2959 999 3019 nibil
1033 2961 1089 3020 ad-

302 3059 418 3132 dendo,
435 3060 479 3120 rei
495 3057 647 3119 minuendo
661 3060 720 3119 sine
737 3060 886 3121 roluutate
904 3059 940 3119 D.
960 3058 994 3119 N.
1012 3061 1089 3139 quod

301 3160 434 3219 immutet
454 3158 643 3220 substantiam
664 3169 747 3220 actus
769 3159 840 3219 milti
860 3162 1022 3239 compositu
1041 3171 1089 3221 at-

300 3260 466 3321 testationes
486 3277 574 3338 super
590 3260 729 3339 negociis,
748 3259 946 3336 inquisitiones
968 3261 1088 3321 canoni·

300 3359 461 3420 caudarum
476 3360 705 3439 respicientibus,
722 3359 844 3421 ildeliter
856 3363 884 3421 in
900 3362 1015 3439 scriptis
1031 3360 1089 3421 im·

299 3458 442 3538 poueudas
463 3459 535 3518 mibi
557 3462 586 3520 in
608 3459 802 3533 consistorio,
824 3472 853 3521 et
874 3460 1042 3540 redigendas
1057 3462 1087 3521 iu

299 3561 447 3640 publicam
469 3563 594 3621 formam
618 3561 740 3622 fideliter
763 3562 894 3641 redigam
912 3607 920 3630 .
937 3573 967 3623 et
993 3564 1088 3624 omnia

298 3661 356 3721 alia
378 3679 452 3738 quae
475 3661 581 3738 ubique
603 3662 785 3741 imponentur
808 3681 860 3740 per
881 3662 917 3721 D.
939 3661 974 3721 N.
994 3661 1089 3723 tideli-

299 3771 343 3821 ter
358 3779 511 3841 peragam3
527 3761 626 3822 dolum
648 3780 698 3822 seu
720 3762 854 3822 fraudem
870 3773 970 3822 contra
994 3763 1087 3841 ipsum

299 3862 425 3922 officium
448 3879 504 3922 non
524 3863 706 3923 committam
727 3880 818 3940 ireque
844 3863 986 3924 committi
1014 3881 1087 3924 con·

298 3962 440 4035 seutiam,
461 3973 490 4022 et
504 3962 528 4021 si
546 3962 637 4022 sciam
659 3964 787 4040 aliquem
805 3963 922 4036 dolum,
937 3982 988 4025 scu
1003 3964 1088 4024 irau-

298 4060 363 4123 dem
392 4074 493 4122 contra
517 4062 589 4123 iliud
616 4064 780 4134 committi,
805 4063 841 4122 D.
867 4082 954 4137 meo,
975 4075 1087 4141 quanio

298 4162 385 4223 citius
405 4162 556 4224 commode
578 4174 681 4242 potero
702 4162 837 4226 revelabo
847 4184 858 4237 ;
879 4166 991 4225 litteras
1012 4184 1086 4243 quae

297 4262 428 4343 expediri
451 4262 551 4323 debeat
574 4264 604 4323 iu
628 4263 809 4325 cancellaria
833 4283 890 4324 uon
912 4265 1084 4344 impediam,

298 4382 351 4425 nec
388 4362 522 4442 impediri
553 4364 725 4424 consentiam
738 4386 749 4437 3
781 4366 981 4444 impugnantes
1015 4385 1085 4427 raro

297 4467 409 4525 litteras
431 4468 458 4524 iu
473 4464 652 4525 Cancellaria
674 4465 833 4546 praedicta,
848 4466 990 4546 partibus,
1012 4486 1085 4546 pro·

297 4565 485 4625 curatoribus
508 4566 554 4625 rel
586 4568 713 4646 personis
733 4568 797 4627 aliis
818 4586 869 4646 per
901 4586 973 4646 quas
995 4570 1084 4648 possit

298 4665 449 4744 pertenire
471 4663 507 4722 ad
527 4684 628 4726 eorum
646 4668 792 4741 notitiam,
807 4669 911 4729 nemini
934 4670 1082 4731 revelabo:

295 4775 409 4827 secreta
427 4766 514 4826 etiam
537 4767 592 4825 alia
614 4767 704 4847 ipsius
724 4768 919 4830 cancellariae
940 4789 1014 4848 quae
1034 4792 1083 4832 se-

296 4875 376 4924 creta
407 4884 467 4925 esse
501 4883 689 4944 cognovero,
710 4881 819 4930 secrete
854 4870 972 4944 tenebo,
992 4891 1083 4951 eaque

294 4966 418 5028 scienter
439 4968 543 5027 nemini
561 4968 692 5047 pandam.
711 4970 885 5049 supradicta
902 4973 998 5049 itaque
1016 4992 1082 5034 cm·

294 5065 341 5125 nia
362 5077 391 5126 et
411 5069 524 5146 singula
547 5071 707 5148 promitto,
730 5082 759 5132 ct
775 5068 849 5146 juro
870 5072 1039 5145 attendere,
1053 5084 1081 5135 et

292 5168 450 5229 obsecrare
464 5171 523 5229 sine
545 5170 623 5229 omui
639 5169 725 5243 dolo,
746 5182 775 5232 et
789 5170 893 5233 iraude
909 5215 918 5243 ,
940 5173 1000 5233 sine
1015 5190 1080 5232 ma·

294 5267 377 5339 iitia;
398 5268 441 5328 sic
461 5287 507 5328 me
527 5268 606 5330 Deus
628 5267 761 5346 adjuret,
776 5283 804 5333 et
819 5272 891 5334 haec
906 5272 1013 5334 Sancta
1028 5274 1079 5337 Dei

293 5364 463 5446 Evangelia.
943 5389 945 5394 ’

333 5467 406 5527 Fuit
423 5466 468 5527 bis
489 5466 586 5528 diebus
608 5469 681 5530 iuter
698 5468 770 5532 lies.
787 5470 823 5531 D.
846 5471 1004 5531 dordunum
1020 5469 1080 5530 Pa·

292 5565 453 5628 triarclram
483 5568 696 5631 Antiochenam
729 5571 985 5652 Arcbiepiscopum
1026 5591 1078 5632 ca·

294 5686 440 5748 pannum,
461 5680 489 5731 et
511 5669 704 5732 Alexandrum
727 5671 985 5753 Arclticpiscopuru
1001 5670 1077 5735 Nea-

798 618 1081 684 PON'PIFICA'PUS
1101 618 1327 682 ALEXANDRl
1348 616 1474 679 suxit.

1846 619 1955 705 (ιιιι)

1163 753 1322 832 politanum
1336 769 1423 832 super
1438 750 1637 831 praecedentia
1656 769 1763 833 magua
1779 752 1957 830 differentia3

1163 870 1230 912 uam
1253 850 1437 920 Patriarcba,
1456 851 1617 930 privilegiis
1631 852 1684 912 sibi
1699 871 1715 912 a
1730 849 1804 927 jure
1820 858 1959 916 concessis

1164 953 1207 1011 uti
1230 953 1337 1024 rolens,
1360 950 1471 1011 dicebat
1492 951 1545 1011 sibi
1568 952 1700 1030 primum
1723 955 1825 1014 locum
1852 954 1960 1030 deberi;

1162 1049 1404 1132 Arcltiepiscopus
1428 1070 1497 1111 vero
1524 1052 1553 1110 ιιι
1575 1069 1628 1110 sua
1651 1051 1802 1122 Ecclesia,
1830 1054 1961 1128 civitate,

1162 1148 1310 1224 dioecacsi,
1325 1164 1353 1212 et
1365 1152 1525 1231 provincia,
1537 1152 1652 1231 dempto
1668 1151 1780 1233 [tegata
1793 1154 1830 1215 de
1846 1152 1961 1228 Latere,

1162 1249 1263 1313 cedere
1285 1254 1389 1311 nemini
1425 1252 1529 1312 debere
1558 1252 1721 1327 asserebat,
1753 1266 1782 1317 et
1805 1255 1881 1316 adea
1915 1274 1961 1317 res

1161 1350 1232 1412 baec
1263 1364 1305 1413 est
1337 1352 1486 1432 divulgata
1501 1396 1509 1425 ,
1545 1353 1624 1431 quod
1643 1353 1706 1415 liex
1731 1372 1782 1414 eos
1804 1354 1961 1434 pacificare

1161 1451 1324 1512 desiderans
1343 1463 1372 1513 et
1389 1454 1495 1531 cuique
1515 1456 1612 1515 locum
1628 1472 1715 1514 suum
1736 1456 1878 1528 attribui,
1900 1475 1960 1518 rem

1161 1551 1234 1612 banc
1256 1552 1327 1611 mibi
1345 1555 1487 1613 commisit
1509 1553 1728 1614 terminandam.
1749 1554 1838 1633 Ego,
1860 1567 1961 1615 atten-

1161 1650 1229 1713 dens
1242 1652 1389 1715 Ecclesiae
1403 1654 1620 1715 Patriarcbaies
1635 1656 1702 1715 illas
1714 1667 1849 1734 qttatuor
1863 1654 1960 1733 ajace

1160 1754 1356 1833 privilegiatus
1377 1756 1406 1813 ιιι
1428 1755 1559 1815 ιιιειιιιιιιι
1577 1753 1735 1816 infidelium
1758 1758 1957 1829 constitutas,

1160 1863 1189 1912 et
1203 1865 1355 1934 propterea
1369 1873 1473 1915 eorum
1492 1856 1635 1934 praelatos
1650 1854 1786 1917 titulares
1808 1872 1958 1933 nunquam

1159 1969 1338 2030 possessores
1357 1954 1483 2027 ellectum
1501 1966 1529 2015 et
1546 1956 1633 2016 etiam
1653 1954 1733 2033 quud
1749 1968 1912 2036 propterea
1933 1959 1958 2018 in

1160 2050 1291 2112 Romana
1307 2052 1396 2114 Curia
1416 2055 1569 2135 privilegiu
1587 2074 1691 2117 eorum
1704 2054 1768 2133 jam
1793 2058 1847 2118 diu
1871 2057 1956 2119 oblita

1159 2152 1216 2211 siut
1229 2164 1258 2213 et
1274 2154 1302 2212 in
1324 2156 1452 2233 cappella
1476 2173 1532 2215 ιιοιι
1553 2159 1648 2216 solum
1673 2158 1745 2218 iuter
1770 2156 1955 2234 Cardiuuies,

1159 2252 1209 2311 sed
1232 2270 1323 2331 neque
1340 2266 1404 2333 post
1423 2255 1589 2318 Cardiuales
1606 2259 1634 2317 ιιι
1651 2257 1744 2320 banco
1759 2257 1956 2319 Cardiuaiinm

1161 2349 1260 2413 sedere
1277 2355 1383 2414 uostris
1400 2355 1579 2433 temporibus
1600 2359 1731 2436 permissi
1752 2357 1891 2432 luerunt,
1914 2362 1954 2421 rel

1158 2455 1388 2529 permittuntur,
1419 2456 1469 2515 sed
1501 2458 1595 2516 solum
1617 2458 1694 2519 iuter
1716 2460 1790 2519 alios
1812 2461 1955 2539 praelatos

1159 2551 1285 2629 primum
1312 2553 1408 2613 locum
1431 2554 1537 2616 babent
1550 2578 1560 2629 ς
1591 2558 1669 2635 quod
1696 2559 1755 2618 ridi
1778 2558 1807 2620 iu
1833 2561 1955 2639 quodam

1159 2649 1331 2713 Patriarcita
1352 2654 1530 2718 Antiocheno
1552 2654 1680 2720 Oratore
1699 2659 1789 2739 Regis
1814 2661 1955 2724 Franciae

1158 2752 1194 2812 ud
1216 2756 1416 2832 praestandam
1438 2757 1650 2833 obedientiam,
1671 2779 1728 2821 una
1748 2782 1818 2822 cum
1845 2765 1956 2843 priuci-

1158 2854 1270 2932 patibus
1300 2855 1367 2915 aliis
1399 2856 1435 2916 ad
1468 2858 1559 2919 felicis
1592 2861 1804 2924 recordationis
1843 2865 1953 2924 sixtum

1158 2953 1265 3035 Papam
1288 2967 1427 3034 quartum
1453 2959 1539 3021 misso
1555 3004 1563 3033 ,
1580 2973 1609 3023 et
1625 2965 1788 3026 successise
1809 2965 1839 3025 ιιι
1866 2966 1951 3027 bonae

1158 3056 1313 3117 memoriae
1346 3055 1507 3119 Laurentia
1534 3061 1623 3121 etiam
1653 3063 1826 3124 Patriarclra
1850 3066 1950 3126 Antio·

1158 3156 1250 3216 cbeno
1264 3156 1333 3217 dicti
1351 3154 1486 3218 litaturis
1501 3179 1683 3235 successore,
1698 3176 1727 3224 et
1742 3166 1869 3243 praefati
1886 3165 1950 3226 lor-

1158 3252 1223 3314 dani
1240 3255 1403 3317 immediate
1417 3267 1597 3321 autecessore
1613 3262 1800 3335 similiter,et
1812 3265 1842 3323 ιιι
1864 3264 1898 3325 ll.
1917 3265 1949 3324 D.

1157 3353 1363 3418 Bartholomea
1394 3357 1567 3418 Patriat·clta
1600 3361 1860 3425 llierosolimitano
1888 3367 1949 3445 epi·

1156 3475 1243 3537 scopo
1254 3458 1433 3520 Ferrariensi
1450 3459 1486 3519 ll.
1509 3461 1544 3520 D.
1564 3462 1726 3524 Cardinalls
1746 3464 1848 3526 Sancti
1872 3466 1947 3527 Petri

1156 3556 1192 3615 ud
1215 3558 1337 3618 Vincula
1358 3577 1511 3637 germano,
1526 3561 1554 3620 iu
1570 3562 1698 3623 Romana
1719 3565 1804 3624 curia
1827 3577 1856 3627 et
1878 3584 1946 3645 cap-

1158 3658 1232 3734 pella
1249 3657 1343 3737 Papae
1363 3659 1524 3733 observari,
1541 3663 1594 3739 qui
1613 3664 1742 3742 primum
1759 3667 1860 3726 iocum
1876 3667 1946 3727 inter

1156 3756 1300 3834 praelatos
1322 3757 1416 3838 Papae
1442 3761 1602 3824 assistentes
1634 3763 1825 3838 habuerunt,
1851 3768 1947 3827 decla·

1155 3856 1222 3916 rari
1244 3866 1272 3917 et
1303 3859 1434 3919 ordinari
1454 3863 1590 3940 priosum
1621 3864 1722 3924 locum
1744 3865 1784 3926 D.
1811 3867 1947 3927 Arente-

1152 3958 1287 4037 pircopo
1299 3958 1511 4039 Neapolitano
1535 3961 1568 4022 ιἰι
1590 3963 1732 4035 ciuitate,
1750 3975 1781 4025 et
1797 3965 1946 4027 Ecclesia

1155 4056 1369 4134 Neapolitano
1383 4058 1457 4119 dori
1474 4060 1597 4121 debere:
1614 4064 1781 4125 secundum
1793 4065 1946 4127 Patrius-

1156 4159 1231 4218 clroe
1249 4161 1434 4238 proedicto,
1458 4162 1535 4237 quod
1569 4162 1633 4223 licet
1666 4164 1719 4243 ipsi
1755 4164 1945 4228 Patriaccltae

1154 4257 1355 4338 displicuerit,
1376 4271 1404 4320 et
1426 4272 1528 4320 contra
1548 4262 1602 4321 boc
1631 4264 1784 4340 quemdam
1815 4264 1940 4326 adroca·

1155 4367 1218 4420 tum
1235 4360 1271 4419 ad
1286 4361 1469 4441 allegandum
1486 4363 1594 4422 miserit
1612 4364 1688 4424 iuter
1705 4363 1946 4427 Patriarcbarum

1153 4460 1330 4541 privilegia,
1353 4464 1401 4540 qui
1423 4463 1471 4523 illu
1484 4508 1493 4537 ‚
1527 4464 1581 4525 uisi
1603 4484 1654 4524 suu
1677 4465 1785 4545 culpa,
1808 4469 1942 4529 amittere

1154 4579 1209 4622 uon
1233 4564 1353 4637 debeat,
1373 4583 1428 4643 ego
1446 4577 1539 4625 tamen
1555 4584 1684 4626 assereus
1705 4568 1942 4629 cousuetudinem

1153 4661 1299 4724 Βοιιιειιεε
1320 4663 1426 4724 Curiae
1449 4683 1494 4725 mc
1515 4665 1623 4724 imitari
1645 4665 1772 4738 debere,
1807 4668 1837 4727 in
1859 4670 1944 4729 unico

1152 4764 1301 4842 proposito
1322 4762 1456 4824 firmatas
1482 4766 1609 4844 perstiti.
1634 4765 1762 4827 Tandem
1784 4767 1860 4829 idem
1884 4769 1944 4827 Pa·

1152 4864 1282 4924 triarclta
1304 4864 1371 4924 lecit
1385 4884 1421 4926 ex
1440 4866 1607 4927 necessitate
1623 4868 1761 4929 uirtutem
1777 4912 1786 4940 ‚
1810 4870 1890 4929 venit
1905 4869 1942 4928 ad

1151 4963 1239 5044 Regis
1259 4965 1526 5041 incoronatioaem,
1547 4978 1575 5027 et
1596 4967 1725 5046 primum
1758 4969 1857 5030 locum
1880 4971 1941 5031 Ar·

1150 5065 1334 5145 chlepiscopo
1363 5085 1417 5145 per
1450 5085 1496 5127 me
1518 5068 1580 5128 dari
1602 5069 1743 5148 permisit,
1764 5080 1792 5130 et
1815 5071 1875 5150 ipse
1896 5090 1942 5131 se-

1150 5165 1245 5226 cundo
1267 5184 1335 5226 usus
1356 5178 1408 5227 est.

1190 5266 1274 5326 Feria
1296 5268 1418 5345 quinta,
1439 5286 1497 5331 ru.
1513 5270 1619 5329 mensis
1642 5267 1731 5343 maii,
1753 5279 1940 5331 contractum

1147 5364 1202 5427 luit
1225 5368 1440 5429 matrimonium
1461 5387 1514 5448 ρει·
1537 5370 1626 5431 ιειΙιιι
1648 5370 1682 5431 de
1702 5373 1848 5449 praesenti
1864 5372 1939 5432 iuter

1147 5467 1226 5529 lllus.
1249 5467 1284 5527 D.
1306 5468 1456 5531 ιΙοιιειιιιιιι
1491 5470 1599 5551 Borgia
1633 5470 1724 5531 filium
1756 5470 1813 5531 SS.
1843 5470 1880 5531 D.
1901 5469 1938 5531 N.

1146 5569 1300 5631 Alexandri
1332 5570 1427 5650 Papae
1449 5571 1497 5633 Vl.
1519 5581 1548 5633 et
1582 5571 1716 5631 lllustris.
1739 5570 1775 5631 D.
1799 5569 1937 5631 Sanciam

1146 5669 1181 5732 de
1201 5671 1347 5751 Aragouia
1369 5670 1458 5733 filiam
1492 5673 1670 5753 illegitimam
1699 5671 1766 5748 Ser.
1795 5669 1937 5753 Alpbousi
