4492 6859
350 641 411 703 250

354 796 420 838 nean
442 776 517 837 della
540 775 632 836 Serra
654 774 776 835 militem
798 776 884 836 etiam
907 774 1062 837 Oratorem
1084 776 1146 837 Re·

352 879 398 957 gis
419 875 560 937 Franciac
582 875 762 949 asinistris3
784 893 860 953 quos
879 877 991 936 secuuti
1013 888 1080 937 sunt
1093 877 1143 936 elii

357 978 478 1056 praelati
493 976 598 1036 Palatii
613 986 642 1035 et
662 973 804 1036 Oratores
822 975 883 1034 bini
902 987 931 1036 et
950 975 1028 1048 bini,
1045 995 1080 1035 ac
1095 977 1145 1035 alii

355 1096 436 1138 more
456 1085 606 1138 consueto.
630 1072 771 1136 Oratores
786 1094 814 1153 p.
833 1085 973 1136 venerunt
993 1093 1060 1134 cum
1080 1094 1146 1135 ser·

356 1178 509 1253 vitoribus,
524 1179 585 1236 sive
595 1174 741 1252 equitibus
752 1172 793 1235 80
806 1176 851 1234 rel
862 1176 953 1248 circa,
965 1176 1024 1234 sine
1038 1175 1145 1233 salmis

410 1275 549 1348 Sabbata,
565 1292 641 1336 xxv.
659 1275 736 1344 maii,
753 1273 850 1351 vigilia
873 1274 1065 1346 Pentecostes,
1079 1291 1147 1332 mu·

254 1387 258 1394 “
356 1375 429 1436 tatio
450 1392 627 1453 capparum,
646 1372 701 1433 SS.
714 1372 748 1431 D.
761 1370 796 1431 Ν.
819 1369 939 1450 parbtus
958 1391 1042 1433 more
1061 1374 1147 1432 solito

358 1476 435 1535 venit
455 1473 492 1533 ad
516 1491 659 1553 vesperas,
673 1490 747 1549 quae
763 1473 791 1531 in
813 1473 942 1552 cappella
961 1468 1074 1548 majore
1095 1472 1144 1528 di-

357 1585 420 1634 ctae
441 1583 510 1633 sunt
526 1616 535 1645 ,
553 1583 584 1633 et
621 1574 650 1631 in
672 1590 755 1633 mane
776 1573 908 1650 sequenti
931 1572 1010 1632 venit
1030 1571 1067 1630 ad
1088 1570 1148 1629 Ra·

356 1675 466 1735 silicam
482 1672 585 1738 Sancti
604 1672 683 1734 Petri
702 1672 763 1732 sine
783 1672 967 1744 baldachino,
981 1671 1032 1730 ubi
1047 1670 1147 1731 Missae

356 1776 477 1838 solemni
493 1775 639 1847 interfuit,
651 1793 739 1851 quam
756 1775 914 1835 celebravit
923 1771 997 1833 Rev.
1015 1771 1050 1830 D.
1070 1770 1147 1831 car·

358 1877 460 1936 dinalis
480 1875 515 1935 de
536 1874 657 1937 Ursinis.
680 1862 839 1935 sermonen
861 1873 927 1934 iecit
931 1915 1091 1931 ......
1113 1869 1148 1931 de

357 1974 512 2039 canterino
533 2019 540 2033 .
564 2018 571 2033 .
595 2017 602 2033 .
626 2019 633 2032 .
656 1973 776 2033 ltrttirus
797 1972 931 2051 specialis
953 1967 1044 2046 judex
1065 1968 1149 2028 lilar-

358 2061 452 2148 cbiae,
469 2076 521 2153 qui
544 2074 791 2153 pronunciaturus
812 2070 1004 2150 indulgentias
1019 2068 1099 2126 dixit:
1115 2066 1145 2126 S.

359 2177 395 2237 D.
419 2175 453 2236 Ν.
478 2176 527 2235 dat
553 2174 687 2235 omnibus
705 2184 761 2233 etc.
781 2183 889 2252 septem
916 2188 1004 2230 annos
1025 2179 1055 2229 et
1075 2167 1146 2227 toti·

361 2276 425 2337 dem
448 2276 648 2354 quadragenas
675 2272 709 2334 de
732 2291 802 2332 veru
828 2271 1001 2351 poenitentia
1026 2270 1053 2327 in
1082 2269 1148 2327 sor·

362 2395 410 2436 ma
421 2387 475 2437 etc.
484 2377 548 2435 loco
557 2373 856 2453 indulgentiarumln
869 2370 995 2450 vesperis
1006 2368 1148 2448 hymnum

362 2487 392 2537 et
413 2459 441 2536 in
458 2476 544 2537 Missa
560 2493 677 2535 versum
697 2475 831 2556 alleluja
847 2472 941 2532 voluit
960 2472 1083 2548 integre,
1100 2468 1149 2528 sed

366 2578 460 2637 voluit
483 2576 562 2655 quod
582 2586 715 2636 cantores
736 2572 764 2633 id
784 2574 922 2634 lacerent.
951 2571 1032 2632 Venit
1052 2580 1149 2630 autern

363 2678 401 2737 ad
419 2676 646 2757 genuflexionem
665 2673 702 2734 ad
716 2674 910 2735 faldistorium
928 2672 965 2731 ad
980 2683 1150 2748 utrumque,

362 2787 392 2839 et
414 2796 483 2838 cum
505 2778 645 2838 adversus
663 2775 730 2836 alba
752 2774 885 2836 columba
902 2790 969 2833 curn
991 2771 1079 2831 radiis
1098 2790 1150 2850 per

362 2880 515 2940 cordulam
545 2897 561 2937 a
595 2886 672 2938 tecto
692 2876 830 2936 Basilicae
859 2874 896 2933 ad
918 2884 1028 2934 omrem
1049 2871 1150 2932 almris

364 2982 569 3050 emitteretur,
601 2980 674 3057 ignis
705 2976 837 3036 accendit
858 2987 887 3036 et
907 2974 1053 3035 comburit
1082 2991 1152 3032 cor·

363 3082 452 3154 daut,
473 3091 503 3142 et
524 3079 646 3141 cordula
668 3097 736 3139 cum
767 3078 855 3138 radiis
876 3077 977 3139 cecidit
999 3076 1028 3135 in
1057 3072 1153 3134 medio

361 3184 520 3256 ecclesiae,
548 3194 577 3242 et
608 3182 714 3241 mensit
746 3190 873 3240 mortua.
902 3176 969 3237 illia
1001 3178 1152 3237 observata

362 3295 432 3345 sunt
451 3303 533 3344 more
562 3286 656 3356 solito.

290 3453 302 3472 -.
405 3385 513 3446 Eadem
536 3384 581 3445 dc
613 3382 724 3443 sabbati
745 3397 824 3441 xxv.
845 3380 915 3439 maii
937 3380 967 3439 in
994 3396 1082 3446 mane
1103 3395 1155 3436 re·

364 3498 515 3548 cesserunt
530 3505 564 3547 ex
576 3485 657 3547 Urbe
669 3482 733 3543 RR.
745 3483 774 3541 in
791 3480 910 3543 cbristo
924 3492 1021 3560 patres
1032 3479 1068 3538 D.
1079 3479 1156 3539 Rer-

359 3587 505 3648 nardiuus
537 3582 751 3664 cartaginensis
786 3593 814 3642 et
845 3580 989 3641 lohannes
1022 3579 1156 3639 Pacensis

369 3689 493 3769 episcopi
507 3680 525 3762 ,’
538 3688 676 3748 Sereniss.
697 3685 785 3764 Regis
807 3694 836 3744 et
855 3683 982 3762 Reginae
1003 3680 1156 3760 Hispania-

372 3806 440 3849 rum
457 3786 617 3859 Oratores,
639 3796 666 3845 et
685 3785 750 3845 beri
764 3783 884 3845 recessit
901 3782 974 3844 Rev.
992 3781 1022 3840 in
1040 3779 1157 3841 cbristo

371 3889 405 3951 P.
423 3890 457 3949 D.
473 3888 666 3951 Gondisalvus
677 3885 795 3948 Electus
811 3884 1045 3957 Tarraconensis,
1065 3882 1156 3942 almae

370 3988 459 4051 Urbis
479 3988 678 4060 Gubernator,
695 3986 811 4049 obviam
832 3984 905 4045 ituri
925 3984 1020 4064 Magn.
1043 3982 1079 4044 D.
1101 3982 1157 4042 Di·

374 4089 447 4150 daco
467 4087 560 4170 Lopes
582 4089 616 4151 de
630 4089 712 4149 Raro
734 4087 815 4147 militi
836 4085 873 4145 ad
888 4085 999 4146 Urbem
1019 4084 1156 4157 venienti,

368 4190 572 4262 obedientiam,
594 4190 708 4249 nomine
729 4187 899 4249 eorumdem
917 4186 1006 4265 Regis
1020 4196 1048 4246 et
1064 4184 1155 4264 Regi-

369 4308 445 4362 nee,
467 4308 524 4349 una
558 4306 626 4349 cum
658 4286 744 4347 dietis
773 4287 903 4347 Dominis
924 4285 1157 4357 Tarraconensi,

369 4389 571 4469 Cartaginensi
592 4400 621 4449 et
641 4388 760 4449 Pacensi
780 4386 1159 4469 episcopisConoratoribus

369 4493 431 4552 suis
452 4493 489 4551 ad
511 4493 566 4552 boc
585 4492 749 4565 nominetis,
764 4491 819 4551 SS.
836 4491 873 4550 D.
890 4488 924 4549 Ν.
948 4488 1140 4570 praestiturus
1146 4510 1157 4564 3

369 4603 436 4652 ame
457 4610 586 4669 quorum
619 4610 765 4653 recessum
786 4592 823 4651 D.
844 4592 878 4651 R.
900 4593 1053 4670 episcopus
1082 4589 1159 4650 car·

371 4693 528 4773 laginensis
549 4710 565 4749 a
586 4710 631 4752 rae
653 4692 729 4752 scire
746 4693 838 4753 voluit
857 4692 884 4751 in
906 4710 965 4769 quo
979 4690 1078 4750 babitu
1096 4690 1159 4751 Ur-

372 4792 438 4855 bem
461 4792 572 4853 intrare
586 4791 704 4852 deberet
724 4809 791 4852 cum
806 4792 986 4854 conoratore
1008 4809 1061 4851 suo
1083 4810 1159 4852 novo

371 4896 540 4956 adveniente
561 4893 721 4974 praedicto,
736 4911 772 4953 aa
791 4896 820 4953 in
838 4894 977 4954 mantello
998 4912 1066 4953 cum
1088 4911 1160 4972 cap-

371 4996 493 5076 puccino
514 4994 543 5054 in
565 4995 673 5056 collam
690 5005 882 5067 transverso,
900 5005 930 5055 et
949 4994 1079 5073 cappello
1095 4996 1159 5073 epi-

371 5098 496 5176 scopali,
516 5105 605 5176 prout
624 5096 750 5175 episcopi
771 5115 823 5175 per
838 5095 949 5158 Urbem
968 5096 1060 5154 solent
1074 5096 1160 5174 eqni-

371 5208 457 5273 tare,
481 5199 526 5258 iel
559 5208 706 5275 tamquam
729 5200 842 5257 noviter
866 5197 981 5256 veniens
1014 5214 1081 5255 cum
1102 5215 1159 5275 ga-

373 5299 465 5372 bauo,
499 5300 544 5359 vel
566 5299 695 5360 breviori
719 5300 854 5359 mantello
875 5309 903 5358 et
924 5299 1105 5378 capuccino,
1125 5317 1159 5358 nc

372 5402 505 5481 cappello
525 5411 676 5461 consueto.

416 5499 570 5579 Respondi,
581 5498 657 5576 quod
670 5498 977 5558 licetDominotioSua
992 5497 1070 5559 dicto
1084 5516 1160 5558 novo

375 5596 496 5659 Oratori
517 5619 568 5680 per
588 5600 686 5680 plures
700 5598 788 5660 dietas
809 5598 924 5659 obviam
943 5600 1021 5658 itura
1043 5617 1110 5658 cum
1126 5617 1160 5659 co

374 5699 411 5758 ab
432 5710 514 5760 extra
535 5699 652 5773 veniat,
673 5700 764 5760 etsie
786 5697 867 5777 quasi
894 5697 929 5760 de
956 5716 1032 5761 novo
1059 5698 1160 5761 itinere

843 637 1129 704 PONTlFlcllTUS
1147 638 1369 703 tuuxattuttt
1391 640 1518 703 suxrt.

1893 637 2008 722 (atos)

1211 788 1310 858 utpote
1329 777 1366 836 ab
1387 789 1467 837 extra
1492 775 1670 838 venientibus
1691 777 1847 837 conveniat
1874 774 1902 833 in
1940 773 2009 834 bre·

1213 878 1289 936 riori
1312 877 1448 937 mantello
1466 878 1527 936 sire
1545 875 1677 954 gabbano
1706 885 1735 935 et
1765 876 1902 955 cappello
1926 875 2010 933 solito

1212 976 1366 1057 episcopali
1381 975 1490 1037 Urbem
1506 974 1629 1054 ingredi,
1642 984 1736 1035 tamen
1752 975 1821 1051 quia
1843 973 2011 1033 Dominatio

1213 1078 1273 1138 Sua
1296 1096 1352 1136 una
1376 1095 1444 1138 cum
1462 1076 1580 1136 Pacensi
1602 1086 1631 1135 et
1646 1074 1853 1135 Gubernatore
1874 1073 2010 1154 praelatis

1213 1178 1243 1236 in
1265 1177 1345 1239 Urbe
1368 1175 1526 1246 resideret,
1547 1185 1575 1236 et
1592 1175 1620 1234 id
1640 1174 1774 1235 omnibus
1796 1186 1905 1234 notum
1929 1184 2010 1246 esset,

1214 1276 1362 1337 videretur
1384 1274 1456 1333 mibi
1489 1275 1583 1353 magis
1613 1274 1769 1336 conrenire
1795 1272 1938 1333 introitui
1960 1291 2009 1331 eo·

1214 1395 1304 1448 rum,
1327 1376 1409 1453 quod
1429 1375 1458 1433 in
1480 1374 1624 1435 urantellis
1646 1373 1740 1453 longis
1769 1392 1840 1434 cum
1863 1372 2007 1451 capucino

1213 1476 1423 1545 transversali‚
1445 1485 1473 1534 et
1495 1475 1626 1553 cappello
1653 1484 1793 1535 consueto
1817 1473 2006 1540 incederent,

1214 1593 1302 1654 quam
1323 1575 1429 1645 aliter3
1451 1591 1540 1653 super
1563 1591 1622 1651 quo
1642 1585 1736 1653 posset
1755 1572 1931 1635 Dominstio
1953 1573 2008 1632 Sua

1213 1696 1242 1737 se
1263 1675 1446 1747 deliberare,
1466 1685 1495 1734 et
1515 1693 1571 1753 ego
1591 1676 1725 1735 similiter
1740 1686 1807 1735 ante
1826 1693 1939 1735 eorum
1959 1693 2008 1735 re·

1214 1776 1306 1837 ditum
1328 1776 1351 1835 si
1371 1774 1441 1853 quid
1461 1776 1564 1835 melius
1585 1775 1656 1835 mibi
1680 1776 1833 1837 videretur
1861 1774 2006 1834 Domina-

1215 1876 1283 1936 tioni
1303 1875 1380 1935 Suae
1396 1872 1558 1954 significare
1571 1886 1641 1935 tunc
1659 1877 1773 1936 vellem.
1787 1874 2010 1952 subsequenter

1215 1978 1380 2038 Dominatio
1403 1975 1463 2035 Sua
1486 1974 1556 2034 mibi
1578 1994 1630 2054 per
1661 1986 1808 2036 secretum
1831 1972 2010 2052 significarit

1216 2076 1271 2138 SS.
1293 2077 1329 2136 D.
1352 2074 1386 2135 Ν.
1409 2075 1607 2154 proposuisse,
1631 2077 1704 2136 velle
1723 2075 1936 2137 Serenissimos
1952 2073 2010 2134 Re·

1215 2197 1281 2257 gem
1303 2187 1332 2237 et
1352 2176 1496 2254 Reginam
1518 2177 1669 2255 Hispaniae
1688 2176 1777 2236 etiam
1799 2173 1953 2254 singulari
1968 2174 2011 2232 al·

1216 2278 1335 2339 lectione
1357 2276 1516 2350 bonorare,
1535 2277 1669 2356 ipsosque
1690 2275 1802 2355 Regem
1818 2287 1847 2335 et
1862 2274 2008 2354 Reginam

1216 2375 1403 2437 sanctitatem
1423 2376 1514 2436 Suam
1529 2393 1586 2435 non
1605 2374 1746 2436 mediocri
1762 2375 1923 2437 devotione
1939 2394 2009 2454 pro-

1215 2478 1317 2556 sequi3
1345 2487 1497 2556 propterea
1529 2476 1631 2553 utique
1663 2475 1803 2553 cogitasse
1840 2474 1952 2535 honori
1987 2484 2013 2534 et

1216 2578 1359 2640 devotioni
1379 2573 1548 2653 hujusmodi
1567 2577 1739 2649 convenire,
1758 2574 1838 2653 quod
1873 2574 1951 2636 Rev.
1977 2572 2012 2634 D.

1216 2681 1378 2745 cardinalis
1399 2681 1502 2741 Montis
1521 2679 1649 2760 Regalis,
1666 2678 1847 2740 sanctissimi
1861 2680 1901 2739 D.
1913 2678 1949 2738 Ν.
1962 2698 2016 2741 ue·

1217 2801 1285 2862 pos,
1306 2784 1381 2842 inter
1403 2779 1543 2842 Oratores
1565 2801 1619 2861 pro
1645 2781 1805 2841 obedientia
1840 2776 2013 2855 hujusmodi

1218 2882 1385 2962 praestanda
1405 2892 1650 2954 connumeretur,
1669 2891 1696 2941 et
1712 2882 1806 2961 ipsum
1827 2880 2013 2940 nominatum

1218 3002 1288 3057 esse,
1311 2994 1349 3056 et,
1370 2992 1414 3059 ut,
1424 2982 1576 3059 utriusque
1597 2983 1728 3062 gravitas
1749 2982 1940 3054 observetur,
1962 2982 2015 3041 sibi

1221 3084 1324 3155 videri,
1346 3082 1425 3161 quod
1447 3084 1475 3142 in
1497 3100 1580 3143 manc
1601 3081 1736 3142 introitus
1757 3081 1912 3143 dictorum
1933 3081 2016 3143 Ora·

1220 3196 1320 3244 torum
1343 3182 1510 3262 praedictas
1530 3181 1606 3241 Rev.
1626 3181 1661 3241 D.
1676 3180 1781 3242 Montis
1795 3182 1918 3261 Regalis
1939 3182 2018 3244 car·

1222 3283 1323 3344 dinalis
1340 3283 1375 3343 ad
1388 3284 1563 3361 Burgettum
1584 3283 1681 3343 locum
1702 3301 1755 3362 per
1768 3302 1817 3343 sex
1831 3283 1962 3343 miliario
1978 3283 2013 3341 ab

1221 3385 1302 3449 Urbe
1334 3386 1487 3446 distantem
1516 3365 1647 3461 equitet,
1668 3393 1697 3443 et
1729 3382 1835 3446 ibidem
1872 3381 2014 3446 Oratores

1223 3488 1367 3549 venientes
1398 3495 1555 3565 expectet3
1588 3494 1652 3563 post
1692 3502 1820 3562 quorum
1854 3485 2014 3546 adrentum

1221 3590 1280 3669 ipse
1299 3588 1460 3650 cardinalis
1478 3585 1515 3645 ad
1533 3586 1679 3645 sinistram
1699 3604 1781 3646 suam
1799 3585 1912 3648 habens
1925 3604 2014 3666 pree·

1222 3689 1314 3749 iatum
1347 3687 1383 3747 D.
1404 3686 1547 3746 Didacum
1579 3683 1673 3765 Lopes
1695 3685 1730 3747 de
1762 3686 1869 3760 Raro,
1891 3686 2015 3748 Romam

1224 3790 1336 3863 intret,
1356 3800 1384 3851 et
1406 3790 1471 3869 post
1491 3806 1559 3849 eum
1580 3788 1648 3846 dicti
1665 3786 1918 3859 Tarraconensis,
1940 3787 2017 3849 cor·

1223 3892 1399 3971 taginensis‚
1421 3899 1450 3949 et
1471 3887 1628 3961 Pacensis,
1647 3887 1753 3965 singuli
1772 3888 1850 3949 inter
1871 3888 2017 3968 praelatos

1223 3991 1351 4063 Palatii,
1374 4002 1401 4052 et
1420 3989 1492 4050 alios
1516 3986 1659 4048 Oratores
1686 3988 1716 4047 in
1738 3987 1819 4048 Urbe
1840 3988 2015 4059 existentes,

1223 4093 1330 4165 medii,
1351 4103 1381 4151 et
1401 4091 1457 4150 boc
1478 4088 1580 4150 ordine
1595 4088 1705 4165 equitet
1725 4089 1871 4167 usquead
1895 4088 2014 4149 domum

1224 4191 1296 4253 Rev.
1316 4191 1350 4250 D.
1375 4189 1490 4249 Ascanii
1506 4188 1764 4258 vicecancellarii,
1785 4187 1834 4247 ubi
1858 4191 1918 4269 ipse
1938 4190 2017 4249 solus

1223 4302 1389 4373 permaneat
1414 4309 1482 4350 cum
1515 4308 1568 4349 sua
1599 4288 1730 4361 familia,
1763 4289 1915 4368 praelatus
1949 4309 2019 4351 vero

1225 4392 1367 4454 Dominus
1389 4390 1515 4450 Didacus
1535 4387 1645 4469 Lopes,
1668 4407 1811 4450 unacum
1833 4388 1919 4449 dictis
1942 4389 2018 4450 Tar·

1225 4493 1397 4565 coronensi,
1420 4490 1620 4571 cartaginensi
1651 4501 1679 4551 et
1707 4490 1826 4552 Pacensi
1854 4494 1910 4551 iter
1933 4509 2017 4551 suam

1225 4596 1371 4656 continuet
1393 4611 1483 4671 usque
1505 4591 1543 4650 ad
1565 4590 1685 4650 domam
1715 4590 1787 4651 Rer.
1813 4590 1851 4649 D.
1871 4588 2018 4652 cardina·

1225 4695 1258 4755 lis
1280 4695 1314 4755 de
1336 4693 1453 4755 llledicis
1474 4693 1501 4751 in
1522 4690 1632 4771 campo
1643 4692 1760 4762 Florae,
1783 4691 1812 4750 in
1834 4708 1894 4770 qua
1917 4690 2020 4771 hospi·

1226 4808 1341 4858 taturus
1359 4814 1408 4856 era
1431 4792 1577 4873 praelatus
1592 4791 1628 4852 D.
1641 4788 1886 4870 Didacusbop'es:
1907 4790 2018 4868 adjnn·

1225 4916 1294 4978 geas
1321 4914 1428 4956 novum
1464 4912 1519 4954 non
1552 4911 1630 4964 esse,
1657 4890 1735 4970 quod
1766 4890 1929 4953 cardinalis
1964 4912 2017 4972 pro

1225 4996 1304 5076 Rege
1342 4992 1530 5054 obedientiam
1563 5001 1689 5071 praestet
1718 4991 1841 5051 Summo
1872 4990 2016 5053 Pontifici.

1225 5098 1298 5157 Nam
1314 5096 1402 5157 bonae
1424 5094 1579 5156 memoriae
1593 5092 1838 5166 Constantiensis,
1859 5103 1890 5153 et
1911 5093 2015 5153 Attra-

1225 5198 1348 5259 batensis
1382 5196 1549 5258 cardinales
1580 5193 1666 5253 simul
1701 5193 1778 5252 missi
1812 5212 1829 5252 a
1863 5191 2017 5255 Ludovico

1226 5300 1409 5361 Francorum
1431 5296 1511 5375 Rege
1533 5294 1570 5354 ad
1591 5294 1681 5356 felicis
1702 5292 1912 5356 recordationis
1934 5296 2019 5355 Pium

1227 5401 1335 5480 Papam
1367 5396 1559 5469 Secundum,
1595 5396 1638 5456 illi
1674 5396 1788 5456 nomine
1825 5394 1896 5455 dicti
1932 5395 2020 5474 Regis

1226 5500 1416 5561 obedientiam
1435 5498 1642 5577 praestiterunt
1657 5540 1665 5567 ,
1688 5514 1744 5556 non
1759 5496 1832 5556 inter
1847 5494 2017 5558 cardinales

1227 5601 1378 5671 sedentes,
1405 5597 1454 5658 sed
1489 5607 1570 5658 retro
1602 5597 1749 5657 bancbnm
1771 5596 2020 5677 Presbyterorum

1227 5698 1423 5763 cardinalium
1443 5698 1472 5759 in
1487 5699 1553 5761 loco
1566 5696 1728 5759 Oratorum
1745 5709 1885 5760 consueto
1900 5709 2019 5770 stantes,
