4492 6859
291 614 329 674 l!
756 607 959 671 conchata
981 607 1082 669 rost·
1106 610 1253 674 statutt
1275 611 1475 682 dostruat.

291 750 345 808 luit
365 749 457 809 altare
482 767 515 809 ex
541 748 646 808 tabulis
669 747 802 807 honestae
829 745 1022 825 proportionis
1047 745 1083 804 sd

291 851 381 910 instar
392 851 491 910 aitaris
503 848 621 927 majoris
632 866 700 909 cum
714 847 774 908 suis
789 846 929 926 gradihus
943 865 977 908 ac
987 848 1083 927 piano,

291 965 319 1013 et
329 971 416 1032 super
434 952 516 1013 coelo
533 949 655 1028 desuper
669 968 704 1009 cx
718 957 885 1026 paramento
905 947 997 1008 rubeo
1012 965 1084 1008 cre·

291 1057 398 1116 saesiao
425 1070 481 1133 pro
509 1049 627 1111 dicenda
650 1051 734 1109 missa
763 1047 890 1129 Spiritus
912 1047 1011 1107 Sancti
1040 1047 1084 1108 die

291 1155 426 1217 crastina.

331 1255 428 1335 Prope
448 1271 542 1315 cornu
561 1254 695 1334 epistolae
714 1264 814 1332 parata
835 1251 891 1311 t‘ult
914 1268 1010 1311 mensa
1027 1269 1084 1330 pro

290 1356 437 1418 erodentia
457 1367 523 1417 onte
545 1356 637 1416 altore
651 1378 662 1429 3
677 1352 743 1414 binc
759 1367 788 1417 et
806 1353 881 1424 iude,
897 1352 989 1430 spatio
999 1367 1083 1412 com·

290 1457 410 1538 petenti,
422 1456 571 1517 ordinatas
590 1456 709 1517 luerunt
730 1454 860 1515 banchae
871 1473 924 1534 pro
940 1452 1084 1516 Cardine-

292 1559 368 1619 lihus
382 1558 519 1637 episcopis
532 1568 561 1619 et
576 1556 752 1637 probareris
770 1555 805 1615 ad
824 1572 914 1616 cornu
932 1553 1083 1631 evangeiii,

292 1659 327 1718 od
350 1675 443 1719 cornu
464 1658 600 1738 epistolae
618 1675 674 1737 pro
689 1653 815 1717 diaconis
833 1654 915 1732 juxta
936 1653 1083 1715 banchum

292 1764 491 1822 diaconorum.
514 1761 629 1822 bancho
654 1759 811 1822 humiliora
832 1777 887 1838 pro
908 1755 1084 1817 Oratoribus
1117 1749 1120 1768 '

293 1866 395 1937 lalcis,
425 1874 453 1926 et
482 1865 510 1923 in
537 1862 593 1925 hnc
618 1879 803 1925 scamnorum
829 1864 1033 1941 episcoporum
1057 1870 1085 1919 et

293 1968 545 2049 presbyterorum,
556 1981 671 2027 sonnino
683 1964 875 2044 multiplicata
896 1980 951 2042 pro
970 1962 1086 2041 praelo·

293 2071 339 2144 tis,
357 2071 436 2152 quod
457 2087 512 2150 pro
530 2067 734 2129 commoditate
750 2067 807 2128 loci
828 2077 926 2127 actum
945 2077 998 2138 est,
1017 2068 1084 2129 iicet

292 2171 455 2235 Oratorum
473 2172 616 2233 laicorum
644 2172 727 2233 locus
755 2170 793 2229 sit
819 2178 882 2249 post
900 2167 1086 2248 presbyteros

291 2272 470 2345 cardinales,
484 2282 512 2333 ct
528 2274 727 2352 praelatorum
743 2281 806 2350 post
821 2268 969 2341 diaconosc
986 2269 1087 2348 puipl·

293 2386 356 2435 tum
372 2392 427 2453 pro
441 2383 564 2434 oraturo
582 2371 676 2433 stabat
687 2369 769 2449 juxta
786 2371 951 2431 columnam
964 2367 1086 2443 Christi,

293 2478 329 2535 od
345 2494 432 2554 qraam
448 2473 606 2536 demoniaci
621 2474 782 2546 ductantur,
793 2484 826 2534 ut
837 2490 924 2533 orans
939 2473 1086 2552 episcopos

295 2590 324 2640 et
336 2577 504 2641 Cordinoles
518 2578 680 2658 inspiceret.

336 2679 445 2741 Eadem
459 2677 555 2749 diade
570 2675 704 2739 mandato
718 2675 755 2738 ll.
767 2677 802 2738 Ι).
814 2676 975 2739 cardinalis
987 2674 1087 2736 Sancti

295 2784 387 2845 hlarci
401 2781 464 2845 dedi
478 2780 645 2844 custodibus
666 2778 798 2840 cedulam
817 2777 976 2840 secundum
998 2793 1086 2853 qnam

295 2885 432 2949 deberent
454 2883 656 2944 Cardinaiibus
677 2881 825 2941 intimare.
842 2875 1008 2957 hujusmodi
1041 2886 1087 2936 te-

297 2988 395 3050 noris:

340 3114 357 3145 ι
369 3089 521 3150 intimetur
531 3085 653 3166 singuiis
664 3083 726 3147 lili.
738 3085 948 3150 cardinalibus,
964 3085 1088 3163 qualiter

297 3187 361 3250 llll.
378 3189 441 3251 bt).
457 3191 582 3270 deputati
599 3190 678 3252 circo
695 3203 792 3270 gentes
807 3207 972 3258 armornm,
992 3199 1021 3249 et
1041 3188 1088 3250 di-

298 3291 434 3354 visionem
452 3291 508 3353 ioci
530 3291 687 3356 conclavis,
705 3309 739 3352 oc
761 3302 889 3352 castrum
918 3289 949 3351 8.
972 3289 1088 3367 Angell.

296 3394 395 3455 etalio
410 3393 451 3454 eis
466 3395 629 3462 commisso,
647 3391 780 3453 iecerunt
801 3389 925 3453 debitam
940 3389 1090 3450 executio·

297 3511 386 3555 nem.
406 3504 434 3554 et
454 3503 608 3571 propterea
631 3490 785 3569 dignantur
806 3490 851 3551 dle
868 3489 993 3549 crastina
1014 3488 1090 3551 inter

1856 613 1959 696 (emi

1152 750 1278 816 nonmsi,
1289 752 1422 829 episcopo
1436 750 1577 824 blomans,
1593 753 1740 832 episcopo
1752 751 1958 820 mats-t.

1152 848 1282 927 episcopo
1302 848 1476 922 Mantuano,
1495 851 1629 931 episcopo
1655 851 1866 926 cathanend,
1887 850 1958 914 Prn-

1153 948 1317 1009 tbonotario
1340 946 1376 1009 de
1397 947 1549 1013 Praeneste
1572 951 1635 1012 sire
1661 949 1701 1014 ds
1731 951 1958 1026 (ΗΜΛ

1151 1047 1261 1110 lacobo
1280 1048 1503 1130 prothonotario
1528 1051 1564 1114 do
1589 1051 1796 1116 samaeus
1828 1053 1956 1123 Qualiter

1152 1148 1197 1210 die
1212 1151 1348 1222 crastina,
1363 1155 1508 1229 quaeerit
1520 1151 1597 1231 jovis
1614 1153 1657 1216 eo
1670 1156 1847 1236 pnesntie
1860 1158 1956 1217 Μὴ

1151 1249 1279 1327 augusti,
1297 1266 1397 1310 cotom
1410 1249 1474 1310 llll.
1488 1251 1551 1313 DD.
1566 1252 1789 1330 csmtmttbm,
1803 1257 1957 1338 ψωμί-

1152 1366 1232 1408 mum
1262 1351 1400 1410 concleae
1436 1353 1629 1429 intraverint,
1650 1375 1681 1420 ae
1706 1366 1907 1438 praesum
1923 1358 1955 1418 st

1151 1449 1350 1527 exequendum
1365 1469 1397 1509 ea
1414 1469 1489 1530 qaae
1505 1469 1557 1534 per
1574 1455 1690 1518 eosdem
1706 1447 1777 1519 RB.
1792 1449 1869 1518 ΙΙΙ).
1884 1455 1956 1518 ihr·

1152 1547 1261 1610 dinales
1280 1549 1346 1629 ipsis
1367 1553 1593 1615 comminentur.
1615 1577 1633 1610 a

1194 1650 1302 1712 Eadem
1317 1650 1363 1711 dic
1377 1650 1442 1713 llll.
1458 1649 1521 1714 Di).
1535 1654 1703 1720 Gardistslee'
1720 1655 1835 1720 Sancti
1849 1657 1956 1732 Uerri,

1152 1763 1181 1811 et
1207 1752 1305 1811 Sancti
1330 1749 1465 1832 Georgii.
1496 1754 1603 1832 quibos
1625 1755 1776 1821 astrosus
1806 1763 1957 1823 maenae

1154 1873 1204 1932 per
1229 1867 1346 1913 sacrttm
1362 1853 1517 1933 collegium
1532 1857 1684 1918 commissa
1698 1858 1771 1933 mic,
1790 1861 1958 1926 distribue·

1154 1963 1223 2013 ruat
1238 1963 1317 2013 sorte
1337 1971 1466 2014 cameras
1491 1971 1547 2035 pro
1564 1956 1771 2022 Gsrdlnailltne
1790 1961 1958 2044 desim

1155 2054 1209 2115 hoc
1230 2051 1339 2115 ordino.
1360 2054 1498 2135 signatae
1509 2058 1627 2121 inerant
1640 2075 1743 2124 omnes
1757 2079 1905 2126 carneres
1919 2065 1958 2126 il·

1155 2160 1223 2222 teris
1236 2156 1380 2238 alphabeti
1395 2175 1448 2236 per
1463 2158 1604 2232 ordinem,
1621 2161 1744 2240 qamvis
1761 2177 1889 2229 camara
1903 2183 1955 2230 ιιι

1154 2262 1248 2332 litera;
1259 2262 1352 2342 priam
1367 2261 1403 2320 ad
1414 2261 1570 2330 sinistram,
1586 2261 1718 2325 videlieet
1729 2279 1834 2328 cornu
1848 2267 1955 2349 episto-

1155 2361 1199 2421 lae
1226 2362 1325 2422 altaris
1349 2361 1495 2442 cappellae
1519 2361 1652 2441 maioris,
1676 2371 1705 2430 ln
1730 2379 1794 2446 qus
1818 2370 1957 2432 maclam

1154 2476 1233 2535 crat,
1253 2466 1363 2544 signata
1379 2465 1433 2526 iuit
1449 2468 1486 2540 Α,
1500 2467 1626 2530 secunda
1640 2465 1680 2543 B,
1693 2471 1785 2533 tertia
1807 2469 1850 2540 G.
1871 2484 1902 2535 et
1918 2473 1956 2537 alc

1155 2564 1190 2625 dc
1205 2564 1316 2627 ceteris.
1335 2565 1436 2627 'l'ertia
1457 2566 1568 2630 decima
1589 2585 1706 2632 camera
1731 2569 1764 2632 ia
1788 2571 1848 2634 iilo
1868 2573 1955 2638 latere

1155 2666 1211 2728 init
1235 2667 1346 2746 signata
1374 2667 1413 2738 ll,
1434 2685 1522 2747 quarn
1546 2667 1647 2730 habult
1665 2667 1704 2730 a.
1725 2667 1768 2734 Ι).
1789 2669 1956 2738 (tarttmtts

1156 2765 1257 2828 Sancti
1277 2767 1368 2828 ilorci
1380 2790 1389 2841 3
1401 2768 1456 2829 lult
1477 2769 1661 2849 proximasti
1680 2771 1792 2835 attium
1808 2775 1956 2858 cappellae

1157 2868 1303 2948 predictae
1314 2869 1349 2928 ad
1359 2868 1502 2931 dexteram
1511 2872 1663 2950 intrantis3
1675 2875 1766 2936 aliern
1777 2873 1810 2938 in
1824 2879 1955 2960 oppeto

1158 2969 1234 3031 illins
1248 2971 1334 3031 etiam
1347 2970 1440 3031 hostio
1454 2971 1672 3051 proximiorem,
1687 2973 1795 3040 hahuit
1811 2975 1956 3042 cardim-

1157 3071 1191 3132 lis
1204 3071 1405 3152 Neapolitanus
1423 3073 1459 3133 ad
1473 3075 1617 3136 sinistratn
1628 3075 1778 3153 intrantis,
1787 3091 1820 3143 et
1838 3083 1892 3146 llio
1905 3081 1957 3147 tut

1156 3178 1266 3256 signato
1281 3176 1356 3251 0,et
1367 3193 1488 3256 aequem
1500 3176 1540 3250 1¹3
1550 3177 1593 3238 sic
1604 3177 1639 3240 de
1650 3179 1713 3240 allis
1722 3179 1853 3261 sistatis
1863 3185 1956 3248 oanni-

1156 3278 1210 3339 bras
1221 3279 1485 3357 camerisquarum
1497 3291 1637 3340 numerus
1648 3287 1713 3343 orat
1724 3279 1785 3357 aa,
1795 3299 1862 3348 una
1875 3305 1957 3351 exee-

1157 3390 1216 3456 pta‚
1232 3380 1341 3440 scilicet
1354 3380 1458 3441 ultima
1473 3379 1509 3441 ad
1522 3380 1667 3444 sinistram
1684 3385 1823 3448 intrantis
1839 3389 1956 3472 cappel-

1158 3481 1224 3552 lae,
1247 3497 1322 3559 quac
1345 3489 1409 3541 erat
1435 3499 1526 3561 prope
1547 3483 1669 3555 ostium,
1686 3499 1747 3564 qno
1766 3487 1907 3553 intratur
1923 3487 1956 3551 ai

299 3595 403 3654 haram
421 3592 460 3654 lb
474 3603 502 3653 et
521 3591 560 3652 lh
576 3593 710 3652 interesse
724 3591 825 3653 missac
836 3591 870 3652 de
886 3590 996 3669 Spiritu
1013 3588 1090 3649 San·
1159 3598 1304 3642 cometem
1315 3579 1460 3642 Sottitifie
1471 3582 1499 3642 in
1512 3599 1605 3646 cornu
1615 3583 1759 3665 evangelli
1771 3590 1893 3666 altaris;
1903 3589 1957 3653 lbi·

300 3708 348 3754 cto
364 3695 393 3753 in
407 3693 524 3753 basilico
535 3691 634 3752 Sancti
650 3689 730 3752 Petri
745 3710 797 3771 per
811 3689 847 3751 ll.
858 3691 893 3750 Ι).
907 3689 1089 3752 cardinalem
1159 3681 1224 3744 dem
1234 3681 1271 3742 R·
1285 3682 1321 3742 ὓ.
1336 3681 1497 3745 cordinello
1512 3683 1612 3747 Sancd
1625 3683 1746 3767 Georgii
1761 3685 1829 3753 herl
1840 3687 1955 3755 ierim

301 3790 400 3852 Sancti
415 3788 506 3849 hlarci
522 3785 726 3861 celebrandao;
740 3788 825 3847 missa
840 3783 919 3847 finita
929 3787 1014 3847 iacict
1025 3803 1090 3846 scr·
1158 3782 1310 3844 schedulas
1328 3802 1430 3864 pares,
1452 3783 1610 3863 quemlihet
1629 3801 1688 3847 ono
1710 3783 1797 3850 thera
1811 3785 1955 3872 alphabeti

301 3909 415 3951 manem
429 3887 466 3950 ll.
481 3885 515 3950 P.
537 3888 572 3949 [l.
591 3886 764 3950 Gniiielmus
780 3888 813 3950 de
830 3888 994 3956 Perteriis,
1015 3887 1092 3947 sacri
1159 3885 1352 3965 signatom‚et
1363 3900 1410 3945 eos
1424 3883 1610 3963 singulariter
1625 3885 1745 3966 plicatas
1758 3885 1831 3968 poni
1849 3887 1882 3950 ht
1897 3871 1955 3953 ttae

300 3991 399 4069 palatii
423 3988 570 4070 apostolici
592 4005 746 4050 cansarum
768 3988 893 4054 onditar,
917 4002 976 4064 qtro
997 3981 1090 4058 inito,
1160 3986 1291 4051 birreto,
1317 4001 1404 4063 quem
1429 3985 1503 4046 alter
1529 3985 1629 4046 rmuts.
1653 3983 1691 4046 tt.
1716 3985 1754 4048 ll.
1779 3985 1826 4050 tlh
1855 3985 1955 4052 Ueneti

299 4090 547 4171 processionaliter
562 4089 598 4149 ad
613 4107 730 4150 sacrum
746 4089 883 4150 cancloro
898 4087 978 4148 ituri.
997 4110 1012 4141 s
1160 4084 1279 4164 Georgii
1290 4084 1449 4145 nominarit
1464 4083 1765 4168 successireslngnios
1773 4083 1953 4164 &rotate

341 4190 451 4252 Eadem
466 4190 522 4250 dic.
537 4189 573 4250 de
588 4189 722 4248 mandato
740 4187 775 4247 ll.
800 4189 836 4247 ll.
859 4186 1019 4248 cardinalis
1037 4187 1091 4246 vt·
1160 4195 1190 4245 ct
1204 4186 1252 4246 illc
1272 4202 1329 4264 pro
1349 4183 1476 4262 quolibet
1493 4186 1641 4250 nominato
1658 4203 1747 4248 noant
1773 4179 1954 4262 schedulam,

302 4291 522 4362 cecancellarii‚
541 4288 653 4349 nomine
674 4288 750 4348 socri
773 4288 885 4367 collegii
915 4287 1090 4352 mandantis.
1161 4295 1189 4346 et
1211 4282 1330 4363 quilibet
1350 4282 1459 4363 accepit
1481 4284 1560 4345 illam
1581 4299 1745 4360 camemm,
1763 4271 1855 4366 qnae,
1872 4289 1956 4352 ttora

304 4390 366 4452 dedi
388 4389 519 4451 cedulam
540 4388 625 4448 aliam
648 4388 818 4449 cursoribus
841 4388 877 4447 ad
902 4388 1090 4450 intimandum
1159 4384 1189 4442 itt
1210 4381 1347 4443 schedula
1369 4379 1482 4462 posita,
1503 4385 1613 4465 signata
1638 4395 1713 4448 crat.
1737 4383 1833 4450 Facta
1849 4385 1955 4469 hujus·

305 4501 391 4570 prout
406 4491 435 4550 ia
450 4507 482 4549 es
500 4488 674 4558 continetur,
688 4486 854 4565 hujusmodi
869 4486 987 4549 tenoris:
1162 4481 1240 4544 modi
1255 4482 1464 4555 distributione,
1480 4487 1641 4565 appositum
1654 4485 1711 4547 luit
1727 4501 1747 4547 tt
1764 4496 1854 4570 tergo
1870 4489 1956 4552 calli·

347 4614 364 4645 a
377 4589 527 4649 lntimetar
546 4585 609 4647 llil.
629 4586 775 4656 Patribus,
791 4606 824 4648 ac
841 4584 1053 4648 venerabilibus
1064 4598 1091 4646 et
1162 4583 1210 4646 bet
1223 4582 1378 4644 schedulae
1389 4599 1492 4644 nonten
1507 4585 1585 4644 illius
1597 4582 1814 4662 cirdtmttsat,
1825 4599 1862 4650 ex
1875 4599 1955 4669 parte

305 4687 464 4769 magnificis
491 4686 561 4746 viris
586 4685 706 4747 dominis
736 4685 856 4749 Oratnri
890 4685 1092 4764 imperatoris,
1163 4683 1261 4746 Sancti
1280 4683 1399 4763 Georgii
1417 4695 1448 4744 ct
1465 4681 1625 4744 Cameraril
1645 4685 1784 4764 praeisti,
1800 4685 1956 4751 schedulas

304 4790 437 4868 episcopo
450 4782 722 4847 Dranchen.0ratori
738 4788 812 4864 regis
828 4785 957 4865 baptiso,
970 4780 1091 4844 Oratori
1163 4786 1241 4864 ipsae
1259 4785 1379 4864 singuiis
1396 4781 1602 4845 cardinalibus
1619 4784 1647 4843 in
1668 4783 1803 4848 domibus
1824 4787 1956 4868 ipsorum

304 4884 574 4968 rsgtsFerdtmnut,
585 4883 706 4946 Oratori
717 4884 794 4963 regis
805 4879 1092 4963 aarngmassom-
1162 4893 1367 4962 praesentatae,
1384 4893 1416 4942 ut
1431 4882 1588 4942 servitores
1602 4899 1706 4945 eorum
1724 4895 1861 4948 camos
1883 4889 1956 4968 ipsas

303 4986 360 5048 tori
375 4986 456 5048 eiecti
471 4983 631 5062 hlagrtntini
649 5002 700 5062 per
715 4985 841 5063 collegas
858 5001 925 5044 suos
945 4981 1091 5061 deputato,
1160 4979 1243 5059 juxta
1272 4998 1413 5043 canonum
1448 4981 1609 5043 sanctiones
1632 4999 1739 5063 parare
1763 4993 1906 5065 ponent,
1928 4999 1957 5050 et

302 5079 543 5165 'l'hnrcapellerio
557 5077 676 5144 Oratorl
693 5081 853 5155 Rhodiano,
869 5080 1091 5143 Consematori·
1161 5081 1233 5141 oiias
1251 5081 1374 5140 munire.

304 5184 359 5243 bus
387 5181 525 5244 camerae
543 5198 584 5242 ac
612 5179 743 5241 omnibns
766 5179 913 5261 Capitibus
939 5176 1091 5257 regianum
1202 5180 1270 5240 Fuit
1283 5188 1380 5241 autem
1396 5179 1541 5240 conclavis
1563 5178 1634 5242 haec
1655 5175 1820 5263 dispositlos
1840 5179 1955 5265 primas

306 5282 406 5355 Urbis,
415 5283 548 5362 episcopo
557 5279 691 5360 liegicttsi
704 5277 824 5342 oratori
837 5278 1091 5353 duclsllerrnrise,
1160 5279 1244 5340 atalae
1266 5277 1403 5356 majoris,
1424 5280 1554 5342 videlicet
1574 5279 1689 5354 Palatii,
1703 5297 1803 5345 amase
1830 5295 1956 5364 potone,

306 5379 424 5440 Oratori
437 5379 518 5440 ducis
529 5379 690 5452 hledioiani,
703 5376 821 5440 Oratori
837 5378 1089 5450 Florentinarurn,
1156 5389 1276 5458 excepta
1291 5379 1351 5450 iilo,
1368 5395 1425 5457 qua
1441 5378 1477 5440 dc
1491 5377 1613 5442 Camere
1628 5381 1791 5461 Apostollce
1810 5383 1849 5444 ed
1862 5383 1956 5466 lpum

306 5476 426 5541 oratori
447 5477 636 5548 Senotsiutn‚
662 5478 879 5559 archiepiscopo
909 5478 1090 5550 Arelatensi,
1124 5527 1128 5540 .
1160 5481 1256 5539 aulam
1277 5480 1400 5539 intratur
1415 5499 1451 5539 ex
1471 5479 1565 5540 tribus
1582 5481 1658 5553 aliis,
1679 5475 1785 5561 quihtrs
1799 5482 1839 5543 ad
1860 5483 1957 5565 maja·

305 5577 519 5657 archiepiscopo
544 5576 727 5649 Florentino,
753 5577 968 5656 archiepiscopo
995 5576 1088 5637 Bene·
1124 5547 1128 5600 Ι
1161 5597 1233 5649 ram,
1247 5590 1276 5638 at
1297 5578 1438 5638 minorem
1457 5581 1613 5659 cappellae,
1627 5597 1663 5642 ae
1676 5581 1836 5644 secontiam
1854 5585 1962 5646 eniam-

308 5687 440 5752 rentaoo,
460 5677 594 5756 episcopo
616 5675 796 5750 llannetensi‚
817 5678 950 5756 episcopo
964 5675 1087 5736 harchi-
1160 5677 1337 5756 ingrediare
1357 5688 1441 5756 parta
1460 5697 1551 5758 parra
1570 5679 1812 5743 sccundaeaulae
1833 5691 1958 5764 rctpaa'-
