4492 6859
361 621 421 681 ltu

360 770 422 839 post
443 757 568 836 aliquam
601 776 714 818 moram
738 756 935 819 veneruntad
965 755 1149 819 cardinalem

359 860 394 922 de
413 859 532 921 Medicis
572 858 706 920 Senensis
731 868 760 920 et
802 858 989 921 Camerarius
1020 858 1151 919 seniores

359 958 498 1034 Disconi,
530 969 561 1021 et
592 960 716 1023 Ursinus
745 977 813 1020 cum
843 962 967 1032 Ascanio
1002 960 1152 1023 intrarunt

357 1061 589 1133 Consistorium‚
614 1061 748 1123 lecerunt
774 1063 988 1136 reverentiam,
1016 1074 1045 1124 et
1066 1061 1151 1123 sede·

358 1172 430 1222 runt
452 1162 480 1222 in
502 1160 573 1224 loeis
590 1162 660 1221 suis.

401 1262 521 1324 interim
541 1263 682 1323 Dominus
704 1261 833 1325 ntdettus
854 1265 940 1326 silere
960 1264 1028 1325 fecit
1047 1263 1150 1325 savo-

360 1375 460 1424 cetum
479 1376 696 1444 proponentem,
713 1363 785 1424 dum
803 1362 861 1425 duo
879 1364 1046 1427 cardinales
1062 1383 1151 1445 prae·

362 1465 430 1526 dicti
450 1463 555 1536 ultimi,
572 1464 761 1525 reverentiam
771 1466 866 1545 Papae
881 1466 1025 1539 fecerunt,
1036 1449 1151 1544 quous·

364 1584 421 1645 que
442 1566 597 1639 sedissent3
620 1566 698 1645 quod
719 1579 814 1627 tamen
836 1586 893 1628 non
914 1578 958 1629 est
979 1568 1013 1629 de
1046 1586 1151 1641 more,

364 1684 455 1746 neque
472 1685 611 1739 ‘neeesse,
630 1686 698 1728 cum
721 1668 839 1729 illorum
862 1668 997 1729 introitus
1015 1679 1044 1730 et
1063 1686 1151 1730 rere·

364 1770 454 1830 rentia
476 1786 534 1829 tion
555 1768 691 1849 impediat
711 1767 880 1833 Pontificem
904 1771 1058 1849 quominus
1082 1790 1152 1850 pos·

364 1873 401 1931 sit
422 1870 582 1950 intelligere
602 1881 828 1950 proponentem,
855 1872 907 1950 qui
930 1874 1025 1933 solum
1053 1873 1082 1933 in
1105 1875 1152 1934 in·

365 1974 454 2034 troltu
475 1972 543 2032 nasi
565 1970 726 2033 cardinalis
743 1982 772 2032 et
795 1990 945 2052 quousque
968 1974 1016 2035 illc
1035 1975 1063 2034 in
1085 1975 1152 2035 loco

365 2091 418 2133 suo
439 2072 556 2145 sederit,
582 2073 667 2134 silere
689 2074 837 2133 consuevit
844 2096 854 2146 3
876 2091 930 2134 suo
952 2083 1084 2154 ternpore
1104 2076 1152 2136 in·

364 2176 454 2235 travit
474 2191 568 2235 novus
600 2171 783 2245 cardinalis,
805 2174 990 2253 praecedente
1012 2175 1152 2251 Senensi,

365 2284 500 2352 sequente
531 2271 720 2345 camerario,
740 2272 808 2334 feeit
829 2274 1008 2336 reverentias
1029 2294 1153 2338 consue·

366 2387 427 2449 tas,
448 2375 574 2453 primam
588 2381 654 2432 ante
669 2373 830 2451 ingressum
850 2374 1083 2449 Consistorium,
1104 2396 1152 2436 se-

366 2475 491 2535 cundans
518 2482 584 2533 unte
605 2473 711 2533 solium
722 2495 732 2546 3
759 2484 823 2533 turn
845 2492 962 2537 ascenso
984 2477 1077 2549 solio,
1098 2497 1153 2556 ge·

337 2556 344 2572 ’
366 2574 502 2649 nullexit,
523 2576 673 2635 osculatus
693 2584 737 2636 est
754 2576 874 2654 pedem,
896 2574 997 2637 deinde
1011 2596 1152 2653 manum,

367 2689 446 2751 tum,
466 2695 605 2756 surgens,
627 2694 658 2737 os
688 2676 800 2756 Papae,
831 2677 932 2737 deinde
953 2678 989 2737 ab
1019 2678 1153 2739 omuibus

365 2778 566 2841 cardinalibus
586 2777 622 2836 ad
642 2780 776 2839 osculum
792 2789 926 2859 receptus
944 2791 973 2840 et
994 2781 1020 2841 ei
1039 2778 1153 2840 tandem

368 2882 449 2942 locus
462 2891 525 2958 post
537 2878 610 2939 Iler.
627 2878 782 2938 Dominum
799 2878 981 2941 cardinalem
997 2881 1153 2941 Ascanium

367 3001 419 3060 per
441 2999 486 3041 me
508 2979 670 3057 assignatus
679 3000 690 3051 3
712 2979 741 3037 in
761 2996 821 3057 quo
841 2980 892 3041 illo
910 2982 1084 3055 constituto,
1105 3002 1155 3043 se·

367 3081 474 3141 derunt
503 3079 670 3141 cardinales
689 3097 810 3154 omnes,
842 3092 872 3141 et
891 3081 1059 3144 sevocatus
1080 3101 1154 3163 pro-

367 3192 485 3242 secutus
506 3190 548 3241 est
570 3198 686 3240 causam
701 3198 783 3240 suam
795 3202 806 3254 3
828 3199 886 3259 qua
907 3178 986 3241 linita
1002 3193 1030 3244 et
1051 3183 1154 3263 signu-

368 3293 435 3342 tura
456 3300 508 3362 per
528 3280 638 3361 Pupam
661 3298 809 3355 concessa,
827 3281 953 3343 ascendit
971 3283 1007 3343 ad
1028 3281 1155 3345 Pontifi-

368 3401 446 3455 cem,
468 3401 513 3443 me
528 3381 714 3459 praecedente
735 3380 843 3458 absque
859 3380 1060 3443 cardinalibus
1080 3384 1155 3442 ussi·

368 3482 524 3553 stentibus,
545 3480 713 3560 praedictus
732 3480 893 3542 cardinalis
914 3480 949 3543 dc
970 3481 1107 3556 Medicis,
1126 3495 1155 3545 et

369 3591 467 3642 secuta
488 3590 533 3641 est
552 3579 647 3659 ipsum
668 3580 778 3640 familia
800 3598 873 3653 sua,
893 3599 968 3660 quae
984 3593 1043 3644 tota
1065 3581 1154 3644 asu.

370 3682 406 3743 D.
428 3681 462 3742 N.
484 3682 520 3741 ad
552 3683 687 3743 osculum
708 3680 787 3762 pedis
817 3693 934 3763 recepta
966 3693 1024 3743 est:
1055 3686 1155 3745 erravi

370 3796 487 3856 tamen,
509 3784 577 3862 quin
608 3781 682 3843 duos
712 3782 873 3843 assistentes
899 3782 1036 3845 debebam
1067 3786 1155 3846 etiam

349 3876 509 3956 ¹vocasse,
532 3892 566 3942 ut
588 3882 730 3945 venissent
755 3884 792 3942 ad
812 3882 1002 3946 assistendum
1028 3884 1156 3946 interim.

370 3982 495 4070 llecepta
516 3982 552 4043 ad
569 3984 702 4045 osculum
721 3983 829 4045 familia
849 3984 1015 4067 praedicta,
1028 3988 1157 4049 surrexit

371 4084 503 4147 Pontifex
522 4095 551 4147 et
571 4084 600 4144 in
621 4102 737 4146 camera
758 4102 810 4145 sua
831 4103 968 4147 resersus
988 4097 1053 4159 est3
1074 4104 1156 4164 quo,

370 4196 538 4266 paramento
557 4194 660 4257 exuto,
678 4203 777 4245 omnes
793 4185 959 4247 cardinales
974 4185 1155 4265 praedictum

372 4287 408 4347 de
425 4283 545 4349 ldedicis
561 4304 596 4347 co
617 4285 729 4359 ordine,
751 4303 810 4363 quo
825 4284 860 4345 de
877 4285 991 4366 Populo
1010 4288 1098 4360 venit,
1119 4287 1156 4346 nd

371 4387 512 4465 palatium
532 4403 619 4445 suum
641 4385 862 4465 campodorae,
890 4387 919 4446 in
941 4391 1064 4449 maxima
1086 4391 1156 4469 plu·
1187 4460 1194 4474 ι

374 4488 421 4547 ria
440 4487 643 4560 associarunt3
671 4487 777 4565 quibus
798 4499 863 4551 ante
888 4490 1029 4569 palatium
1051 4490 1156 4572 bajus·

373 4585 499 4646 modiin
519 4585 735 4666 campossorae,
756 4589 954 4666 perordinem
976 4592 1156 4664 constitutis,

371 4682 448 4746 idem
477 4684 653 4760 cardinalis,
673 4695 789 4747 retento
815 4700 933 4769 propter
966 4692 1095 4771 pluriam
1128 4692 1156 4751 in

372 4786 465 4867 capite
484 4785 644 4867 capuccino
662 4805 696 4846 ex
716 4785 841 4851 aliorum
862 4788 1061 4852 cardinalium
1082 4810 1156 4853 con·

373 4888 453 4959 silio,
482 4887 603 4967 singulis
623 4888 709 4948 etiarn
742 4891 900 4968 capuccino
926 4910 980 4952 suo
1010 4892 1157 4971 incapite

374 4989 547 5062 tenentibus,
567 5009 603 5050 ex
622 5006 705 5050 more
725 4990 836 5067 gratias
854 4992 912 5069 egit
919 5012 928 5063 3
951 5001 1014 5050 tum
1033 5001 1097 5069 post
1118 4991 1157 5052 il·

375 5091 473 5152 lorum
494 5107 650 5167 recessum,
664 5090 783 5150 domum
805 5109 887 5151 sunm
904 5091 1032 5151 intravit.
1042 5091 1157 5154 Placuit

376 5189 432 5252 boc
453 5190 509 5251 88.
528 5190 564 5252 D.
584 5189 618 5251 tl.
640 5192 720 5271 quod
751 5191 914 5272 praedictus
932 5191 1092 5254 cardinalis
1111 5194 1158 5256 die

377 5291 516 5353 dominica
531 5294 587 5354 iret
601 5292 637 5353 ud
654 5292 831 5374 cappellam,
844 5293 906 5354 sire
919 5295 1068 5355 ecclesiam
1082 5295 1158 5354 Bea-

376 5403 423 5453 tac
444 5393 551 5455 llariue
581 5392 615 5453 de
635 5392 787 5467 llinerra,
807 5393 857 5454 ubi
883 5392 1018 5473 cappella
1042 5403 1157 5454 tantum

283 5543 291 5555 .
375 5502 459 5564 erat,
478 5490 544 5554 licet
563 5493 751 5555 sanctitatem
765 5494 856 5557 Sumo
877 5513 911 5556 ac
932 5493 1004 5557 Rev.
1021 5494 1159 5557 Dominus

376 5592 543 5656 cardinales
561 5613 619 5655 non
642 5596 812 5657 visitaverit.

418 5693 565 5754 Dominiea
576 5696 915 5778 tertiaquadraqesimsc,
924 5698 1059 5778 vigesima
1071 5696 1160 5776 quin·

843 618 1130 684 PDb'TllilchUS
1154 618 1380 683 tnttocsstiutt
1400 620 1553 684 Ochl'l.

1904 622 2012 707 (rim)

1218 767 1246 817 ta
1258 758 1327 818 dicti
1342 759 1446 818 mensis
1468 759 1577 829 martii,
1597 760 1670 821 festo
1688 758 1793 823 Beatsc
1814 759 1930 822 llarlse
1945 761 2011 822 Vir·

1217 859 1291 938 ginis
1307 858 1553 933 Annuuciationis,
1570 859 1625 922 88.
1638 860 1674 921 D.
1692 859 1726 921 li.
1743 860 1865 924 indutus
1884 862 2012 936 amictu,

1217 960 1306 1032 siba,
1336 959 1474 1037 cingulo,
1496 963 1660 1042 capuccino
1690 962 1781 1035 albo,
1811 972 1844 1026 ct
1873 964 1952 1025 stols
1981 983 2013 1025 cx

1217 1061 1306 1141 perlis
1327 1060 1475 1140 desuper,
1493 1062 1682 1139 praecedente
1703 1080 1794 1124 cruce
1816 1075 1846 1124 et
1867 1060 2014 1125 cordius-

1217 1159 1305 1231 libus,
1320 1158 1397 1220 venit
1418 1158 1455 1218 sd
1489 1162 1640 1223 ecclesiam
1660 1162 1766 1223 Beatae
1788 1162 1904 1224 llariae
1926 1181 2015 1244 suprs

1216 1260 1378 1323 Minervam
1410 1268 1466 1321 ete.
1495 1259 1685 1323 deraserunt
1717 1263 1820 1326 deinde
1850 1263 2015 1326 confratres

1216 1360 1463 1423 confraternitatis
1478 1362 1677 1423 Annunciatae
1691 1380 1759 1425 cum
1775 1363 1864 1424 baclll
1880 1363 1922 1424 ad
1938 1361 2016 1425 Pon·

1218 1460 1349 1535 tifieem,
1376 1472 1405 1522 et
1425 1461 1560 1522 Pontifex
1590 1462 1715 1525 Dormm
1751 1464 1920 1527 Gulllelmo
1948 1464 2018 1527 cibo

1217 1562 1369 1624 Cubilario
1391 1561 1453 1622 filio
1471 1562 1609 1641 pecunias
1632 1563 1741 1626 obtulit
1763 1577 1887 1627 centnm
1912 1565 2016 1629 Ducat.

1218 1672 1281 1723 tum
1297 1662 1431 1724 Senensis
1452 1678 1556 1737 unum,
1573 1674 1603 1725 ct
1620 1665 1808 1727 camerarius
1829 1665 1955 1739 decenn
1969 1670 2016 1729 alii

1217 1762 1384 1825 Cardinales
1412 1774 1500 1842 prout
1519 1765 1698 1840 voluerunt,
1719 1767 1864 1829 manius
1885 1779 2018 1850 septem,

1218 1876 1246 1926 et
1267 1864 1393 1926 ldcdices
1410 1864 1526 1940 deeem3
1547 1878 1732 1929 accesserunt
1750 1868 1854 1932 deinde
1872 1869 2017 1931 sexdecim

1219 1966 1332 2044 puellae
1354 1965 1552 2038 maritandae,
1586 1985 1654 2028 cum
1674 1968 1818 2031 sexdecim
1849 1973 2016 2042 matronis,

1219 2076 1249 2125 et
1268 2064 1394 2143 singulis
1414 2064 1546 2126 Pontifex
1566 2066 1642 2128 dedit
1663 2069 1781 2130 bursam
1804 2088 1876 2131 cum
1894 2071 2016 2152 pecunia

1218 2183 1300 2227 more
1315 2166 1400 2226 tolita
1417 2186 1451 2227 ex
1465 2165 1549 2227 bacili
1557 2188 1568 2241 3
1583 2178 1612 2228 et
1629 2170 1744 2248 puella,
1763 2182 1885 2251 recepta
1907 2171 2017 2243 bursa,

1219 2268 1332 2347 prima,
1351 2267 1455 2328 deinde
1477 2278 1610 2330 matrona
1643 2270 1769 2346 ducens,
1791 2273 1901 2353 pedem
1925 2272 2017 2354 Papae

1218 2378 1285 2427 srrnt
1301 2365 1500 2442 deosculatae,
1522 2380 1584 2429 tum
1599 2367 1740 2446 Pontifex,
1757 2371 1880 2435 dimisso
1896 2373 2016 2454 pluviali

1219 2481 1248 2529 et
1269 2471 1378 2541 mitra,
1400 2482 1519 2550 recepto
1540 2473 1700 2550 capuccino
1726 2483 1755 2534 ct
1775 2474 1876 2548 stola,
1900 2474 1940 2534 ad
1960 2474 2016 2535 Pa-

1219 2569 1322 2629 latium
1345 2588 1482 2631 reversus
1502 2580 1546 2631 est
1564 2582 1620 2632 etc.

1262 2667 1371 2730 Eadem
1392 2668 1440 2730 dia
1460 2672 1608 2749 praefatus
1638 2672 1711 2733 lies.
1733 2672 1879 2736 Dominus
1911 2673 2017 2737 Cardi-

1221 2769 1292 2828 nalis
1313 2769 1348 2830 de
1379 2771 1499 2832 Medicis
1520 2772 1600 2855 eirca
1628 2772 1732 2835 boram
1757 2776 1945 2855 ‘vigesimam
1964 2774 2018 2839 st

1220 2870 1388 2950 deputatam
1406 2872 1535 2932 visitarit
1555 2872 1609 2935 88.
1630 2874 1665 2935 D.
1684 2873 1720 2937 N.
1740 2886 1769 2937 et
1782 2874 1858 2939 lies.
1875 2876 2017 2939 Dominus

1219 2971 1388 3035 Cardinales
1399 2971 1522 3034 Sanctae
1534 2974 1714 3049 Anastasine,
1725 2987 1754 3039 et
1766 2976 1870 3039 Sancti
1880 2977 2017 3041 clemen·

1221 3072 1256 3133 tis
1267 3096 1277 3148 3
1300 3073 1379 3134 venit
1399 3093 1452 3154 per
1474 3073 1592 3135 domum
1612 3075 1774 3139 cardinalis
1801 3076 1932 3143 &netas
1952 3078 2016 3140 tta-

1221 3177 1281 3237 riae
1299 3176 1327 3235 in
1349 3176 1493 3248 Porticu,
1516 3194 1604 3255 quem
1620 3178 1714 3238 voluit
1730 3178 1869 3251 visitare,
1891 3178 1942 3241 scd
1957 3198 2013 3241 non

1220 3274 1275 3337 fuit
1294 3288 1428 3356 repertus
1443 3278 1472 3336 in
1492 3276 1588 3338 domo.
1609 3274 1717 3339 Omnes
1736 3276 1909 3365 cardlmles
1925 3299 2012 3361 prse-

1221 3374 1290 3436 dicti
1311 3375 1441 3448 visitati,
1474 3378 1684 3456 cumprimum
1703 3374 1869 3441 cardinalis
1887 3380 1924 3443 de
1952 3383 2016 3445 lle·

1221 3474 1292 3535 dicis
1310 3478 1408 3536 aulam
1434 3475 1623 3539 descendisset
1654 3490 1683 3539 et
1701 3478 1756 3557 ipsi
1773 3479 1893 3543 obviam
1918 3482 2015 3545 renis·

1220 3587 1299 3648 sent,
1318 3578 1451 3637 fecerunt
1468 3579 1492 3638 ei
1509 3596 1628 3659 cuppam
1649 3580 1862 3644 cardinalarem
1881 3584 2015 3658 estralti,

1221 3688 1339 3757 excepto
1353 3678 1617 3753 vicecancellario‚
1639 3682 1770 3760 quicum
1790 3700 1886 3761 usque
1907 3685 1944 3745 sd
1963 3704 2016 3747 cs·

1223 3796 1334 3840 meram
1355 3796 1438 3839 suam
1461 3781 1489 3839 in
1504 3798 1596 3862 cappa
1617 3781 1764 3843 conduxit.

1263 3881 1350 3941 Feria
1381 3880 1523 3954 secunda,
1546 3881 1688 3962 vigesima
1708 3894 1786 3944 sexta
1807 3883 1878 3946 dicti
1911 3889 2016 3948 mensis

1224 3981 1333 4055 martii,
1346 3980 1401 4041 fuit
1417 3980 1627 4043 consistorium
1649 3995 1810 4059 secretum,
1832 3986 1862 4046 in
1882 4004 1943 4065 quo
1960 3987 2015 4049 fuit

1223 4084 1357 4144 clarrsum
1376 4102 1409 4144 os
1431 4081 1503 4143 lies.
1518 4081 1645 4145 Domino
1665 4084 1813 4146 cardinali
1827 4085 1864 4148 ds
1885 4086 2013 4148 lledieis.

1223 4183 1293 4245 Post
1324 4181 1483 4263 prandium
1520 4181 1596 4244 idem
1628 4183 1807 4260 Cardinalis,
1838 4190 2016 4251 transeundo

1220 4280 1304 4360 jnxte
1335 4282 1455 4343 domum
1476 4280 1638 4345 Cardinalls
1671 4285 1705 4346 dc
1727 4285 1859 4361 Ursinis,
1894 4300 1928 4350 ut
1948 4307 2015 4352 cum

1225 4384 1371 4457 visitaret,
1393 4400 1450 4444 non
1471 4385 1600 4465 repperit
1620 4404 1687 4445 cum
1709 4387 1738 4448 in
1759 4387 1846 4453 domo
1851 4410 1863 4462 3
1888 4390 2015 4453 visitarit

1223 4485 1324 4549 deinde
1344 4484 1521 4557 senensem,
1548 4483 1787 4566 Neapolitanum,
1806 4486 2017 4553 linebanatcn-

1222 4604 1305 4660 sem,
1323 4586 1504 4658 Ascanium,
1526 4585 1728 4659 Pmmenscm,
1750 4597 1780 4648 et
1798 4586 2016 4656 camerarium.

1223 4706 1291 4749 cum
1326 4707 1386 4767 quo
1417 4688 1546 4769 repperit
1578 4688 1665 4750 etiarn
1708 4688 1895 4752 cardinalem
1928 4691 2016 4755 Ursi-

1223 4807 1293 4849 num
1314 4784 1369 4872 (l).

1265 5006 1301 5059 (t)
1317 5001 1639 5053 Cardinaliscamersrius
1657 5005 1841 5069 erslliapbsel
1857 5008 2013 5073 Riarlmqui

1226 5081 1255 5132 in
1273 5083 1453 5143 coniuratione
1470 5082 1589 5131 Pauliana
1606 5089 1699 5134 contra
1714 5084 1845 5137 lulianum
1863 5088 2018 5141 etcsurcn·

1226 5161 1289 5211 tium
1307 5160 1340 5209 de
1356 5160 1462 5211 Medicis
1488 5164 1590 5223 petrem
1608 5162 1754 5215 Cardinalis
1771 5164 1896 5226 loannis,
1921 5169 2016 5220 ederet

1226 5241 1251 5290 in
1269 5245 1366 5303 templo
1382 5242 1406 5290 S.
1422 5241 1576 5303 liepsrstsc,
1593 5243 1662 5291 inter
1673 5244 1816 5307 complices
1833 5246 1961 5307 patefacti
1979 5248 2017 5298 fs·

1226 5320 1324 5369 cinaris
1341 5320 1623 5384 eumnmnteptscopo
1641 5322 1754 5372 Salvieto
1779 5324 1812 5373 ab
1830 5326 1955 5377 omnibns
1978 5326 2018 5377 bl·

1226 5399 1332 5448 storlcis
1350 5399 1503 5460 inscriptus.
1518 5397 1663 5451 Cardinalis
1680 5405 1758 5466 igitur
1774 5402 1807 5453 de
1818 5404 1928 5455 lledirls
1946 5406 2017 5455 luter

1226 5478 1339 5540 collegas
1363 5479 1462 5526 invenit
1490 5491 1569 5529 unum
1586 5493 1619 5530 ex
1637 5483 1769 5544 suspectis
1796 5482 2016 5535 interfectoribus

1227 5557 1390 5620 patruisui‚e
1399 5567 1511 5618 quorum
1523 5558 1791 5624 menibus,‘prodigio,
1803 5562 1848 5611 vix
1858 5564 1937 5624 pater
1947 5573 2013 5612 crs·

1228 5636 1270 5684 stt.
1291 5634 1371 5697 ajunt
1393 5635 1583 5693 concorditer,
1600 5637 1665 5688 duos
1683 5637 1855 5699 Cardinatss,
1879 5652 1941 5691 cuns
1958 5643 2018 5705 pri·

1228 5729 1298 5768 mum
1316 5715 1421 5767 obviem
1438 5727 1498 5769 sese
1516 5718 1682 5779 invenerunt,
1698 5720 1799 5781 pallore
1815 5717 1953 5782 profusos,
1970 5723 2015 5770 rix
