4492 6859
366 609 427 674 tta

363 748 548 820 secretarius,
563 747 690 826 scriptor
708 749 896 827 apostolicus,
910 749 1098 812 abbreviator
1115 751 1150 812 de

363 852 457 929 prima
479 848 614 920 visione,
633 846 803 911 sollicitator
831 852 986 913 literarum
1011 852 1150 933 apastoli·

363 968 490 1023 caram,
508 949 647 1010 collector
663 950 789 1029 plumbi,
814 963 843 1013 et
873 954 1011 1031 magister
1034 954 1150 1033 registri

363 1052 512 1111 bullarum
530 1050 601 1121 tuit,
621 1068 695 1128 quae
717 1053 813 1112 omnia
836 1072 883 1115 ses
904 1056 997 1116 officia
1015 1074 1067 1134 per
1085 1055 1151 1116 obi·

364 1163 427 1214 tum
447 1170 533 1214 suum
553 1162 705 1211 vacarunt.

404 1253 556 1314 Dominica
578 1252 626 1313 ll.
649 1253 754 1313 mensis
768 1255 936 1334 septembris
955 1256 1027 1317 bora
1040 1256 1150 1317 decima

364 1354 411 1416 vel
436 1353 517 1414 circa
535 1363 681 1433 portatum
708 1364 751 1415 est
780 1356 904 1419 cadaver
934 1357 981 1419 bo.
1009 1377 1064 1420 me.
1096 1358 1152 1420 at-

364 1452 465 1535 pbonsi
479 1454 603 1534 episcopi
618 1452 844 1533 Pampilonensis
856 1457 890 1518 de
907 1458 992 1520 domo
1005 1478 1074 1520 suae
1094 1458 1151 1519 ba-

367 1555 513 1617 bitationis
531 1574 583 1635 per
604 1555 710 1617 iratres
726 1558 969 1621 confraternitatis
990 1561 1152 1624 Salvatoris

362 1657 400 1716 ad
429 1655 581 1717 ecclesiam
608 1655 640 1715 B.
662 1656 772 1718 illariae
794 1658 828 1721 de
848 1660 980 1739 Populo,
999 1671 1027 1722 at
1046 1661 1150 1723 ibidem

363 1760 393 1818 in
412 1758 540 1838 cappella
555 1767 636 1819 retro
655 1760 748 1819 altare
763 1758 856 1838 majus
872 1759 957 1838 justa
977 1781 1107 1836 murum,
1122 1776 1151 1825 et

363 1858 535 1920 memoriam
562 1858 705 1936 quondam
728 1859 838 1922 Urbani
864 1864 989 1944 episcopi
1021 1864 1151 1943 Eoroju·

367 1960 463 2020 liensis
477 1959 513 2018 ed
528 1959 676 2020 sinistram
688 1962 997 2042 intrantisscpulturae
1013 1965 1150 2026 traditur·

363 2060 438 2120 ltem
460 2058 505 2120 die
526 2058 668 2120 dominica
697 2063 827 2141 proxime
847 2064 1019 2142 praeterita,
1045 2075 1150 2143 quarta

367 2158 468 2237 nujus,
491 2159 632 2220 infirmari
654 2165 799 2242 incoepit,
819 2175 848 2224 et
869 2166 947 2225 circa
971 2166 1074 2226 boram
1102 2185 1150 2226 se·

364 2261 491 2321 eundum
514 2271 543 2321 et
564 2262 680 2323 tertiam
709 2264 801 2323 noctis
821 2265 950 2343 proxime
976 2267 1150 2345 praeteritae

362 2361 497 2440 spiritum
519 2361 642 2422 reddidit
662 2362 817 2435 Creatori;
836 2365 998 2441 requiescat
1018 2364 1046 2424 io
1071 2382 1150 2445 pace.

361 2460 516 2522 lntirmitaa
527 2463 658 2522 omnibus
676 2464 808 2538 medicis,
824 2465 874 2543 qui
894 2484 960 2525 eum
977 2463 1150 2542 visitarunt,

362 2563 414 2640 qui
435 2564 521 2624 multi
541 2563 675 2638 luerunt,
691 2565 837 2645 incognita
859 2566 923 2627 iuit.

402 2661 458 2724 Die
478 2666 561 2725 lanae
579 2664 626 2726 li.
647 2666 834 2745 septembris,
860 2668 1057 2729 anniversaria
1088 2667 1150 2729 dies

362 2764 553 2825 coronationis
572 2765 627 2825 SS.
646 2766 682 2824 D.
699 2766 734 2825 ll.
747 2768 902 2829 innocentii
921 2767 1014 2847 Papae
1031 2765 1149 2842 Octavi,

362 2864 399 2925 tt.
412 2864 448 2926 D.
460 2864 621 2927 cardinalis
632 2867 850 2930 Beneventanus
863 2868 1020 2929 celebravit
1035 2870 1148 2930 blissam

363 2968 528 3039 solemnem,
544 2966 623 3046 Papa
637 2966 750 3027 absente
764 3012 773 3041 ,
789 2986 863 3045 qua,
880 2988 915 3028 ex
927 2970 1042 3029 licentia
1057 2969 1148 3030 Vice-

362 3067 528 3139 cancellari‚
546 3065 738 3147 Neapolitani,
753 3069 787 3131 de
802 3069 925 3131 Sabellis
947 3069 1148 3131 cardinalium

362 3176 432 3228 tunc
453 3168 673 3248 praesentium,
694 3170 840 3250 incaepta,
859 3182 1014 3251 antequam
1033 3174 1148 3236 Gloria

362 3267 396 3329 ia
415 3269 548 3331 excelsis
572 3269 772 3349 inciperetur,
798 3272 938 3351 praedicti
960 3284 1021 3336 tres
1038 3274 1147 3336 cardi·

361 3370 438 3431 nales
460 3370 555 3430 vocati
577 3370 696 3430 luerunt
714 3371 750 3430 ad
772 3371 827 3433 88.
841 3373 878 3435 D.
895 3374 928 3434 tt.
949 3376 977 3435 in
999 3378 1074 3437 lecto
1094 3393 1148 3438 suo

361 3479 571 3547 aegrotantem,
586 3469 634 3528 ubi
650 3471 793 3530 Sanctitas
808 3473 869 3533 Sua
888 3475 917 3533 in
932 3476 1147 3554 praedictarum

362 3569 572 3640 Ulixbonensis,
587 3569 621 3630 de
641 3568 820 3645 comitibus,
832 3575 985 3636 aleriensis
998 3620 1007 3649 ,
1021 3588 1050 3638 et
1071 3576 1155 3637 San-'

362 3683 425 3732 ctae
455 3671 619 3732 anastasiae
645 3672 808 3751 praesentia
838 3673 968 3753 providit
997 3674 1147 3756 Pampilo·

360 3790 426 3834 nen.
448 3770 613 3844 Ecclesiae,
626 3771 661 3833 de
681 3772 795 3833 domino
816 3773 921 3837 cesare
942 3777 1048 3855 borgia
1064 3777 1148 3840 Sedis

361 3872 543 3954 Apostolieae
575 3872 802 3937 Prothouotario
824 3875 852 3936 in
885 3876 996 3939 decimo
1025 3880 1147 3960 septimo

360 3975 461 4037 aetatis
480 3993 549 4038 suae
567 3992 658 4050 anna,
679 3985 707 4035 et
727 3975 823 4036 studio
843 3975 1005 4040 Perusiensi
1035 3979 1148 4041 consti-

362 4087 442 4151 tuto,
463 4076 605 4157 praedicti
625 4077 785 4139 cardinalis
804 4079 1040 4141 vicecancellarii
1062 4078 1146 4158 lilio,

361 4195 456 4255 quem,
482 4177 631 4238 constituit
649 4177 677 4238 in
699 4178 963 4240 administratorem
995 4199 1085 4258 usque
1115 4183 1147 4241 in

361 4277 502 4357 vigesimo
520 4278 764 4357 septimoaetatis
784 4298 852 4340 suae
873 4298 970 4353 anuo,
996 4280 1095 4344 deinde
1117 4284 1145 4345 in

321 4430 324 4438 .
360 4378 528 4459 episcopum
547 4388 576 4439 et
596 4391 740 4459 pastorem
751 4377 796 4464 (l)
803 4402 813 4455 3
829 4400 888 4459 quo
907 4382 999 4456 lacto,
1019 4383 1088 4445 dum
1102 4385 1147 4446 E·

362 4478 529 4556 vangelium
538 4478 694 4553 diceretur,
706 4482 846 4561 praedicti
858 4481 1023 4546 cardinales
1039 4496 1146 4566 septem

360 4575 396 4635 ad
422 4578 537 4637 missam
567 4592 633 4641 suat
664 4585 793 4659 reversi,
823 4595 969 4647 manentes
989 4603 1080 4664 usquc
1110 4590 1146 4648 ad

361 4675 441 4739 illius
456 4676 554 4753 briem,
576 4682 605 4742 io
625 4700 682 4760 qua
701 4683 778 4745 dicta
796 4697 839 4748 est
856 4707 942 4768 prosa
957 4688 1054 4772 etalio
1066 4706 1147 4751 more

361 4782 454 4842 solito.

403 4880 457 4942 Die
481 4882 604 4955 seueris,
629 4901 703 4943 nana
729 4882 836 4962 bajus,
861 4890 889 4947 in
909 4902 1021 4952 secreto
1050 4896 1146 4954 consi·

361 4982 452 5042 storia
481 4982 632 5062 provisum
654 4995 697 5044 est
717 5004 769 5065 per
799 4987 853 5047 SS.
880 4988 915 5049 D.
946 4990 980 5050 tt.
1003 4992 1146 5055 Ecclesiae

361 5081 564 5159 Constantiam,
575 5104 628 5165 per
646 5087 756 5148 obitum
771 5090 818 5150 bo.
834 5110 889 5152 me.
914 5092 1029 5156 Domini
1049 5093 1146 5159 Otho·

362 5184 407 5243 nis
433 5183 468 5245 de
489 5184 664 5267 Stambergb
691 5190 814 5269 pastoris
842 5200 910 5253 tunc
936 5195 1036 5257 solatio
1057 5197 1147 5260 desti·

363 5341 1143 5372 Ἃ--ῄ-

403 5431 439 5491 (1)
456 5453 466 5474 ι
484 5435 540 5495 Quo
556 5441 681 5500 tempore,
692 5441 796 5504 Romae,
806 5444 1017 5508 Parapatoneasis
1028 5449 1145 5502 Ecclesia

362 5508 465 5560 blloasi
487 5513 595 5565 Carriitit
623 5517 695 5569 obitu
713 5534 812 5581 vacua,
829 5523 933 5574 Caesari
956 5527 1063 5591 Bargiae
1085 5533 1146 5581 tuac

361 5587 584 5654 Protboaoterto,
609 5595 703 5650 deinde
729 5601 880 5663 Cardiaeli,
906 5606 991 5667 pridie
1017 5608 1076 5660 idus
1102 5622 1147 5661 aa·

362 5668 492 5731 ptembrts
507 5676 686 5728 commendata
703 5685 745 5732 ast
759 5703 778 5728 ι.
796 5686 925 5737 massaria
939 5686 987 5737 loe.
1003 5688 1045 5738 cit.

828 612 1114 677 Pausistratus
1134 611 1363 678 lNNOCEllTii
1382 611 1537 678 DCTdVl.

1905 611 2012 694 (atati

1218 762 1307 824 tutae,
1333 750 1367 812 de
1388 769 1510 829 parsum
1535 749 1572 812 tt.
1593 749 1692 812 Patris
1710 749 1745 810 D.
1769 749 1906 812 Tboroae
1937 751 2009 814 cilia

1217 852 1342 931 ejusdem
1362 852 1498 913 ecclesiae
1514 850 1680 930 praepositi,
1696 850 1734 910 ad
1746 869 1812 912 eam
1827 870 1881 930 per
1893 852 2011 931 capitu·

1217 955 1280 1014 lum
1305 953 1441 1013 ecclesiae
1461 953 1550 1031 ipsius
1570 952 1725 1032 postulati,
1745 962 1774 1011 et
1793 962 1949 1013 reservata
1970 966 2010 1014 est

1217 1055 1269 1114 sibi
1295 1054 1495 1134 praepositura
1517 1051 1553 1111 ad
1577 1053 1664 1113 vitam
1696 1071 1752 1112 una
1775 1070 1845 1113 cum
1876 1050 2007 1114 Ecclesia

1219 1156 1347 1218 tenenda.
1374 1153 1483 1215 Eadem
1509 1153 1575 1226 die,
1601 1166 1628 1217 et
1653 1152 1803 1215 incudem
1833 1154 2007 1215 comistorio

1218 1257 1369 1336 provisum
1388 1267 1496 1334 est-per
1506 1254 1627 1316 eundem
1643 1254 1788 1318 Ecclesiae
1798 1255 1938 1318 curiensi
1951 1252 2010 1338 (2),

1219 1368 1288 1418 tunc
1319 1375 1369 1436 per
1399 1354 1509 1416 obitum
1537 1354 1583 1414 bo.
1614 1373 1698 1417 ruem.
1736 1354 1772 1415 D.
1801 1352 1934 1416 Dttberii
1978 1356 2014 1417 tle

1218 1457 1339 1517 Brandis
1353 1456 1453 1517 solatio
1472 1454 1636 1528 destitutae,
1654 1455 1689 1516 de
1707 1456 1887 1535 personali.
1912 1455 1950 1516 P.
1972 1454 2012 1519 D.

1218 1558 1336 1622 ilenrtet
1357 1557 1392 1619 de
1405 1555 1576 1618 ilerroensia
1590 1552 1719 1632 ejusdcm
1733 1557 1880 1629 canonici,
1896 1560 2015 1637 Argen·

1220 1658 1338 1718 tineosis
1357 1657 1484 1717 custodia
1498 1665 1528 1717 et
1543 1656 1683 1730 canonici,
1698 1675 1733 1717 ac
1748 1656 2013 1719 Constantientium

1219 1759 1409 1820 ecclesiarum
1430 1756 1529 1816 decani
1549 1767 1578 1816 et
1594 1755 1724 1816 canonici
1741 1802 1749 1830 ,
1769 1756 1806 1817 ad
1826 1758 1937 1818 dictam
1953 1757 2015 1819 Ec·

1219 1859 1334 1921 clesiam
1349 1858 1466 1920 curien.
1489 1874 1541 1934 per
1561 1855 1645 1916 illum
1665 1858 1827 1936 capitulum
1846 1860 1947 1919 electi.
1961 1858 2016 1918 Fi·

1218 1962 1278 2022 nito
1307 1972 1403 2020 autem
1423 1958 1602 2030 consistorio,
1624 1959 1788 2037 praedictus
1811 1957 1845 2018 S.
1869 1958 1909 2019 D.
1927 1955 1965 2017 tt.
1988 1960 2015 2020 ia

1218 2059 1412 2120 infirmitatem
1439 2058 1564 2129 incidit,
1585 2058 1613 2117 in
1639 2068 1722 2118 nacte
1747 2058 1881 2136 sequenti
1905 2075 2014 2137 magna

1223 2160 1297 2221 lebri
1326 2170 1474 2239 gravatus.
1501 2158 1640 2219 Dominus
1659 2157 1778 2220 Electus
1805 2158 2016 2220 constantien·

1218 2262 1256 2322 sis
1277 2261 1322 2322 die
1342 2264 1470 2339 sequenti
1502 2256 1590 2335 bajus
1608 2304 1616 2333 ,
1635 2260 1770 2334 decima,
1790 2259 1846 2321 sibi
1874 2279 2016 2321 caronam

1218 2358 1281 2422 lieri
1304 2361 1446 2441 permisit,
1461 2371 1491 2419 et
1509 2359 1657 2421 rocchetta
1677 2362 1720 2421 uti
1740 2360 1881 2439 incoepit,
1896 2378 1933 2421 ac
1949 2372 2013 2439 post

1217 2459 1422 2540 prandiumli.
1440 2459 1475 2517 D.
1493 2458 1617 2521 Sanctae
1632 2460 1797 2520 Anastasius
1808 2472 2013 2539 promotorem

1218 2580 1305 2622 suum
1332 2562 1446 2643 primo,
1468 2560 1569 2622 deinde
1590 2556 1821 2623 Beneventanum
1842 2558 2013 2623 Cardiaales

1219 2663 1361 2723 visitavit.
1383 2661 1437 2723 SS.
1455 2661 1491 2722 D.
1512 2660 1546 2721 ll.
1570 2663 1686 2724 visitare
1702 2680 1759 2722 noa
1772 2664 1870 2742 potuit
1891 2675 2013 2743 propter

1218 2758 1281 2837 ejus
1319 2759 1539 2821 infirmitatem:
1574 2780 1647 2840 quas
1675 2763 1857 2825 visitationes
1883 2764 1956 2824 iecit
1983 2765 2012 2825 in

1217 2860 1352 2921 mantello
1372 2878 1427 2920 nan
1456 2861 1485 2920 in
1513 2880 1604 2941 cappa
1617 2906 1627 2937 ‚
1657 2867 1726 2941 quia
1759 2863 1802 2924 sic
1833 2864 1934 2924 visum
1971 2876 2012 2925 est

1217 2961 1366 3041 praedicta
1388 2960 1533 3022 Cardinali
1555 2961 1678 3023 Sanctae
1695 2963 1863 3024 Anmtasiae
1885 2982 2009 3045 promo·

1218 3061 1274 3121 tori
1290 3079 1352 3122 suo.
1365 3061 1499 3122 visitavit
1510 3072 1606 3124 autem
1627 3064 1658 3124 8.
1675 3064 1711 3127 D.
1729 3062 1764 3125 tt.
1788 3065 1877 3127 lunae
1897 3066 2011 3128 duode-

1217 3161 1292 3222 cima
1313 3158 1402 3238 hujus
1423 3174 1488 3223 ante
1507 3162 1610 3224 boram
1631 3164 1732 3226 Missae
1752 3165 1781 3225 in
1803 3166 1882 3227 lecto
1902 3164 2010 3243 jacen·

1218 3274 1293 3336 tem,
1308 3282 1323 3322 a
1341 3282 1399 3341 quo
1421 3264 1564 3326 licentiam
1587 3265 1699 3336 babuit,
1715 3266 1794 3345 quod
1810 3266 1848 3328 tt.
1873 3259 1910 3327 D.
1932 3267 2009 3331 car·

1215 3364 1317 3424 dinalis
1350 3364 1546 3427 Ulixbanensis
1576 3367 1669 3446 ipsum
1703 3379 1875 3431 consecret:
1906 3367 2009 3431 deinde

1216 3466 1292 3526 venit
1313 3464 1349 3523 ad
1371 3467 1530 3546 cappellam
1554 3467 1627 3530 idem
1649 3466 1693 3530 1).
1707 3468 1827 3530 Electus
1856 3470 1886 3529 in
1917 3489 2007 3551 cappa

1215 3567 1373 3649 pontificali
1407 3581 1565 3644 consueta,
1596 3574 1625 3632 in
1656 3592 1714 3652 qua
1745 3576 1844 3636 locum
1867 3571 2010 3636 Oratoris

1215 3670 1404 3750 Imperatoris
1423 3670 1598 3733 observavit.

1261 3770 1414 3829 Dominica
1448 3770 1496 3832 lc.
1530 3772 1634 3833 mensis
1668 3763 1837 3855 septembris
1876 3776 2005 3854 proximi

1215 3870 1389 3949 praeteriti,
1422 3870 1494 3933 Rev.
1526 3871 1614 3935 Pater
1640 3872 1675 3935 D.
1704 3872 1822 3936 Gabriel
1852 3876 2004 3956 episeopus

1215 3969 1347 4032 Adiacen.
1371 3972 1553 4033 consecravit
1584 3973 1735 4036 ecclesiam
1763 3975 1863 4037 Sancti
1889 3978 2000 4040 iuliani

1216 4070 1362 4152 hospitalis
1383 4073 1535 4134 Flandren.
1558 4073 1593 4135 de
1611 4075 1691 4138 Urbe
1713 4094 1782 4136 cum
1810 4078 1908 4139 tribus
1928 4081 2005 4141 aita-

1216 4172 1308 4245 ribus,
1331 4172 1464 4234 videlicet
1487 4170 1620 4248 majore,
1641 4186 1669 4235 et
1694 4178 1723 4236 iu
1744 4177 1886 4239 bonorem
1905 4180 2007 4242 Sancti

1215 4273 1336 4347 iuliani,
1358 4274 1386 4330 in
1408 4292 1466 4351 quo
1488 4276 1617 4353 reposuit
1639 4278 1778 4355 reliquias
1800 4278 1901 4340 Sancti
1931 4281 2009 4343 Gre-

1215 4376 1293 4456 gorii
1317 4375 1422 4455 Papae,
1444 4387 1472 4437 et
1494 4375 1632 4438 Praxedis
1653 4377 1790 4458 Virginis,
1811 4381 1887 4456 alio,
1905 4382 1945 4442 ad
1964 4384 2007 4443 si-

1215 4478 1335 4537 nistram
1356 4476 1489 4536 intrantis
1510 4476 1616 4538 dictam
1632 4480 1800 4553 ecelesiam,
1815 4479 1845 4540 ia
1860 4481 2004 4546 bonorem

1214 4577 1419 4656 Apostolorum
1441 4576 1520 4637 Petri
1548 4589 1576 4638 et
1605 4578 1713 4652 Pauli,
1732 4579 1762 4639 in
1794 4597 1854 4658 quo
1874 4584 2007 4662 reposuit

1214 4678 1353 4755 reliquias
1370 4676 1401 4736 S.
1419 4677 1529 4739 Urbani
1546 4677 1650 4758 Papae,
1669 4691 1698 4740 et
1718 4680 1859 4756 martiris,
1873 4691 1904 4743 et
1927 4682 2006 4744 San-

1214 4788 1276 4840 ctae
1295 4779 1422 4857 Aguetis,
1433 4780 1518 4840 tertio
1531 4781 1660 4860 apposito
1678 4782 1802 4843 mentido
1816 4781 1845 4843 in
1861 4781 2006 4846 bonorem

1213 4881 1247 4942 D.
1267 4880 1375 4941 blariae
1391 4881 1538 4962 Virginis,
1562 4883 1590 4942 in
1620 4902 1679 4961 quo
1701 4886 1831 4965 reposuit
1863 4888 2007 4966 reliquias

1215 4979 1247 5040 S.
1267 4981 1419 5053 Valentini,
1440 4994 1468 5043 et
1492 4982 1642 5043 Hermolai
1670 4985 1924 5066 presbyterorum,
1955 5006 2004 5050 mc

1214 5090 1360 5160 praesente
1380 5093 1408 5143 et
1427 5084 1622 5146 ministrante:
1643 5096 1672 5147 et
1690 5085 1858 5148 observavit
1880 5088 1910 5147 in
1941 5087 2002 5148 bu·

1211 5178 1339 5260 J‘usmodi
1365 5185 1578 5247 consecratione
1603 5186 1698 5247 omnia
1718 5199 1808 5267 prout
1830 5190 1860 5250 in
1882 5188 2004 5269 pontili-

1214 5285 1270 5345 cali
1280 5306 1292 5358 3
1312 5297 1342 5347 et
1362 5305 1395 5347 ea
1416 5285 1495 5347 linita
1517 5288 1675 5350 celebravit
1700 5290 1817 5351 Missam
1844 5293 2003 5354 solemnem

1254 5535 1290 5593 (2)
1306 5531 1400 5590 Curia,
1416 5531 1504 5595 clar,
1520 5534 1590 5587 ltalis
1606 5537 1701 5598 coba,
1716 5536 1783 5591 llrbs
1803 5540 1930 5593 ltbactiae
1946 5545 2006 5606 pri·

1214 5613 1297 5663 maria
1312 5611 1346 5661 ad
1362 5611 1477 5662 ahenam
1488 5613 1549 5664 ilar.
1566 5617 1634 5669 inter
1642 5619 1816 5681 clavennam,
1827 5620 2001 5685 Brigantiam,

1214 5692 1337 5755 'ligurum
1354 5694 1381 5743 et
1396 5689 1587 5747 Constantiam.
