<?xml version="1.0" encoding="UTF-8"?>
<!DOCTYPE html PUBLIC "-//W3C//DTD XHTML 1.0 Transitional//EN"
    "http://www.w3.org/TR/xhtml1/DTD/xhtml1-transitional.dtd">
<html xmlns="http://www.w3.org/1999/xhtml" xml:lang="en" lang="en">
 <head>
  <title>
</title>
<meta http-equiv="Content-Type" content="text/html;charset=utf-8" />
  <meta name='ocr-system' content='tesseract 3.04.00' />
  <meta name='ocr-capabilities' content='ocr_page ocr_carea ocr_par ocr_line ocrx_word'/>
</head>
<body>
  <div class='ocr_page' id='page_1' title='image "./johannisburchar01burcgoog/johannisburchar01burcgoog_0044.png"; bbox 0 0 4492 6859; ppageno 0'>
   <div class='ocr_carea' id='block_1_1' title="bbox 298 619 1470 695">
    <p class='ocr_par' dir='ltr' id='par_1_1' title="bbox 298 619 1470 695">
     <span class='ocr_line' id='line_1_1' title="bbox 298 619 1470 695; baseline -0.001 -10"><span class='ocrx_word' id='word_1_1' title='bbox 298 624 336 685; x_wconf 87' lang='lat' dir='ltr'>tt</span> <span class='ocrx_word' id='word_1_2' title='bbox 749 619 953 687; x_wconf 71' lang='lat' dir='ltr'>coactavit</span> <span class='ocrx_word' id='word_1_3' title='bbox 974 619 1077 685; x_wconf 79' lang='lat' dir='ltr'>POST</span> <span class='ocrx_word' id='word_1_4' title='bbox 1097 622 1249 687; x_wconf 76' lang='lat' dir='ltr'>sixtum</span> <span class='ocrx_word' id='word_1_5' title='bbox 1269 620 1470 695; x_wconf 72' lang='lat' dir='ltr'>nataturi.</span> 
     </span>
    </p>
   </div>
   <div class='ocr_carea' id='block_1_2' title="bbox 228 759 1090 3547">
    <p class='ocr_par' dir='ltr' id='par_1_2' title="bbox 296 759 1088 941">
     <span class='ocr_line' id='line_1_2' title="bbox 296 759 1088 840; baseline 0.004 -24"><span class='ocrx_word' id='word_1_6' title='bbox 296 759 404 833; x_wconf 84' lang='lat' dir='ltr'>visset,</span> <span class='ocrx_word' id='word_1_7' title='bbox 431 760 558 840; x_wconf 76' lang='lat' dir='ltr'>incepit,</span> <span class='ocrx_word' id='word_1_8' title='bbox 588 769 618 821; x_wconf 90' lang='lat' dir='ltr'>et</span> <span class='ocrx_word' id='word_1_9' title='bbox 647 770 819 840; x_wconf 86' lang='lat' dir='ltr'>prosecutas</span> <span class='ocrx_word' id='word_1_10' title='bbox 852 769 897 822; x_wconf 89' lang='lat' dir='ltr'>est</span> <span class='ocrx_word' id='word_1_11' title='bbox 929 761 1088 823; x_wconf 88' lang='lat' dir='ltr'>orationem</span> 
     </span>
     <span class='ocr_line' id='line_1_3' title="bbox 297 856 455 941; baseline -0.025 -19"><span class='ocrx_word' id='word_1_12' title='bbox 297 877 380 922; x_wconf 85' lang='lat' dir='ltr'>suam</span> <span class='ocrx_word' id='word_1_13' title='bbox 398 856 455 941; x_wconf 86' lang='lat' dir='ltr'>(l).</span> 
     </span>
    </p>

    <p class='ocr_par' dir='ltr' id='par_1_3' title="bbox 292 956 1090 1141">
     <span class='ocr_line' id='line_1_4' title="bbox 335 956 1090 1038; baseline 0 -19"><span class='ocrx_word' id='word_1_14' title='bbox 335 960 369 1019; x_wconf 95' lang='lat' dir='ltr'>ln</span> <span class='ocrx_word' id='word_1_15' title='bbox 395 957 451 1021; x_wconf 88' lang='lat' dir='ltr'>bac</span> <span class='ocrx_word' id='word_1_16' title='bbox 475 959 572 1032; x_wconf 73' lang='lat' dir='ltr'>mima,</span> <span class='ocrx_word' id='word_1_17' title='bbox 592 968 623 1019; x_wconf 85' lang='lat' dir='ltr'>et</span> <span class='ocrx_word' id='word_1_18' title='bbox 646 956 711 1018; x_wconf 91' lang='lat' dir='ltr'>aliis</span> <span class='ocrx_word' id='word_1_19' title='bbox 729 968 798 1020; x_wconf 93' lang='lat' dir='ltr'>octo</span> <span class='ocrx_word' id='word_1_20' title='bbox 816 958 1037 1038; x_wconf 70' lang='lat' dir='ltr'>exequialibus,</span> <span class='ocrx_word' id='word_1_21' title='bbox 1054 968 1090 1019; x_wconf 92' lang='lat' dir='ltr'>ut</span> 
     </span>
     <span class='ocr_line' id='line_1_5' title="bbox 292 1054 1042 1141; baseline -0.004 -20"><span class='ocrx_word' id='word_1_22' title='bbox 292 1078 380 1141; x_wconf 86' lang='lat' dir='ltr'>supra</span> <span class='ocrx_word' id='word_1_23' title='bbox 395 1058 557 1132; x_wconf 86' lang='lat' dir='ltr'>celebratis,</span> <span class='ocrx_word' id='word_1_24' title='bbox 576 1057 697 1137; x_wconf 88' lang='lat' dir='ltr'>praelati</span> <span class='ocrx_word' id='word_1_25' title='bbox 713 1054 821 1120; x_wconf 88' lang='lat' dir='ltr'>cariae</span> <span class='ocrx_word' id='word_1_26' title='bbox 835 1056 1042 1121; x_wconf 85' lang='lat' dir='ltr'>interiaerant.</span> 
     </span>
    </p>

    <p class='ocr_par' dir='ltr' id='par_1_4' title="bbox 228 1156 1090 3547">
     <span class='ocr_line' id='line_1_6' title="bbox 335 1156 1089 1237; baseline -0.004 -17"><span class='ocrx_word' id='word_1_27' title='bbox 335 1159 476 1222; x_wconf 79' lang='lat' dir='ltr'><strong>Sermone</strong></span> <span class='ocrx_word' id='word_1_28' title='bbox 498 1156 590 1231; x_wconf 89' lang='lat' dir='ltr'>linito,</span> <span class='ocrx_word' id='word_1_29' title='bbox 613 1158 790 1237; x_wconf 76' lang='lat' dir='ltr'>egoaccepi</span> <span class='ocrx_word' id='word_1_30' title='bbox 815 1175 936 1218; x_wconf 73' lang='lat' dir='ltr'>cracem</span> <span class='ocrx_word' id='word_1_31' title='bbox 958 1156 1089 1236; x_wconf 85' lang='lat' dir='ltr'>papalem</span> 
     </span>
     <span class='ocr_line' id='line_1_7' title="bbox 294 1256 1089 1338; baseline -0.006 -16"><span class='ocrx_word' id='word_1_32' title='bbox 294 1278 363 1322; x_wconf 90' lang='lat' dir='ltr'>cum</span> <span class='ocrx_word' id='word_1_33' title='bbox 375 1277 429 1321; x_wconf 90' lang='lat' dir='ltr'>sao</span> <span class='ocrx_word' id='word_1_34' title='bbox 440 1258 545 1318; x_wconf 93' lang='lat' dir='ltr'>baculo</span> <span class='ocrx_word' id='word_1_35' title='bbox 559 1269 697 1337; x_wconf 70' lang='lat' dir='ltr'>argenteo</span> <span class='ocrx_word' id='word_1_36' title='bbox 704 1258 788 1337; x_wconf 79' lang='lat' dir='ltr'>jaste</span> <span class='ocrx_word' id='word_1_37' title='bbox 800 1259 893 1320; x_wconf 84' lang='lat' dir='ltr'>altare</span> <span class='ocrx_word' id='word_1_38' title='bbox 906 1256 1089 1338; x_wconf 86' lang='lat' dir='ltr'>praedictum</span> 
     </span>
     <span class='ocr_line' id='line_1_8' title="bbox 295 1356 1089 1439; baseline 0.004 -20"><span class='ocrx_word' id='word_1_39' title='bbox 295 1369 512 1439; x_wconf 89' lang='lat' dir='ltr'>praeparatam,</span> <span class='ocrx_word' id='word_1_40' title='bbox 522 1368 552 1418; x_wconf 90' lang='lat' dir='ltr'>et</span> <span class='ocrx_word' id='word_1_41' title='bbox 560 1358 688 1437; x_wconf 88' lang='lat' dir='ltr'>processi</span> <span class='ocrx_word' id='word_1_42' title='bbox 705 1375 806 1418; x_wconf 85' lang='lat' dir='ltr'>versas</span> <span class='ocrx_word' id='word_1_43' title='bbox 821 1368 935 1437; x_wconf 88' lang='lat' dir='ltr'>portatu</span> <span class='ocrx_word' id='word_1_44' title='bbox 951 1356 1089 1422; x_wconf 82' lang='lat' dir='ltr'>ecclesiae</span> 
     </span>
     <span class='ocr_line' id='line_1_9' title="bbox 295 1455 1087 1540; baseline 0 -21"><span class='ocrx_word' id='word_1_45' title='bbox 295 1459 487 1540; x_wconf 87' lang='lat' dir='ltr'>praedictam,</span> <span class='ocrx_word' id='word_1_46' title='bbox 504 1468 533 1517; x_wconf 90' lang='lat' dir='ltr'>et</span> <span class='ocrx_word' id='word_1_47' title='bbox 551 1458 704 1519; x_wconf 82' lang='lat' dir='ltr'>conclave:</span> <span class='ocrx_word' id='word_1_48' title='bbox 729 1455 941 1538; x_wconf 68' lang='lat' dir='ltr'>praecedebant</span> <span class='ocrx_word' id='word_1_49' title='bbox 958 1457 1087 1520; x_wconf 71' lang='lat' dir='ltr'><strong>scutiferi</strong></span> 
     </span>
     <span class='ocr_line' id='line_1_10' title="bbox 294 1556 1089 1639; baseline -0.001 -18"><span class='ocrx_word' id='word_1_50' title='bbox 294 1558 506 1630; x_wconf 70' lang='lat' dir='ltr'>cardinalium,</span> <span class='ocrx_word' id='word_1_51' title='bbox 533 1568 563 1620; x_wconf 88' lang='lat' dir='ltr'>et</span> <span class='ocrx_word' id='word_1_52' title='bbox 579 1558 631 1619; x_wconf 91' lang='lat' dir='ltr'>alii</span> <span class='ocrx_word' id='word_1_53' title='bbox 651 1558 826 1639; x_wconf 79' lang='lat' dir='ltr'>complures.</span> <span class='ocrx_word' id='word_1_54' title='bbox 853 1556 1022 1619; x_wconf 86' lang='lat' dir='ltr'>Cardinalcs</span> <span class='ocrx_word' id='word_1_55' title='bbox 1042 1576 1089 1620; x_wconf 91' lang='lat' dir='ltr'>mc</span> 
     </span>
     <span class='ocr_line' id='line_1_11' title="bbox 228 1656 1090 1739; baseline -0.001 -18"><span class='ocrx_word' id='word_1_56' title='bbox 228 1717 236 1733; x_wconf 83' lang='grc'><em>,</em></span> <span class='ocrx_word' id='word_1_57' title='bbox 295 1658 458 1721; x_wconf 73' lang='lat' dir='ltr'>immediate</span> <span class='ocrx_word' id='word_1_58' title='bbox 471 1656 665 1737; x_wconf 74' lang='lat' dir='ltr'>sequebantur</span> <span class='ocrx_word' id='word_1_59' title='bbox 671 1679 682 1731; x_wconf 69' lang='grc' dir='ltr'><strong><em>ς</em></strong></span> <span class='ocrx_word' id='word_1_60' title='bbox 691 1658 777 1739; x_wconf 91' lang='lat' dir='ltr'>primi</span> <span class='ocrx_word' id='word_1_61' title='bbox 787 1658 1048 1721; x_wconf 74' lang='lat' dir='ltr'>vicecancellarius</span> <span class='ocrx_word' id='word_1_62' title='bbox 1060 1669 1090 1720; x_wconf 89' lang='lat' dir='ltr'>et</span> 
     </span>
     <span class='ocr_line' id='line_1_12' title="bbox 299 1758 1090 1840; baseline -0.001 -20"><span class='ocrx_word' id='word_1_63' title='bbox 299 1759 514 1840; x_wconf 72' lang='lat' dir='ltr'>Neapolitanas,</span> <span class='ocrx_word' id='word_1_64' title='bbox 529 1769 594 1838; x_wconf 87' lang='lat' dir='ltr'>post</span> <span class='ocrx_word' id='word_1_65' title='bbox 607 1776 657 1821; x_wconf 87' lang='lat' dir='ltr'>eoa</span> <span class='ocrx_word' id='word_1_66' title='bbox 670 1758 721 1819; x_wconf 92' lang='lat' dir='ltr'>alii</span> <span class='ocrx_word' id='word_1_67' title='bbox 734 1758 869 1839; x_wconf 78' lang='lat' dir='ltr'>episcopi,</span> <span class='ocrx_word' id='word_1_68' title='bbox 884 1769 948 1819; x_wconf 91' lang='lat' dir='ltr'>tum</span> <span class='ocrx_word' id='word_1_69' title='bbox 964 1758 1090 1839; x_wconf 65' lang='lat' dir='ltr'>presby·</span> 
     </span>
     <span class='ocr_line' id='line_1_13' title="bbox 296 1861 1089 1938; baseline -0.003 -12"><span class='ocrx_word' id='word_1_70' title='bbox 296 1864 484 1938; x_wconf 85' lang='lat' dir='ltr'>teri,tandem</span> <span class='ocrx_word' id='word_1_71' title='bbox 497 1861 612 1925; x_wconf 87' lang='lat' dir='ltr'>diaconi</span> <span class='ocrx_word' id='word_1_72' title='bbox 620 1861 904 1937; x_wconf 87' lang='lat' dir='ltr'>cardinales,omnes</span> <span class='ocrx_word' id='word_1_73' title='bbox 913 1863 971 1924; x_wconf 92' lang='lat' dir='ltr'>bini</span> <span class='ocrx_word' id='word_1_74' title='bbox 982 1874 1011 1923; x_wconf 92' lang='lat' dir='ltr'>et</span> <span class='ocrx_word' id='word_1_75' title='bbox 1020 1862 1089 1938; x_wconf 93' lang='lat' dir='ltr'>bini,</span> 
     </span>
     <span class='ocr_line' id='line_1_14' title="bbox 295 1962 1088 2045; baseline 0.003 -20"><span class='ocrx_word' id='word_1_76' title='bbox 295 1964 421 2045; x_wconf 84' lang='lat' dir='ltr'>exceptis</span> <span class='ocrx_word' id='word_1_77' title='bbox 442 1962 550 2024; x_wconf 76' lang='lat' dir='ltr'>alianis</span> <span class='ocrx_word' id='word_1_78' title='bbox 570 1962 759 2044; x_wconf 75' lang='lat' dir='ltr'>presbyteris,</span> <span class='ocrx_word' id='word_1_79' title='bbox 771 1981 899 2042; x_wconf 89' lang='lat' dir='ltr'>quorum</span> <span class='ocrx_word' id='word_1_80' title='bbox 920 1973 981 2025; x_wconf 82' lang='lat' dir='ltr'>tres</span> <span class='ocrx_word' id='word_1_81' title='bbox 1001 1966 1088 2027; x_wconf 91' lang='lat' dir='ltr'>simul</span> 
     </span>
     <span class='ocr_line' id='line_1_15' title="bbox 297 2063 1088 2144; baseline 0 -19"><span class='ocrx_word' id='word_1_82' title='bbox 297 2065 386 2127; x_wconf 86' lang='lat' dir='ltr'>ibant.</span> <span class='ocrx_word' id='word_1_83' title='bbox 401 2065 541 2127; x_wconf 87' lang='lat' dir='ltr'>cantores</span> <span class='ocrx_word' id='word_1_84' title='bbox 561 2063 709 2144; x_wconf 90' lang='lat' dir='ltr'>cappellae</span> <span class='ocrx_word' id='word_1_85' title='bbox 723 2074 850 2137; x_wconf 85' lang='lat' dir='ltr'>nostrae,</span> <span class='ocrx_word' id='word_1_86' title='bbox 861 2073 891 2125; x_wconf 91' lang='lat' dir='ltr'>ct</span> <span class='ocrx_word' id='word_1_87' title='bbox 904 2064 1036 2126; x_wconf 91' lang='lat' dir='ltr'>canonici</span> <span class='ocrx_word' id='word_1_88' title='bbox 1054 2084 1088 2125; x_wconf 93' lang='lat' dir='ltr'>ac</span> 
     </span>
     <span class='ocr_line' id='line_1_16' title="bbox 295 2161 1088 2242; baseline 0 -18"><span class='ocrx_word' id='word_1_89' title='bbox 295 2166 395 2227; x_wconf 91' lang='lat' dir='ltr'>clerns</span> <span class='ocrx_word' id='word_1_90' title='bbox 408 2162 542 2223; x_wconf 86' lang='lat' dir='ltr'>basilicae</span> <span class='ocrx_word' id='word_1_91' title='bbox 555 2162 720 2242; x_wconf 72' lang='lat' dir='ltr'>praedictae</span> <span class='ocrx_word' id='word_1_92' title='bbox 733 2179 792 2225; x_wconf 92' lang='lat' dir='ltr'>uon</span> <span class='ocrx_word' id='word_1_93' title='bbox 807 2161 1002 2225; x_wconf 76' lang='lat' dir='ltr'>interfuerant</span> <span class='ocrx_word' id='word_1_94' title='bbox 1017 2163 1088 2224; x_wconf 89' lang='lat' dir='ltr'>haic</span> 
     </span>
     <span class='ocr_line' id='line_1_17' title="bbox 296 2260 1089 2342; baseline -0.001 -18"><span class='ocrx_word' id='word_1_95' title='bbox 296 2261 484 2342; x_wconf 86' lang='lat' dir='ltr'>processioni,</span> <span class='ocrx_word' id='word_1_96' title='bbox 501 2280 554 2323; x_wconf 92' lang='lat' dir='ltr'>nec</span> <span class='ocrx_word' id='word_1_97' title='bbox 569 2260 677 2341; x_wconf 90' lang='lat' dir='ltr'>aliquid</span> <span class='ocrx_word' id='word_1_98' title='bbox 693 2262 750 2323; x_wconf 91' lang='lat' dir='ltr'>luit</span> <span class='ocrx_word' id='word_1_99' title='bbox 761 2262 791 2323; x_wconf 94' lang='lat' dir='ltr'>in</span> <span class='ocrx_word' id='word_1_100' title='bbox 808 2280 845 2325; x_wconf 84' lang='lat' dir='ltr'>ca</span> <span class='ocrx_word' id='word_1_101' title='bbox 864 2273 1025 2336; x_wconf 89' lang='lat' dir='ltr'>cantatum,</span> <span class='ocrx_word' id='word_1_102' title='bbox 1039 2261 1089 2323; x_wconf 85' lang='lat' dir='ltr'>scd</span> 
     </span>
     <span class='ocr_line' id='line_1_18' title="bbox 296 2361 1089 2442; baseline -0.001 -19"><span class='ocrx_word' id='word_1_103' title='bbox 296 2363 409 2425; x_wconf 88' lang='lat' dir='ltr'>romani</span> <span class='ocrx_word' id='word_1_104' title='bbox 423 2363 511 2435; x_wconf 87' lang='lat' dir='ltr'>cives,</span> <span class='ocrx_word' id='word_1_105' title='bbox 526 2362 618 2425; x_wconf 87' lang='lat' dir='ltr'>etalii</span> <span class='ocrx_word' id='word_1_106' title='bbox 637 2361 665 2423; x_wconf 92' lang='lat' dir='ltr'>in</span> <span class='ocrx_word' id='word_1_107' title='bbox 683 2379 808 2424; x_wconf 88' lang='lat' dir='ltr'>numero</span> <span class='ocrx_word' id='word_1_108' title='bbox 823 2362 941 2442; x_wconf 89' lang='lat' dir='ltr'>copioso</span> <span class='ocrx_word' id='word_1_109' title='bbox 955 2363 1089 2424; x_wconf 88' lang='lat' dir='ltr'>circum·</span> 
     </span>
     <span class='ocr_line' id='line_1_19' title="bbox 294 2462 1090 2545; baseline 0.001 -22"><span class='ocrx_word' id='word_1_110' title='bbox 294 2464 404 2524; x_wconf 88' lang='lat' dir='ltr'>dabant</span> <span class='ocrx_word' id='word_1_111' title='bbox 423 2462 546 2541; x_wconf 88' lang='lat' dir='ltr'>quisque</span> <span class='ocrx_word' id='word_1_112' title='bbox 563 2481 650 2524; x_wconf 88' lang='lat' dir='ltr'>suam</span> <span class='ocrx_word' id='word_1_113' title='bbox 671 2475 879 2545; x_wconf 75' lang='lat' dir='ltr'>protectorem,</span> <span class='ocrx_word' id='word_1_114' title='bbox 899 2465 1038 2538; x_wconf 89' lang='lat' dir='ltr'>amicam,</span> <span class='ocrx_word' id='word_1_115' title='bbox 1059 2475 1090 2526; x_wconf 93' lang='lat' dir='ltr'>et</span> 
     </span>
     <span class='ocr_line' id='line_1_20' title="bbox 295 2561 1090 2646; baseline 0.008 -23"><span class='ocrx_word' id='word_1_116' title='bbox 295 2563 444 2625; x_wconf 91' lang='lat' dir='ltr'>dominam</span> <span class='ocrx_word' id='word_1_117' title='bbox 465 2561 661 2640; x_wconf 79' lang='lat' dir='ltr'>cardinalem,</span> <span class='ocrx_word' id='word_1_118' title='bbox 681 2564 836 2626; x_wconf 83' lang='lat' dir='ltr'>danteseia</span> <span class='ocrx_word' id='word_1_119' title='bbox 853 2566 1090 2646; x_wconf 85' lang='lat' dir='ltr'>supplicationes,</span> 
     </span>
     <span class='ocr_line' id='line_1_21' title="bbox 294 2666 1088 2748; baseline 0.003 -23"><span class='ocrx_word' id='word_1_120' title='bbox 294 2678 325 2727; x_wconf 90' lang='lat' dir='ltr'>ct</span> <span class='ocrx_word' id='word_1_121' title='bbox 340 2669 410 2728; x_wconf 86' lang='lat' dir='ltr'>alias</span> <span class='ocrx_word' id='word_1_122' title='bbox 432 2667 580 2748; x_wconf 88' lang='lat' dir='ltr'>petitiones</span> <span class='ocrx_word' id='word_1_123' title='bbox 603 2686 660 2747; x_wconf 92' lang='lat' dir='ltr'>pro</span> <span class='ocrx_word' id='word_1_124' title='bbox 684 2666 795 2738; x_wconf 84' lang='lat' dir='ltr'>officiis,</span> <span class='ocrx_word' id='word_1_125' title='bbox 817 2676 847 2728; x_wconf 89' lang='lat' dir='ltr'>et</span> <span class='ocrx_word' id='word_1_126' title='bbox 866 2666 930 2727; x_wconf 91' lang='lat' dir='ltr'>aliis</span> <span class='ocrx_word' id='word_1_127' title='bbox 947 2667 1052 2745; x_wconf 83' lang='lat' dir='ltr'>gratiis</span> <span class='ocrx_word' id='word_1_128' title='bbox 1071 2686 1088 2727; x_wconf 90' lang='lat' dir='ltr'>a</span> 
     </span>
     <span class='ocr_line' id='line_1_22' title="bbox 294 2764 1090 2845; baseline -0.005 -17"><span class='ocrx_word' id='word_1_129' title='bbox 294 2786 373 2828; x_wconf 90' lang='lat' dir='ltr'>novo</span> <span class='ocrx_word' id='word_1_130' title='bbox 393 2765 532 2830; x_wconf 83' lang='lat' dir='ltr'>Pontidce</span> <span class='ocrx_word' id='word_1_131' title='bbox 551 2768 580 2827; x_wconf 92' lang='lat' dir='ltr'>in</span> <span class='ocrx_word' id='word_1_132' title='bbox 598 2766 731 2829; x_wconf 89' lang='lat' dir='ltr'>conclavi</span> <span class='ocrx_word' id='word_1_133' title='bbox 757 2764 930 2837; x_wconf 86' lang='lat' dir='ltr'>obtinendis,</span> <span class='ocrx_word' id='word_1_134' title='bbox 947 2776 977 2825; x_wconf 91' lang='lat' dir='ltr'>et</span> <span class='ocrx_word' id='word_1_135' title='bbox 994 2766 1090 2845; x_wconf 89' lang='lat' dir='ltr'>impe-</span> 
     </span>
     <span class='ocr_line' id='line_1_23' title="bbox 294 2864 1088 2946; baseline 0 -19"><span class='ocrx_word' id='word_1_136' title='bbox 294 2867 414 2927; x_wconf 86' lang='lat' dir='ltr'>trandis.</span> <span class='ocrx_word' id='word_1_137' title='bbox 438 2868 581 2946; x_wconf 77' lang='lat' dir='ltr'>Figuram</span> <span class='ocrx_word' id='word_1_138' title='bbox 603 2864 743 2929; x_wconf 80' lang='lat' dir='ltr'>ctacidxi</span> <span class='ocrx_word' id='word_1_139' title='bbox 761 2866 877 2945; x_wconf 88' lang='lat' dir='ltr'>portavi</span> <span class='ocrx_word' id='word_1_140' title='bbox 900 2866 928 2926; x_wconf 93' lang='lat' dir='ltr'>in</span> <span class='ocrx_word' id='word_1_141' title='bbox 949 2875 1032 2926; x_wconf 89' lang='lat' dir='ltr'>retro</span> <span class='ocrx_word' id='word_1_142' title='bbox 1052 2868 1088 2928; x_wconf 89' lang='lat' dir='ltr'>ad</span> 
     </span>
     <span class='ocr_line' id='line_1_24' title="bbox 294 2963 1089 3043; baseline -0.001 -16"><span class='ocrx_word' id='word_1_143' title='bbox 294 2966 462 3027; x_wconf 85' lang='lat' dir='ltr'>Cordinales</span> <span class='ocrx_word' id='word_1_144' title='bbox 477 2984 607 3040; x_wconf 89' lang='lat' dir='ltr'>versum,</span> <span class='ocrx_word' id='word_1_145' title='bbox 621 2984 656 3027; x_wconf 83' lang='lat' dir='ltr'>ex</span> <span class='ocrx_word' id='word_1_146' title='bbox 669 2983 715 3038; x_wconf 90' lang='lat' dir='ltr'>eo,</span> <span class='ocrx_word' id='word_1_147' title='bbox 732 2964 811 3043; x_wconf 95' lang='lat' dir='ltr'>qaod</span> <span class='ocrx_word' id='word_1_148' title='bbox 823 2964 852 3025; x_wconf 89' lang='lat' dir='ltr'>in</span> <span class='ocrx_word' id='word_1_149' title='bbox 867 2963 923 3026; x_wconf 90' lang='lat' dir='ltr'>boc</span> <span class='ocrx_word' id='word_1_150' title='bbox 937 2980 1007 3025; x_wconf 89' lang='lat' dir='ltr'>casu</span> <span class='ocrx_word' id='word_1_151' title='bbox 1024 2966 1089 3026; x_wconf 90' lang='lat' dir='ltr'>col·</span> 
     </span>
     <span class='ocr_line' id='line_1_25' title="bbox 296 3062 1083 3145; baseline 0.001 -19"><span class='ocrx_word' id='word_1_152' title='bbox 296 3066 402 3145; x_wconf 72' lang='lat' dir='ltr'>legiam</span> <span class='ocrx_word' id='word_1_153' title='bbox 414 3062 583 3126; x_wconf 82' lang='lat' dir='ltr'>Pontificem</span> <span class='ocrx_word' id='word_1_154' title='bbox 595 3064 882 3145; x_wconf 80' lang='lat' dir='ltr'>repraesentatcam</span> <span class='ocrx_word' id='word_1_155' title='bbox 889 3070 1083 3145; x_wconf 88' lang='lat' dir='ltr'>pervenissem</span> 
     </span>
     <span class='ocr_line' id='line_1_26' title="bbox 296 3164 1087 3245; baseline 0.005 -20"><span class='ocrx_word' id='word_1_156' title='bbox 296 3167 325 3225; x_wconf 92' lang='lat' dir='ltr'>iu</span> <span class='ocrx_word' id='word_1_157' title='bbox 340 3166 463 3245; x_wconf 89' lang='lat' dir='ltr'>primam</span> <span class='ocrx_word' id='word_1_158' title='bbox 477 3166 575 3226; x_wconf 89' lang='lat' dir='ltr'>aulam</span> <span class='ocrx_word' id='word_1_159' title='bbox 597 3165 755 3238; x_wconf 83' lang='lat' dir='ltr'>conclavis,</span> <span class='ocrx_word' id='word_1_160' title='bbox 771 3166 799 3226; x_wconf 91' lang='lat' dir='ltr'>in</span> <span class='ocrx_word' id='word_1_161' title='bbox 817 3184 853 3227; x_wconf 89' lang='lat' dir='ltr'>eo</span> <span class='ocrx_word' id='word_1_162' title='bbox 864 3176 948 3227; x_wconf 88' lang='lat' dir='ltr'>erant</span> <span class='ocrx_word' id='word_1_163' title='bbox 968 3164 1087 3229; x_wconf 87' lang='lat' dir='ltr'>circiter</span> 
     </span>
     <span class='ocr_line' id='line_1_27' title="bbox 296 3264 1087 3345; baseline 0.005 -22"><span class='ocrx_word' id='word_1_164' title='bbox 296 3265 351 3325; x_wconf 88' lang='lat' dir='ltr'>trin</span> <span class='ocrx_word' id='word_1_165' title='bbox 366 3264 456 3325; x_wconf 89' lang='lat' dir='ltr'>millia</span> <span class='ocrx_word' id='word_1_166' title='bbox 477 3264 626 3326; x_wconf 90' lang='lat' dir='ltr'>hominnm</span> <span class='ocrx_word' id='word_1_167' title='bbox 640 3266 692 3343; x_wconf 93' lang='lat' dir='ltr'>qai</span> <span class='ocrx_word' id='word_1_168' title='bbox 707 3283 758 3327; x_wconf 91' lang='lat' dir='ltr'>nos</span> <span class='ocrx_word' id='word_1_169' title='bbox 773 3277 984 3345; x_wconf 87' lang='lat' dir='ltr'>praevenerant</span> <span class='ocrx_word' id='word_1_170' title='bbox 989 3288 1000 3340; x_wconf 67' lang='grc' dir='ltr'><strong><em>ς</em></strong></span> <span class='ocrx_word' id='word_1_171' title='bbox 1021 3284 1087 3327; x_wconf 90' lang='lat' dir='ltr'>nam</span> 
     </span>
     <span class='ocr_line' id='line_1_28' title="bbox 295 3363 1087 3427; baseline 0.003 -4"><span class='ocrx_word' id='word_1_172' title='bbox 295 3363 544 3425; x_wconf 73' lang='lat' dir='ltr'>vicecomerarias</span> <span class='ocrx_word' id='word_1_173' title='bbox 558 3376 624 3426; x_wconf 85' lang='lat' dir='ltr'>ante</span> <span class='ocrx_word' id='word_1_174' title='bbox 638 3365 791 3426; x_wconf 90' lang='lat' dir='ltr'>introitum</span> <span class='ocrx_word' id='word_1_175' title='bbox 810 3376 943 3426; x_wconf 90' lang='lat' dir='ltr'>nostram</span> <span class='ocrx_word' id='word_1_176' title='bbox 963 3382 1020 3427; x_wconf 90' lang='lat' dir='ltr'>uon</span> <span class='ocrx_word' id='word_1_177' title='bbox 1033 3385 1087 3427; x_wconf 84' lang='lat' dir='ltr'>ex·</span> 
     </span>
     <span class='ocr_line' id='line_1_29' title="bbox 295 3463 1087 3547; baseline 0.01 -25"><span class='ocrx_word' id='word_1_178' title='bbox 295 3464 409 3541; x_wconf 90' lang='lat' dir='ltr'>palernt</span> <span class='ocrx_word' id='word_1_179' title='bbox 420 3474 533 3543; x_wconf 78' lang='lat' dir='ltr'>gentem</span> <span class='ocrx_word' id='word_1_180' title='bbox 545 3463 649 3526; x_wconf 88' lang='lat' dir='ltr'>ibidem</span> <span class='ocrx_word' id='word_1_181' title='bbox 660 3465 837 3537; x_wconf 82' lang='lat' dir='ltr'>existentem,</span> <span class='ocrx_word' id='word_1_182' title='bbox 844 3483 937 3544; x_wconf 88' lang='lat' dir='ltr'>neque</span> <span class='ocrx_word' id='word_1_183' title='bbox 947 3467 1024 3526; x_wconf 89' lang='lat' dir='ltr'>viam</span> <span class='ocrx_word' id='word_1_184' title='bbox 1032 3486 1087 3547; x_wconf 90' lang='lat' dir='ltr'>pro</span> 
     </span>
    </p>
   </div>
   <div class='ocr_carea' id='block_1_3' title="bbox 295 3560 1088 3737">
    <p class='ocr_par' dir='ltr' id='par_1_5' title="bbox 295 3560 1088 3737">
     <span class='ocr_line' id='line_1_30' title="bbox 297 3560 1088 3642; baseline 0.008 -19"><span class='ocrx_word' id='word_1_185' title='bbox 297 3560 501 3623; x_wconf 91' lang='lat' dir='ltr'>cardinalibus</span> <span class='ocrx_word' id='word_1_186' title='bbox 510 3574 540 3625; x_wconf 91' lang='lat' dir='ltr'>et</span> <span class='ocrx_word' id='word_1_187' title='bbox 551 3563 620 3636; x_wconf 92' lang='lat' dir='ltr'>sais,</span> <span class='ocrx_word' id='word_1_188' title='bbox 631 3566 772 3625; x_wconf 89' lang='lat' dir='ltr'>conclave</span> <span class='ocrx_word' id='word_1_189' title='bbox 789 3564 899 3626; x_wconf 89' lang='lat' dir='ltr'>intrare</span> <span class='ocrx_word' id='word_1_190' title='bbox 909 3563 1088 3642; x_wconf 73' lang='lat' dir='ltr'>debentibus,</span> 
     </span>
     <span class='ocr_line' id='line_1_31' title="bbox 295 3654 1088 3737; baseline 0.01 -22"><span class='ocrx_word' id='word_1_191' title='bbox 295 3654 483 3716; x_wconf 76' lang='lat' dir='ltr'>ordinaverat</span> <span class='ocrx_word' id='word_1_192' title='bbox 505 3656 549 3716; x_wconf 91' lang='lat' dir='ltr'>vel</span> <span class='ocrx_word' id='word_1_193' title='bbox 579 3656 786 3728; x_wconf 88' lang='lat' dir='ltr'>custodiverat,</span> <span class='ocrx_word' id='word_1_194' title='bbox 816 3669 905 3737; x_wconf 90' lang='lat' dir='ltr'>prout</span> <span class='ocrx_word' id='word_1_195' title='bbox 930 3677 965 3719; x_wconf 84' lang='lat' dir='ltr'>ex</span> <span class='ocrx_word' id='word_1_196' title='bbox 991 3660 1088 3725; x_wconf 85' lang='lat' dir='ltr'>afficio</span> 
     </span>
    </p>
   </div>
   <div class='ocr_carea' id='block_1_4' title="bbox 295 3754 1088 4537">
    <p class='ocr_par' dir='ltr' id='par_1_6' title="bbox 295 3754 1088 4537">
     <span class='ocr_line' id='line_1_32' title="bbox 295 3754 1087 3836; baseline 0.009 -22"><span class='ocrx_word' id='word_1_197' title='bbox 295 3754 350 3814; x_wconf 90' lang='lat' dir='ltr'>sibi</span> <span class='ocrx_word' id='word_1_198' title='bbox 365 3754 515 3815; x_wconf 87' lang='lat' dir='ltr'>incumbit.</span> <span class='ocrx_word' id='word_1_199' title='bbox 527 3755 663 3836; x_wconf 85' lang='lat' dir='ltr'>Coppelle</span> <span class='ocrx_word' id='word_1_200' title='bbox 683 3766 777 3816; x_wconf 88' lang='lat' dir='ltr'>tamen</span> <span class='ocrx_word' id='word_1_201' title='bbox 793 3755 899 3835; x_wconf 89' lang='lat' dir='ltr'>major,</span> <span class='ocrx_word' id='word_1_202' title='bbox 913 3757 941 3817; x_wconf 92' lang='lat' dir='ltr'>in</span> <span class='ocrx_word' id='word_1_203' title='bbox 956 3775 1013 3836; x_wconf 93' lang='lat' dir='ltr'>qaa</span> <span class='ocrx_word' id='word_1_204' title='bbox 1025 3760 1087 3821; x_wconf 91' lang='lat' dir='ltr'>cel-</span> 
     </span>
     <span class='ocr_line' id='line_1_33' title="bbox 299 3852 1087 3935; baseline 0.011 -22"><span class='ocrx_word' id='word_1_205' title='bbox 299 3852 376 3914; x_wconf 87' lang='lat' dir='ltr'>lulae</span> <span class='ocrx_word' id='word_1_206' title='bbox 391 3864 474 3915; x_wconf 89' lang='lat' dir='ltr'>arant</span> <span class='ocrx_word' id='word_1_207' title='bbox 488 3867 618 3935; x_wconf 90' lang='lat' dir='ltr'>paratae,</span> <span class='ocrx_word' id='word_1_208' title='bbox 635 3867 665 3918; x_wconf 91' lang='lat' dir='ltr'>et</span> <span class='ocrx_word' id='word_1_209' title='bbox 682 3856 880 3919; x_wconf 78' lang='lat' dir='ltr'>cardinalium</span> <span class='ocrx_word' id='word_1_210' title='bbox 905 3858 1087 3935; x_wconf 88' lang='lat' dir='ltr'>munitiones,</span> 
     </span>
     <span class='ocr_line' id='line_1_34' title="bbox 298 3955 1088 4035; baseline 0.009 -21"><span class='ocrx_word' id='word_1_211' title='bbox 298 3965 328 4014; x_wconf 91' lang='lat' dir='ltr'>et</span> <span class='ocrx_word' id='word_1_212' title='bbox 344 3973 390 4016; x_wconf 88' lang='lat' dir='ltr'>res</span> <span class='ocrx_word' id='word_1_213' title='bbox 405 3955 526 4035; x_wconf 87' lang='lat' dir='ltr'>positae,</span> <span class='ocrx_word' id='word_1_214' title='bbox 536 3957 634 4018; x_wconf 92' lang='lat' dir='ltr'>clausa</span> <span class='ocrx_word' id='word_1_215' title='bbox 648 3968 722 4032; x_wconf 87' lang='lat' dir='ltr'>erat,</span> <span class='ocrx_word' id='word_1_216' title='bbox 736 3968 792 4020; x_wconf 93' lang='lat' dir='ltr'>eta</span> <span class='ocrx_word' id='word_1_217' title='bbox 809 3958 1001 4020; x_wconf 87' lang='lat' dir='ltr'>servitoribus</span> <span class='ocrx_word' id='word_1_218' title='bbox 1011 3959 1088 4021; x_wconf 88' lang='lat' dir='ltr'>cer-</span> 
     </span>
     <span class='ocr_line' id='line_1_35' title="bbox 300 4053 1086 4139; baseline 0.01 -26"><span class='ocrx_word' id='word_1_219' title='bbox 300 4053 601 4130; x_wconf 86' lang='lat' dir='ltr'>dinaliamcustodita,</span> <span class='ocrx_word' id='word_1_220' title='bbox 613 4058 765 4138; x_wconf 88' lang='lat' dir='ltr'>quaeipsis</span> <span class='ocrx_word' id='word_1_221' title='bbox 779 4070 879 4139; x_wconf 89' lang='lat' dir='ltr'>aperta</span> <span class='ocrx_word' id='word_1_222' title='bbox 893 4058 957 4119; x_wconf 83' lang='lat' dir='ltr'>luit</span> <span class='ocrx_word' id='word_1_223' title='bbox 968 4059 1086 4121; x_wconf 89' lang='lat' dir='ltr'>lnterim</span> 
     </span>
     <span class='ocr_line' id='line_1_36' title="bbox 297 4154 1087 4238; baseline 0.008 -23"><span class='ocrx_word' id='word_1_224' title='bbox 297 4154 545 4218; x_wconf 88' lang='lat' dir='ltr'>Viccoamerarius</span> <span class='ocrx_word' id='word_1_225' title='bbox 557 4156 644 4219; x_wconf 91' lang='lat' dir='ltr'>Urbis</span> <span class='ocrx_word' id='word_1_226' title='bbox 659 4176 728 4219; x_wconf 85' lang='lat' dir='ltr'>caat</span> <span class='ocrx_word' id='word_1_227' title='bbox 739 4170 823 4237; x_wconf 74' lang='lat' dir='ltr'>gente</span> <span class='ocrx_word' id='word_1_228' title='bbox 834 4169 863 4220; x_wconf 90' lang='lat' dir='ltr'>et</span> <span class='ocrx_word' id='word_1_229' title='bbox 874 4158 1017 4238; x_wconf 83' lang='lat' dir='ltr'>peditibus</span> <span class='ocrx_word' id='word_1_230' title='bbox 1028 4162 1087 4221; x_wconf 89' lang='lat' dir='ltr'>sais</span> 
     </span>
     <span class='ocr_line' id='line_1_37' title="bbox 297 4254 1088 4334; baseline 0.009 -20"><span class='ocrx_word' id='word_1_231' title='bbox 297 4255 405 4334; x_wconf 80' lang='lat' dir='ltr'>expulit</span> <span class='ocrx_word' id='word_1_232' title='bbox 419 4254 454 4317; x_wconf 88' lang='lat' dir='ltr'>da</span> <span class='ocrx_word' id='word_1_233' title='bbox 469 4256 599 4316; x_wconf 88' lang='lat' dir='ltr'>conclavi</span> <span class='ocrx_word' id='word_1_234' title='bbox 619 4273 719 4320; x_wconf 90' lang='lat' dir='ltr'>omnes</span> <span class='ocrx_word' id='word_1_235' title='bbox 737 4275 793 4319; x_wconf 93' lang='lat' dir='ltr'>non</span> <span class='ocrx_word' id='word_1_236' title='bbox 812 4257 947 4319; x_wconf 80' lang='lat' dir='ltr'>babentes</span> <span class='ocrx_word' id='word_1_237' title='bbox 964 4258 1088 4321; x_wconf 86' lang='lat' dir='ltr'>interes·</span> 
     </span>
     <span class='ocr_line' id='line_1_38' title="bbox 296 4352 1088 4446; baseline 0.009 -32"><span class='ocrx_word' id='word_1_238' title='bbox 296 4372 338 4427; x_wconf 88' lang='lat' dir='ltr'>se,</span> <span class='ocrx_word' id='word_1_239' title='bbox 353 4352 518 4417; x_wconf 87' lang='lat' dir='ltr'>Cardinales</span> <span class='ocrx_word' id='word_1_240' title='bbox 533 4371 754 4436; x_wconf 89' lang='lat' dir='ltr'>praecesserant</span> <span class='ocrx_word' id='word_1_241' title='bbox 766 4360 804 4419; x_wconf 92' lang='lat' dir='ltr'>ad</span> <span class='ocrx_word' id='word_1_242' title='bbox 821 4362 912 4422; x_wconf 88' lang='lat' dir='ltr'>altare</span> <span class='ocrx_word' id='word_1_243' title='bbox 928 4356 1024 4446; x_wconf 76' lang='lat' dir='ltr'>majaq</span> <span class='ocrx_word' id='word_1_244' title='bbox 1040 4360 1088 4421; x_wconf 91' lang='lat' dir='ltr'>di-</span> 
     </span>
     <span class='ocr_line' id='line_1_39' title="bbox 298 4454 1086 4537; baseline 0.011 -22"><span class='ocrx_word' id='word_1_245' title='bbox 298 4464 366 4515; x_wconf 89' lang='lat' dir='ltr'>ctae</span> <span class='ocrx_word' id='word_1_246' title='bbox 374 4454 492 4534; x_wconf 83' lang='lat' dir='ltr'>majoris</span> <span class='ocrx_word' id='word_1_247' title='bbox 505 4457 662 4536; x_wconf 91' lang='lat' dir='ltr'>cappellae,</span> <span class='ocrx_word' id='word_1_248' title='bbox 672 4458 752 4537; x_wconf 92' lang='lat' dir='ltr'>qaod</span> <span class='ocrx_word' id='word_1_249' title='bbox 768 4459 878 4521; x_wconf 89' lang='lat' dir='ltr'>nudam</span> <span class='ocrx_word' id='word_1_250' title='bbox 893 4472 967 4535; x_wconf 90' lang='lat' dir='ltr'>erat,</span> <span class='ocrx_word' id='word_1_251' title='bbox 977 4463 1086 4524; x_wconf 88' lang='lat' dir='ltr'>ctnibil</span> 
     </span>
    </p>
   </div>
   <div class='ocr_carea' id='block_1_5' title="bbox 298 4549 1088 4835">
    <p class='ocr_par' dir='ltr' id='par_1_7' title="bbox 298 4549 1088 4835">
     <span class='ocr_line' id='line_1_40' title="bbox 298 4549 1088 4638; baseline 0.018 -27"><span class='ocrx_word' id='word_1_252' title='bbox 298 4553 411 4631; x_wconf 89' lang='lat' dir='ltr'>penitus</span> <span class='ocrx_word' id='word_1_253' title='bbox 437 4553 560 4635; x_wconf 88' lang='lat' dir='ltr'>desuper</span> <span class='ocrx_word' id='word_1_254' title='bbox 578 4549 715 4636; x_wconf 86' lang='lat' dir='ltr'>positum,</span> <span class='ocrx_word' id='word_1_255' title='bbox 730 4557 779 4619; x_wconf 91' lang='lat' dir='ltr'>abi</span> <span class='ocrx_word' id='word_1_256' title='bbox 798 4558 909 4638; x_wconf 90' lang='lat' dir='ltr'>absque</span> <span class='ocrx_word' id='word_1_257' title='bbox 922 4561 979 4624; x_wconf 91' lang='lat' dir='ltr'>alia</span> <span class='ocrx_word' id='word_1_258' title='bbox 1000 4581 1088 4625; x_wconf 90' lang='lat' dir='ltr'>reve·</span> 
     </span>
     <span class='ocr_line' id='line_1_41' title="bbox 299 4652 1088 4743; baseline 0.018 -33"><span class='ocrx_word' id='word_1_259' title='bbox 299 4652 393 4713; x_wconf 89' lang='lat' dir='ltr'>rentia</span> <span class='ocrx_word' id='word_1_260' title='bbox 412 4654 457 4716; x_wconf 91' lang='lat' dir='ltr'>vel</span> <span class='ocrx_word' id='word_1_261' title='bbox 476 4654 673 4737; x_wconf 70' lang='lat' dir='ltr'>genardesioue</span> <span class='ocrx_word' id='word_1_262' title='bbox 684 4659 747 4737; x_wconf 88' lang='lat' dir='ltr'>ipso</span> <span class='ocrx_word' id='word_1_263' title='bbox 756 4659 842 4722; x_wconf 89' lang='lat' dir='ltr'>altari</span> <span class='ocrx_word' id='word_1_264' title='bbox 856 4660 931 4720; x_wconf 87' lang='lat' dir='ltr'>lacta</span> <span class='ocrx_word' id='word_1_265' title='bbox 946 4658 987 4743; x_wconf 87' lang='lat' dir='ltr'>(et</span> <span class='ocrx_word' id='word_1_266' title='bbox 1002 4663 1088 4737; x_wconf 90' lang='lat' dir='ltr'>male,</span> 
     </span>
     <span class='ocr_line' id='line_1_42' title="bbox 299 4750 1088 4835; baseline 0.01 -19"><span class='ocrx_word' id='word_1_267' title='bbox 299 4750 383 4817; x_wconf 90' lang='lat' dir='ltr'>debet</span> <span class='ocrx_word' id='word_1_268' title='bbox 397 4754 474 4815; x_wconf 91' lang='lat' dir='ltr'>enim</span> <span class='ocrx_word' id='word_1_269' title='bbox 495 4754 556 4818; x_wconf 90' lang='lat' dir='ltr'>lieri</span> <span class='ocrx_word' id='word_1_270' title='bbox 576 4767 606 4818; x_wconf 90' lang='lat' dir='ltr'>ct</span> <span class='ocrx_word' id='word_1_271' title='bbox 624 4757 734 4818; x_wconf 90' lang='lat' dir='ltr'>cantari</span> <span class='ocrx_word' id='word_1_272' title='bbox 754 4758 928 4835; x_wconf 83' lang='lat' dir='ltr'>versiculus,</span> <span class='ocrx_word' id='word_1_273' title='bbox 942 4772 971 4822; x_wconf 91' lang='lat' dir='ltr'>et</span> <span class='ocrx_word' id='word_1_274' title='bbox 994 4762 1088 4825; x_wconf 90' lang='lat' dir='ltr'>oratio</span> 
     </span>
    </p>
   </div>
   <div class='ocr_carea' id='block_1_6' title="bbox 298 4855 1088 4940">
    <p class='ocr_par' dir='ltr' id='par_1_8' title="bbox 298 4855 1088 4940">
     <span class='ocr_line' id='line_1_43' title="bbox 298 4855 1088 4940; baseline 0.011 -26"><span class='ocrx_word' id='word_1_275' title='bbox 298 4873 350 4933; x_wconf 91' lang='lat' dir='ltr'>per</span> <span class='ocrx_word' id='word_1_276' title='bbox 376 4855 504 4934; x_wconf 89' lang='lat' dir='ltr'>priorem</span> <span class='ocrx_word' id='word_1_277' title='bbox 530 4856 756 4940; x_wconf 86' lang='lat' dir='ltr'>episcoporum)</span> <span class='ocrx_word' id='word_1_278' title='bbox 780 4858 911 4922; x_wconf 84' lang='lat' dir='ltr'>lecerunt</span> <span class='ocrx_word' id='word_1_279' title='bbox 942 4862 1088 4923; x_wconf 90' lang='lat' dir='ltr'>circulum</span> 
     </span>
    </p>
   </div>
   <div class='ocr_carea' id='block_1_7' title="bbox 298 5068 1089 5221">
    <p class='ocr_par' dir='ltr' id='par_1_9' title="bbox 298 5068 1089 5221">
     <span class='ocr_line' id='line_1_44' title="bbox 339 5068 1089 5138; baseline 0.012 -20"><span class='ocrx_word' id='word_1_280' title='bbox 339 5070 375 5131; x_wconf 83' lang='lat' dir='ltr'>(t)</span> <span class='ocrx_word' id='word_1_281' title='bbox 395 5068 479 5121; x_wconf 79' lang='lat' dir='ltr'>iustis</span> <span class='ocrx_word' id='word_1_282' title='bbox 502 5069 667 5121; x_wconf 82' lang='lat' dir='ltr'>solemnibus</span> <span class='ocrx_word' id='word_1_283' title='bbox 683 5070 809 5122; x_wconf 89' lang='lat' dir='ltr'>delancio</span> <span class='ocrx_word' id='word_1_284' title='bbox 832 5072 950 5124; x_wconf 78' lang='lat' dir='ltr'>Pontifici</span> <span class='ocrx_word' id='word_1_285' title='bbox 970 5078 1089 5138; x_wconf 83' lang='lat' dir='ltr'>exactis,</span> 
     </span>
     <span class='ocr_line' id='line_1_45' title="bbox 298 5146 1089 5221; baseline 0.014 -26"><span class='ocrx_word' id='word_1_286' title='bbox 298 5146 452 5199; x_wconf 87' lang='lat' dir='ltr'>cardinales</span> <span class='ocrx_word' id='word_1_287' title='bbox 468 5147 502 5197; x_wconf 89' lang='lat' dir='ltr'>ad</span> <span class='ocrx_word' id='word_1_288' title='bbox 518 5147 675 5199; x_wconf 87' lang='lat' dir='ltr'>eiectionem</span> <span class='ocrx_word' id='word_1_289' title='bbox 690 5152 752 5199; x_wconf 88' lang='lat' dir='ltr'>novi</span> <span class='ocrx_word' id='word_1_290' title='bbox 767 5149 898 5203; x_wconf 81' lang='lat' dir='ltr'>Pontificis</span> <span class='ocrx_word' id='word_1_291' title='bbox 914 5164 1089 5221; x_wconf 87' lang='lat' dir='ltr'>concessuros</span> 
     </span>
    </p>
   </div>
   <div class='ocr_carea' id='block_1_8' title="bbox 188 5226 1088 5301">
    <p class='ocr_par' dir='ltr' id='par_1_10' title="bbox 188 5226 1088 5301">
     <span class='ocr_line' id='line_1_46' title="bbox 188 5226 1088 5301; baseline 0.008 -26"><span class='ocrx_word' id='word_1_292' title='bbox 188 5293 191 5301; x_wconf 30' lang='grc' dir='ltr'>Ι</span> <span class='ocrx_word' id='word_1_293' title='bbox 298 5226 453 5278; x_wconf 79' lang='lat' dir='ltr'>anitieimus</span> <span class='ocrx_word' id='word_1_294' title='bbox 470 5226 503 5278; x_wconf 90' lang='lat' dir='ltr'>da</span> <span class='ocrx_word' id='word_1_295' title='bbox 519 5226 656 5290; x_wconf 83' lang='lat' dir='ltr'>Perrerlis,</span> <span class='ocrx_word' id='word_1_296' title='bbox 672 5229 754 5280; x_wconf 90' lang='lat' dir='ltr'>totius</span> <span class='ocrx_word' id='word_1_297' title='bbox 771 5230 904 5282; x_wconf 85' lang='lat' dir='ltr'>Ecclesiae</span> <span class='ocrx_word' id='word_1_298' title='bbox 920 5232 1024 5282; x_wconf 89' lang='lat' dir='ltr'>nomina</span> <span class='ocrx_word' id='word_1_299' title='bbox 1040 5244 1088 5296; x_wconf 90' lang='lat' dir='ltr'>pro</span> 
     </span>
    </p>
   </div>
   <div class='ocr_carea' id='block_1_9' title="bbox 299 5306 1090 5755">
    <p class='ocr_par' dir='ltr' id='par_1_11' title="bbox 299 5306 1090 5755">
     <span class='ocr_line' id='line_1_47' title="bbox 301 5306 1087 5373; baseline 0.006 -18"><span class='ocrx_word' id='word_1_300' title='bbox 301 5306 429 5356; x_wconf 87' lang='lat' dir='ltr'>concione</span> <span class='ocrx_word' id='word_1_301' title='bbox 445 5306 575 5355; x_wconf 89' lang='lat' dir='ltr'>allocutus</span> <span class='ocrx_word' id='word_1_302' title='bbox 591 5308 642 5365; x_wconf 83' lang='lat' dir='ltr'>eat,</span> <span class='ocrx_word' id='word_1_303' title='bbox 652 5319 750 5370; x_wconf 73' lang='lat' dir='ltr'>rogans</span> <span class='ocrx_word' id='word_1_304' title='bbox 760 5311 790 5359; x_wconf 88' lang='lat' dir='ltr'>at</span> <span class='ocrx_word' id='word_1_305' title='bbox 800 5311 928 5373; x_wconf 88' lang='lat' dir='ltr'>optimum</span> <span class='ocrx_word' id='word_1_306' title='bbox 939 5309 1087 5361; x_wconf 78' lang='lat' dir='ltr'>Pontificem</span> 
     </span>
     <span class='ocr_line' id='line_1_48' title="bbox 300 5382 1090 5449; baseline 0.009 -17"><span class='ocrx_word' id='word_1_307' title='bbox 300 5383 426 5447; x_wconf 73' lang='lat' dir='ltr'>flagitanti</span> <span class='ocrx_word' id='word_1_308' title='bbox 438 5383 571 5435; x_wconf 79' lang='lat' dir='ltr'>Ecclesiae</span> <span class='ocrx_word' id='word_1_309' title='bbox 582 5382 738 5449; x_wconf 68' lang='lat' dir='ltr'>catenatim</span> <span class='ocrx_word' id='word_1_310' title='bbox 748 5387 849 5438; x_wconf 89' lang='lat' dir='ltr'>cleram</span> <span class='ocrx_word' id='word_1_311' title='bbox 859 5388 887 5439; x_wconf 88' lang='lat' dir='ltr'>in</span> <span class='ocrx_word' id='word_1_312' title='bbox 899 5392 1018 5440; x_wconf 82' lang='lat' dir='ltr'>vaterem</span> <span class='ocrx_word' id='word_1_313' title='bbox 1029 5401 1090 5439; x_wconf 86' lang='lat' dir='ltr'>aaa·</span> 
     </span>
     <span class='ocr_line' id='line_1_49' title="bbox 299 5463 1090 5528; baseline 0.011 -17"><span class='ocrx_word' id='word_1_314' title='bbox 299 5463 417 5515; x_wconf 86' lang='lat' dir='ltr'>ctitatem</span> <span class='ocrx_word' id='word_1_315' title='bbox 435 5463 584 5528; x_wconf 68' lang='lat' dir='ltr'>reduceret,</span> <span class='ocrx_word' id='word_1_316' title='bbox 601 5466 645 5528; x_wconf 86' lang='lat' dir='ltr'>qui</span> <span class='ocrx_word' id='word_1_317' title='bbox 661 5466 753 5518; x_wconf 86' lang='lat' dir='ltr'>literas</span> <span class='ocrx_word' id='word_1_318' title='bbox 769 5479 784 5516; x_wconf 89' lang='lat' dir='ltr'>a</span> <span class='ocrx_word' id='word_1_319' title='bbox 800 5468 872 5519; x_wconf 89' lang='lat' dir='ltr'>clero</span> <span class='ocrx_word' id='word_1_320' title='bbox 889 5468 1028 5521; x_wconf 86' lang='lat' dir='ltr'>exulantes</span> <span class='ocrx_word' id='word_1_321' title='bbox 1044 5481 1090 5520; x_wconf 90' lang='lat' dir='ltr'>re·</span> 
     </span>
     <span class='ocr_line' id='line_1_50' title="bbox 299 5540 1088 5609; baseline 0.009 -20"><span class='ocrx_word' id='word_1_322' title='bbox 299 5540 428 5601; x_wconf 87' lang='lat' dir='ltr'>duceret,</span> <span class='ocrx_word' id='word_1_323' title='bbox 443 5543 582 5605; x_wconf 86' lang='lat' dir='ltr'>pristinam</span> <span class='ocrx_word' id='word_1_324' title='bbox 607 5543 795 5595; x_wconf 82' lang='lat' dir='ltr'>authoritatem</span> <span class='ocrx_word' id='word_1_325' title='bbox 812 5544 997 5597; x_wconf 87' lang='lat' dir='ltr'>cardinalibus</span> <span class='ocrx_word' id='word_1_326' title='bbox 1018 5545 1088 5609; x_wconf 89' lang='lat' dir='ltr'>apud</span> 
     </span>
     <span class='ocr_line' id='line_1_51' title="bbox 299 5619 1088 5677; baseline 0.014 -11"><span class='ocrx_word' id='word_1_327' title='bbox 299 5621 408 5668; x_wconf 88' lang='lat' dir='ltr'>exteros</span> <span class='ocrx_word' id='word_1_328' title='bbox 432 5619 588 5670; x_wconf 87' lang='lat' dir='ltr'>vindicaret.</span> <span class='ocrx_word' id='word_1_329' title='bbox 614 5619 685 5674; x_wconf 85' lang='lat' dir='ltr'>lianc</span> <span class='ocrx_word' id='word_1_330' title='bbox 708 5623 854 5674; x_wconf 85' lang='lat' dir='ltr'>orationem</span> <span class='ocrx_word' id='word_1_331' title='bbox 871 5637 905 5675; x_wconf 83' lang='lat' dir='ltr'>ax</span> <span class='ocrx_word' id='word_1_332' title='bbox 921 5626 971 5677; x_wconf 81' lang='lat' dir='ltr'>lis.</span> <span class='ocrx_word' id='word_1_333' title='bbox 992 5625 1088 5677; x_wconf 87' lang='lat' dir='ltr'>Codice</span> 
     </span>
     <span class='ocr_line' id='line_1_52' title="bbox 299 5694 1026 5755; baseline 0.012 -12"><span class='ocrx_word' id='word_1_334' title='bbox 299 5694 370 5745; x_wconf 83' lang='lat' dir='ltr'>dedit</span> <span class='ocrx_word' id='word_1_335' title='bbox 386 5696 519 5748; x_wconf 78' lang='lat' dir='ltr'>tiamne</span> <span class='ocrx_word' id='word_1_336' title='bbox 538 5699 655 5748; x_wconf 74' lang='lat' dir='ltr'>Aaecdm.</span> <span class='ocrx_word' id='word_1_337' title='bbox 672 5702 732 5749; x_wconf 82' lang='lat' dir='ltr'>tom.</span> <span class='ocrx_word' id='word_1_338' title='bbox 748 5700 766 5749; x_wconf 93' lang='lat' dir='ltr'>l.</span> <span class='ocrx_word' id='word_1_339' title='bbox 783 5702 832 5752; x_wconf 91' lang='lat' dir='ltr'>col.</span> <span class='ocrx_word' id='word_1_340' title='bbox 850 5707 918 5755; x_wconf 77' lang='lat'><strong>175⁷.</strong></span> <span class='ocrx_word' id='word_1_341' title='bbox 934 5704 1026 5754; x_wconf 74' lang='lat' dir='ltr'>uenat.</span> 
     </span>
    </p>
   </div>
   <div class='ocr_carea' id='block_1_10' title="bbox 1847 621 1960 704">
    <p class='ocr_par' dir='ltr' id='par_1_12' title="bbox 1847 621 1960 704">
     <span class='ocr_line' id='line_1_53' title="bbox 1847 621 1960 704; baseline 0 -18"><span class='ocrx_word' id='word_1_342' title='bbox 1847 621 1960 704; x_wconf 79' lang='lat' dir='ltr'>(resq</span> 
     </span>
    </p>
   </div>
   <div class='ocr_carea' id='block_1_11' title="bbox 1156 757 1969 5765">
    <p class='ocr_par' dir='ltr' id='par_1_13' title="bbox 1156 757 1969 5765">
     <span class='ocr_line' id='line_1_54' title="bbox 1158 757 1957 841; baseline 0.008 -24"><span class='ocrx_word' id='word_1_343' title='bbox 1158 758 1210 837; x_wconf 83' lang='lat' dir='ltr'>ipsi</span> <span class='ocrx_word' id='word_1_344' title='bbox 1224 759 1402 833; x_wconf 78' lang='lat' dir='ltr'>cardinales,</span> <span class='ocrx_word' id='word_1_345' title='bbox 1413 770 1441 820; x_wconf 88' lang='lat' dir='ltr'>et</span> <span class='ocrx_word' id='word_1_346' title='bbox 1456 769 1520 839; x_wconf 88' lang='lat' dir='ltr'>post</span> <span class='ocrx_word' id='word_1_347' title='bbox 1535 757 1647 820; x_wconf 90' lang='lat' dir='ltr'>modica</span> <span class='ocrx_word' id='word_1_348' title='bbox 1659 758 1761 834; x_wconf 76' lang='lat' dir='ltr'>umba,</span> <span class='ocrx_word' id='word_1_349' title='bbox 1775 759 1846 822; x_wconf 87' lang='lat' dir='ltr'>aiva</span> <span class='ocrx_word' id='word_1_350' title='bbox 1863 778 1957 841; x_wconf 87' lang='lat' dir='ltr'>panca</span> 
     </span>
     <span class='ocr_line' id='line_1_55' title="bbox 1159 856 1958 938; baseline 0.005 -17"><span class='ocrx_word' id='word_1_351' title='bbox 1159 876 1211 937; x_wconf 89' lang='lat' dir='ltr'>per</span> <span class='ocrx_word' id='word_1_352' title='bbox 1224 858 1500 921; x_wconf 81' lang='lat' dir='ltr'>Vicemnccllariam</span> <span class='ocrx_word' id='word_1_353' title='bbox 1515 856 1602 932; x_wconf 88' lang='lat' dir='ltr'>dicta,</span> <span class='ocrx_word' id='word_1_354' title='bbox 1616 876 1691 938; x_wconf 89' lang='lat' dir='ltr'>quae</span> <span class='ocrx_word' id='word_1_355' title='bbox 1704 871 1805 924; x_wconf 85' lang='lat' dir='ltr'>tamen</span> <span class='ocrx_word' id='word_1_356' title='bbox 1822 880 1886 924; x_wconf 92' lang='lat' dir='ltr'>non</span> <span class='ocrx_word' id='word_1_357' title='bbox 1903 880 1958 924; x_wconf 83' lang='lat' dir='ltr'>an·</span> 
     </span>
     <span class='ocr_line' id='line_1_56' title="bbox 1158 956 1959 1033; baseline 0.009 -15"><span class='ocrx_word' id='word_1_358' title='bbox 1158 956 1218 1019; x_wconf 86' lang='lat' dir='ltr'>diri</span> <span class='ocrx_word' id='word_1_359' title='bbox 1243 961 1288 1021; x_wconf 88' lang='lat' dir='ltr'>vel</span> <span class='ocrx_word' id='word_1_360' title='bbox 1312 958 1457 1033; x_wconf 83' lang='lat' dir='ltr'>intellexi,</span> <span class='ocrx_word' id='word_1_361' title='bbox 1477 967 1555 1020; x_wconf 87' lang='lat' dir='ltr'>stans</span> <span class='ocrx_word' id='word_1_362' title='bbox 1569 958 1599 1018; x_wconf 88' lang='lat' dir='ltr'>in</span> <span class='ocrx_word' id='word_1_363' title='bbox 1619 971 1747 1028; x_wconf 86' lang='lat' dir='ltr'>remoto.</span> <span class='ocrx_word' id='word_1_364' title='bbox 1767 962 1873 1023; x_wconf 67' lang='lat' dir='ltr'>anull</span> <span class='ocrx_word' id='word_1_365' title='bbox 1891 974 1959 1025; x_wconf 81' lang='lat' dir='ltr'>stmt</span> 
     </span>
     <span class='ocr_line' id='line_1_57' title="bbox 1158 1058 1959 1144; baseline 0.009 -26"><span class='ocrx_word' id='word_1_366' title='bbox 1158 1075 1267 1133; x_wconf 87' lang='lat' dir='ltr'>omncs,</span> <span class='ocrx_word' id='word_1_367' title='bbox 1282 1060 1332 1137; x_wconf 90' lang='lat' dir='ltr'>qai</span> <span class='ocrx_word' id='word_1_368' title='bbox 1347 1058 1452 1120; x_wconf 87' lang='lat' dir='ltr'>ibidem</span> <span class='ocrx_word' id='word_1_369' title='bbox 1465 1058 1495 1119; x_wconf 91' lang='lat' dir='ltr'>in</span> <span class='ocrx_word' id='word_1_370' title='bbox 1508 1059 1589 1132; x_wconf 87' lang='lat' dir='ltr'>aula,</span> <span class='ocrx_word' id='word_1_371' title='bbox 1600 1061 1647 1121; x_wconf 90' lang='lat' dir='ltr'>vel</span> <span class='ocrx_word' id='word_1_372' title='bbox 1660 1061 1739 1124; x_wconf 86' lang='lat' dir='ltr'>cirea</span> <span class='ocrx_word' id='word_1_373' title='bbox 1754 1063 1889 1144; x_wconf 82' lang='lat' dir='ltr'>reperii-l</span> <span class='ocrx_word' id='word_1_374' title='bbox 1902 1081 1959 1144; x_wconf 92' lang='lat' dir='ltr'>po·</span> 
     </span>
     <span class='ocr_line' id='line_1_58' title="bbox 1159 1155 1959 1241; baseline 0.013 -25"><span class='ocrx_word' id='word_1_375' title='bbox 1159 1166 1278 1220; x_wconf 89' lang='lat' dir='ltr'>tacrant</span> <span class='ocrx_word' id='word_1_376' title='bbox 1298 1158 1335 1217; x_wconf 90' lang='lat' dir='ltr'>ad</span> <span class='ocrx_word' id='word_1_377' title='bbox 1359 1155 1526 1232; x_wconf 88' lang='lat' dir='ltr'>secandam,</span> <span class='ocrx_word' id='word_1_378' title='bbox 1545 1160 1671 1236; x_wconf 85' lang='lat' dir='ltr'>tertiam,</span> <span class='ocrx_word' id='word_1_379' title='bbox 1684 1172 1715 1223; x_wconf 90' lang='lat' dir='ltr'>ct</span> <span class='ocrx_word' id='word_1_380' title='bbox 1733 1173 1882 1241; x_wconf 78' lang='lat' dir='ltr'>quartam</span> <span class='ocrx_word' id='word_1_381' title='bbox 1900 1181 1959 1226; x_wconf 87' lang='lat' dir='ltr'>cu·</span> 
     </span>
     <span class='ocr_line' id='line_1_59' title="bbox 1158 1256 1957 1338; baseline 0.008 -19"><span class='ocrx_word' id='word_1_382' title='bbox 1158 1259 1264 1320; x_wconf 81' lang='lat' dir='ltr'>nodas</span> <span class='ocrx_word' id='word_1_383' title='bbox 1274 1258 1407 1319; x_wconf 88' lang='lat' dir='ltr'>conclavi</span> <span class='ocrx_word' id='word_1_384' title='bbox 1417 1256 1555 1337; x_wconf 84' lang='lat' dir='ltr'>deputati,</span> <span class='ocrx_word' id='word_1_385' title='bbox 1568 1259 1674 1338; x_wconf 88' lang='lat' dir='ltr'>quibus</span> <span class='ocrx_word' id='word_1_386' title='bbox 1688 1278 1790 1323; x_wconf 76' lang='lat' dir='ltr'>cor-am</span> <span class='ocrx_word' id='word_1_387' title='bbox 1805 1262 1957 1327; x_wconf 73' lang='lat' dir='ltr'>carmu-</span> 
     </span>
     <span class='ocr_line' id='line_1_60' title="bbox 1162 1356 1956 1442; baseline 0.01 -24"><span class='ocrx_word' id='word_1_388' title='bbox 1162 1358 1250 1434; x_wconf 85' lang='lat' dir='ltr'>libas,</span> <span class='ocrx_word' id='word_1_389' title='bbox 1272 1369 1302 1420; x_wconf 92' lang='lat' dir='ltr'>et</span> <span class='ocrx_word' id='word_1_390' title='bbox 1320 1357 1442 1436; x_wconf 72' lang='lat' dir='ltr'>collegio</span> <span class='ocrx_word' id='word_1_391' title='bbox 1459 1356 1610 1438; x_wconf 89' lang='lat' dir='ltr'>praedicto</span> <span class='ocrx_word' id='word_1_392' title='bbox 1635 1361 1837 1442; x_wconf 67' lang='lat' dir='ltr'>congregatis,</span> <span class='ocrx_word' id='word_1_393' title='bbox 1857 1362 1899 1426; x_wconf 62' lang='lat' dir='ltr'>R</span> <span class='ocrx_word' id='word_1_394' title='bbox 1920 1364 1956 1425; x_wconf 81' lang='lat' dir='ltr'>ll.</span> 
     </span>
     <span class='ocr_line' id='line_1_61' title="bbox 1159 1459 1957 1541; baseline 0.01 -22"><span class='ocrx_word' id='word_1_395' title='bbox 1159 1459 1430 1531; x_wconf 82' lang='lat' dir='ltr'>vicecancellarius,</span> <span class='ocrx_word' id='word_1_396' title='bbox 1457 1468 1605 1537; x_wconf 88' lang='lat' dir='ltr'>tamquam</span> <span class='ocrx_word' id='word_1_397' title='bbox 1632 1463 1715 1541; x_wconf 89' lang='lat' dir='ltr'>prior</span> <span class='ocrx_word' id='word_1_398' title='bbox 1737 1462 1957 1540; x_wconf 81' lang='lat' dir='ltr'>Cardinalinat,</span> 
     </span>
     <span class='ocr_line' id='line_1_62' title="bbox 1160 1557 1957 1645; baseline 0.011 -26"><span class='ocrx_word' id='word_1_399' title='bbox 1160 1561 1294 1622; x_wconf 87' lang='lat' dir='ltr'>recitarit</span> <span class='ocrx_word' id='word_1_400' title='bbox 1315 1577 1366 1620; x_wconf 88' lang='lat' dir='ltr'>eos</span> <span class='ocrx_word' id='word_1_401' title='bbox 1384 1557 1423 1618; x_wconf 86' lang='lat' dir='ltr'>ad</span> <span class='ocrx_word' id='word_1_402' title='bbox 1443 1558 1605 1620; x_wconf 87' lang='lat' dir='ltr'>custodiam</span> <span class='ocrx_word' id='word_1_403' title='bbox 1629 1562 1776 1624; x_wconf 81' lang='lat' dir='ltr'>amiclaris</span> <span class='ocrx_word' id='word_1_404' title='bbox 1795 1562 1957 1645; x_wconf 85' lang='lat' dir='ltr'>deputatos</span> 
     </span>
     <span class='ocr_line' id='line_1_63' title="bbox 1157 1657 1957 1741; baseline 0.008 -18"><span class='ocrx_word' id='word_1_405' title='bbox 1157 1679 1230 1735; x_wconf 84' lang='lat' dir='ltr'>esec,</span> <span class='ocrx_word' id='word_1_406' title='bbox 1241 1671 1396 1741; x_wconf 84' lang='lat' dir='ltr'>propterea</span> <span class='ocrx_word' id='word_1_407' title='bbox 1416 1659 1451 1720; x_wconf 88' lang='lat' dir='ltr'>de</span> <span class='ocrx_word' id='word_1_408' title='bbox 1469 1657 1591 1721; x_wconf 87' lang='lat' dir='ltr'>ddeliter</span> <span class='ocrx_word' id='word_1_409' title='bbox 1609 1661 1797 1725; x_wconf 83' lang='lat' dir='ltr'>custodiendo</span> <span class='ocrx_word' id='word_1_410' title='bbox 1809 1666 1957 1728; x_wconf 70' lang='lat' dir='ltr'>monera</span> 
     </span>
     <span class='ocr_line' id='line_1_64' title="bbox 1159 1757 1957 1845; baseline 0.008 -25"><span class='ocrx_word' id='word_1_411' title='bbox 1159 1759 1264 1841; x_wconf 89' lang='lat' dir='ltr'>ipsum,</span> <span class='ocrx_word' id='word_1_412' title='bbox 1285 1771 1314 1822; x_wconf 87' lang='lat' dir='ltr'>et</span> <span class='ocrx_word' id='word_1_413' title='bbox 1336 1757 1503 1837; x_wconf 76' lang='lat' dir='ltr'>collegium,</span> <span class='ocrx_word' id='word_1_414' title='bbox 1522 1768 1553 1820; x_wconf 90' lang='lat' dir='ltr'>et</span> <span class='ocrx_word' id='word_1_415' title='bbox 1574 1757 1731 1833; x_wconf 85' lang='lat' dir='ltr'>Palatium,</span> <span class='ocrx_word' id='word_1_416' title='bbox 1749 1773 1779 1823; x_wconf 89' lang='lat' dir='ltr'>et</span> <span class='ocrx_word' id='word_1_417' title='bbox 1799 1780 1864 1825; x_wconf 85' lang='lat' dir='ltr'>nort</span> <span class='ocrx_word' id='word_1_418' title='bbox 1882 1782 1957 1845; x_wconf 88' lang='lat' dir='ltr'>par·</span> 
     </span>
     <span class='ocr_line' id='line_1_65' title="bbox 1159 1856 1956 1938; baseline 0.006 -18"><span class='ocrx_word' id='word_1_419' title='bbox 1159 1858 1296 1921; x_wconf 87' lang='lat' dir='ltr'>mittendo</span> <span class='ocrx_word' id='word_1_420' title='bbox 1319 1856 1521 1920; x_wconf 85' lang='lat' dir='ltr'>Cardinalibus</span> <span class='ocrx_word' id='word_1_421' title='bbox 1549 1859 1679 1938; x_wconf 87' lang='lat' dir='ltr'>aliquam</span> <span class='ocrx_word' id='word_1_422' title='bbox 1707 1860 1808 1922; x_wconf 77' lang='lat' dir='ltr'>inferri</span> <span class='ocrx_word' id='word_1_423' title='bbox 1836 1864 1956 1925; x_wconf 81' lang='lat' dir='ltr'>violen-</span> 
     </span>
     <span class='ocr_line' id='line_1_66' title="bbox 1159 1958 1955 2033; baseline 0.006 -13"><span class='ocrx_word' id='word_1_424' title='bbox 1159 1961 1249 2033; x_wconf 86' lang='lat' dir='ltr'>tiam,</span> <span class='ocrx_word' id='word_1_425' title='bbox 1278 1977 1313 2019; x_wconf 92' lang='lat' dir='ltr'>ac</span> <span class='ocrx_word' id='word_1_426' title='bbox 1337 1959 1489 2021; x_wconf 89' lang='lat' dir='ltr'>canonicas</span> <span class='ocrx_word' id='word_1_427' title='bbox 1510 1958 1670 2021; x_wconf 89' lang='lat' dir='ltr'>sanctiones</span> <span class='ocrx_word' id='word_1_428' title='bbox 1694 1959 1858 2023; x_wconf 67' lang='lat' dir='ltr'>obsarm</span> <span class='ocrx_word' id='word_1_429' title='bbox 1878 1963 1955 2025; x_wconf 81' lang='lat' dir='ltr'>velle</span> 
     </span>
     <span class='ocr_line' id='line_1_67' title="bbox 1157 2057 1955 2142; baseline 0.005 -22"><span class='ocrx_word' id='word_1_430' title='bbox 1157 2077 1246 2142; x_wconf 90' lang='lat' dir='ltr'>anper</span> <span class='ocrx_word' id='word_1_431' title='bbox 1265 2060 1321 2123; x_wconf 92' lang='lat' dir='ltr'>boc</span> <span class='ocrx_word' id='word_1_432' title='bbox 1336 2058 1524 2140; x_wconf 89' lang='lat' dir='ltr'>disputantes,</span> <span class='ocrx_word' id='word_1_433' title='bbox 1535 2057 1641 2137; x_wconf 84' lang='lat' dir='ltr'>jurare</span> <span class='ocrx_word' id='word_1_434' title='bbox 1654 2070 1801 2139; x_wconf 89' lang='lat' dir='ltr'>oportere,</span> <span class='ocrx_word' id='word_1_435' title='bbox 1815 2059 1879 2123; x_wconf 80' lang='lat' dir='ltr'>Sic</span> <span class='ocrx_word' id='word_1_436' title='bbox 1895 2080 1955 2125; x_wconf 82' lang='lat' dir='ltr'>asoa</span> 
     </span>
     <span class='ocr_line' id='line_1_68' title="bbox 1158 2159 1954 2245; baseline 0 -20"><span class='ocrx_word' id='word_1_437' title='bbox 1158 2163 1245 2225; x_wconf 74' lang='lat' dir='ltr'>bene</span> <span class='ocrx_word' id='word_1_438' title='bbox 1263 2162 1404 2245; x_wconf 75' lang='lat' dir='ltr'>adjacet,</span> <span class='ocrx_word' id='word_1_439' title='bbox 1424 2170 1455 2222; x_wconf 88' lang='lat' dir='ltr'>et</span> <span class='ocrx_word' id='word_1_440' title='bbox 1477 2170 1589 2221; x_wconf 79' lang='lat' dir='ltr'>coacto</span> <span class='ocrx_word' id='word_1_441' title='bbox 1609 2159 1672 2221; x_wconf 83' lang='lat' dir='ltr'>lici</span> <span class='ocrx_word' id='word_1_442' title='bbox 1693 2160 1878 2241; x_wconf 78' lang='lat' dir='ltr'>Eoonpclt&#39;n</span> <span class='ocrx_word' id='word_1_443' title='bbox 1888 2184 1904 2235; x_wconf 78' lang='lat'>,-</span> <span class='ocrx_word' id='word_1_444' title='bbox 1924 2175 1954 2225; x_wconf 89' lang='lat' dir='ltr'>ct</span> 
     </span>
     <span class='ocr_line' id='line_1_69' title="bbox 1159 2260 1953 2350; baseline 0.005 -27"><span class='ocrx_word' id='word_1_445' title='bbox 1159 2275 1277 2344; x_wconf 90' lang='lat' dir='ltr'>recepto</span> <span class='ocrx_word' id='word_1_446' title='bbox 1290 2281 1343 2343; x_wconf 92' lang='lat' dir='ltr'>per</span> <span class='ocrx_word' id='word_1_447' title='bbox 1354 2260 1487 2323; x_wconf 90' lang='lat' dir='ltr'>eamdem</span> <span class='ocrx_word' id='word_1_448' title='bbox 1498 2261 1776 2350; x_wconf 78' lang='lat' dir='ltr'>llicacanccilarlarn</span> <span class='ocrx_word' id='word_1_449' title='bbox 1790 2263 1953 2339; x_wconf 78' lang='lat' dir='ltr'>breviatio,</span> 
     </span>
     <span class='ocr_line' id='line_1_70' title="bbox 1158 2360 1952 2447; baseline 0.005 -24"><span class='ocrx_word' id='word_1_450' title='bbox 1158 2371 1342 2425; x_wconf 86' lang='lat' dir='ltr'>accesserant</span> <span class='ocrx_word' id='word_1_451' title='bbox 1360 2372 1510 2423; x_wconf 89' lang='lat' dir='ltr'>antaeum</span> <span class='ocrx_word' id='word_1_452' title='bbox 1524 2360 1630 2440; x_wconf 72' lang='lat' dir='ltr'>singuli</span> <span class='ocrx_word' id='word_1_453' title='bbox 1650 2364 1796 2439; x_wconf 89' lang='lat' dir='ltr'>custodes,</span> <span class='ocrx_word' id='word_1_454' title='bbox 1808 2377 1843 2427; x_wconf 93' lang='lat' dir='ltr'>nt</span> <span class='ocrx_word' id='word_1_455' title='bbox 1861 2383 1952 2447; x_wconf 82' lang='lat' dir='ltr'>snpra</span> 
     </span>
     <span class='ocr_line' id='line_1_71' title="bbox 1158 2461 1953 2544; baseline 0.005 -19"><span class='ocrx_word' id='word_1_456' title='bbox 1158 2462 1286 2544; x_wconf 86' lang='lat' dir='ltr'>deputati</span> <span class='ocrx_word' id='word_1_457' title='bbox 1312 2461 1416 2524; x_wconf 91' lang='lat' dir='ltr'>ibidem</span> <span class='ocrx_word' id='word_1_458' title='bbox 1434 2474 1612 2543; x_wconf 62' lang='lat' dir='ltr'>praesentem</span> <span class='ocrx_word' id='word_1_459' title='bbox 1630 2474 1660 2526; x_wconf 92' lang='lat' dir='ltr'>ct</span> <span class='ocrx_word' id='word_1_460' title='bbox 1680 2463 1847 2543; x_wconf 71' lang='lat' dir='ltr'>genuflexi,</span> <span class='ocrx_word' id='word_1_461' title='bbox 1867 2467 1953 2529; x_wconf 87' lang='lat' dir='ltr'>tactis</span> 
     </span>
     <span class='ocr_line' id='line_1_72' title="bbox 1157 2561 1952 2645; baseline 0.001 -19"><span class='ocrx_word' id='word_1_462' title='bbox 1157 2564 1311 2645; x_wconf 83' lang='lat' dir='ltr'>scripturis</span> <span class='ocrx_word' id='word_1_463' title='bbox 1330 2561 1457 2625; x_wconf 57' lang='lat' dir='ltr'>medem</span> <span class='ocrx_word' id='word_1_464' title='bbox 1480 2561 1618 2624; x_wconf 83' lang='lat' dir='ltr'>breviarii</span> <span class='ocrx_word' id='word_1_465' title='bbox 1634 2563 1775 2625; x_wconf 71' lang='lat' dir='ltr'>amhbns</span> <span class='ocrx_word' id='word_1_466' title='bbox 1795 2566 1952 2640; x_wconf 82' lang='lat' dir='ltr'>manibus,</span> 
     </span>
     <span class='ocr_line' id='line_1_73' title="bbox 1158 2661 1952 2744; baseline 0.004 -19"><span class='ocrx_word' id='word_1_467' title='bbox 1158 2665 1316 2744; x_wconf 82' lang='lat' dir='ltr'>praemissa</span> <span class='ocrx_word' id='word_1_468' title='bbox 1334 2683 1365 2725; x_wconf 92' lang='lat' dir='ltr'>se</span> <span class='ocrx_word' id='word_1_469' title='bbox 1382 2664 1591 2725; x_wconf 82' lang='lat' dir='ltr'>observaturos</span> <span class='ocrx_word' id='word_1_470' title='bbox 1607 2661 1796 2741; x_wconf 84' lang='lat' dir='ltr'>jnraverunt.</span> <span class='ocrx_word' id='word_1_471' title='bbox 1813 2666 1894 2727; x_wconf 75' lang='lat' dir='ltr'>&#39;dum</span> <span class='ocrx_word' id='word_1_472' title='bbox 1914 2670 1952 2729; x_wconf 86' lang='lat' dir='ltr'>ad</span> 
     </span>
     <span class='ocr_line' id='line_1_74' title="bbox 1158 2763 1955 2843; baseline 0.011 -21"><span class='ocrx_word' id='word_1_473' title='bbox 1158 2782 1211 2824; x_wconf 87' lang='lat' dir='ltr'>aaa</span> <span class='ocrx_word' id='word_1_474' title='bbox 1229 2764 1292 2825; x_wconf 89' lang='lat' dir='ltr'>loca</span> <span class='ocrx_word' id='word_1_475' title='bbox 1311 2763 1463 2825; x_wconf 87' lang='lat' dir='ltr'>redierunt</span> <span class='ocrx_word' id='word_1_476' title='bbox 1475 2765 1593 2843; x_wconf 74' lang='lat' dir='ltr'>singuli,</span> <span class='ocrx_word' id='word_1_477' title='bbox 1608 2775 1638 2825; x_wconf 90' lang='lat' dir='ltr'>et</span> <span class='ocrx_word' id='word_1_478' title='bbox 1654 2763 1720 2827; x_wconf 83' lang='lat' dir='ltr'>itit.</span> <span class='ocrx_word' id='word_1_479' title='bbox 1732 2764 1795 2826; x_wconf 83' lang='lat' dir='ltr'>ltu.</span> <span class='ocrx_word' id='word_1_480' title='bbox 1805 2766 1955 2830; x_wconf 76' lang='lat' dir='ltr'>Cardine-</span> 
     </span>
     <span class='ocr_line' id='line_1_75' title="bbox 1159 2864 1950 2947; baseline 0.006 -22"><span class='ocrx_word' id='word_1_481' title='bbox 1159 2864 1200 2925; x_wconf 92' lang='lat' dir='ltr'>les</span> <span class='ocrx_word' id='word_1_482' title='bbox 1214 2864 1250 2923; x_wconf 92' lang='lat' dir='ltr'>ad</span> <span class='ocrx_word' id='word_1_483' title='bbox 1264 2881 1332 2923; x_wconf 87' lang='lat' dir='ltr'>sues</span> <span class='ocrx_word' id='word_1_484' title='bbox 1344 2881 1476 2925; x_wconf 84' lang='lat' dir='ltr'>cameras</span> <span class='ocrx_word' id='word_1_485' title='bbox 1489 2883 1520 2927; x_wconf 91' lang='lat' dir='ltr'>aa</span> <span class='ocrx_word' id='word_1_486' title='bbox 1539 2876 1721 2947; x_wconf 81' lang='lat' dir='ltr'>receperant</span> <span class='ocrx_word' id='word_1_487' title='bbox 1739 2866 1849 2931; x_wconf 87' lang='lat' dir='ltr'>Deinde</span> <span class='ocrx_word' id='word_1_488' title='bbox 1863 2867 1950 2931; x_wconf 69' lang='lat' dir='ltr'>ab.</span> 
     </span>
     <span class='ocr_line' id='line_1_76' title="bbox 1158 2962 1953 3046; baseline 0.004 -19"><span class='ocrx_word' id='word_1_489' title='bbox 1158 2962 1366 3036; x_wconf 89' lang='lat' dir='ltr'>camerarius,</span> <span class='ocrx_word' id='word_1_490' title='bbox 1391 2975 1510 3046; x_wconf 91' lang='lat' dir='ltr'>accepto</span> <span class='ocrx_word' id='word_1_491' title='bbox 1535 2966 1705 3037; x_wconf 89' lang='lat' dir='ltr'>intorticio,</span> <span class='ocrx_word' id='word_1_492' title='bbox 1725 2966 1806 3028; x_wconf 90' lang='lat' dir='ltr'>nobis</span> <span class='ocrx_word' id='word_1_493' title='bbox 1833 2968 1953 3030; x_wconf 69' lang='lat' dir='ltr'>eteius</span> 
     </span>
     <span class='ocr_line' id='line_1_77' title="bbox 1158 3066 1954 3145; baseline 0.004 -18"><span class='ocrx_word' id='word_1_494' title='bbox 1158 3067 1390 3129; x_wconf 89' lang='lat' dir='ltr'>ceremoniarum</span> <span class='ocrx_word' id='word_1_495' title='bbox 1410 3067 1503 3145; x_wconf 91' lang='lat' dir='ltr'>ipsam</span> <span class='ocrx_word' id='word_1_496' title='bbox 1522 3066 1743 3139; x_wconf 87' lang='lat' dir='ltr'>comitantibus,</span> <span class='ocrx_word' id='word_1_497' title='bbox 1760 3077 1857 3129; x_wconf 73' lang='lat' dir='ltr'>tmam</span> <span class='ocrx_word' id='word_1_498' title='bbox 1877 3085 1954 3130; x_wconf 92' lang='lat' dir='ltr'>con·</span> 
     </span>
     <span class='ocr_line' id='line_1_78' title="bbox 1158 3166 1953 3246; baseline 0.001 -18"><span class='ocrx_word' id='word_1_499' title='bbox 1158 3170 1241 3229; x_wconf 87' lang='lat' dir='ltr'>clave</span> <span class='ocrx_word' id='word_1_500' title='bbox 1253 3167 1359 3230; x_wconf 88' lang='lat' dir='ltr'>circuit</span> <span class='ocrx_word' id='word_1_501' title='bbox 1372 3168 1459 3228; x_wconf 89' lang='lat' dir='ltr'>etiam</span> <span class='ocrx_word' id='word_1_502' title='bbox 1473 3185 1526 3246; x_wconf 87' lang='lat' dir='ltr'>par</span> <span class='ocrx_word' id='word_1_503' title='bbox 1541 3170 1688 3228; x_wconf 89' lang='lat' dir='ltr'>caminam</span> <span class='ocrx_word' id='word_1_504' title='bbox 1702 3166 1843 3229; x_wconf 85' lang='lat' dir='ltr'>secandae</span> <span class='ocrx_word' id='word_1_505' title='bbox 1853 3170 1953 3242; x_wconf 81' lang='lat' dir='ltr'>aulae,</span> 
     </span>
     <span class='ocr_line' id='line_1_79' title="bbox 1157 3266 1953 3348; baseline 0.003 -19"><span class='ocrx_word' id='word_1_506' title='bbox 1157 3278 1187 3330; x_wconf 89' lang='lat' dir='ltr'>et</span> <span class='ocrx_word' id='word_1_507' title='bbox 1212 3269 1240 3329; x_wconf 88' lang='lat' dir='ltr'>in</span> <span class='ocrx_word' id='word_1_508' title='bbox 1265 3266 1378 3329; x_wconf 87' lang='lat' dir='ltr'>duobus</span> <span class='ocrx_word' id='word_1_509' title='bbox 1398 3269 1469 3329; x_wconf 89' lang='lat' dir='ltr'>locis</span> <span class='ocrx_word' id='word_1_510' title='bbox 1494 3286 1550 3348; x_wconf 90' lang='lat' dir='ltr'>pro</span> <span class='ocrx_word' id='word_1_511' title='bbox 1579 3269 1745 3329; x_wconf 87' lang='lat' dir='ltr'>necessariis</span> <span class='ocrx_word' id='word_1_512' title='bbox 1762 3268 1898 3343; x_wconf 85' lang='lat' dir='ltr'>dimissis,</span> <span class='ocrx_word' id='word_1_513' title='bbox 1915 3286 1953 3331; x_wconf 88' lang='lat' dir='ltr'>tte</span> 
     </span>
     <span class='ocr_line' id='line_1_80' title="bbox 1158 3366 1952 3447; baseline 0.003 -19"><span class='ocrx_word' id='word_1_514' title='bbox 1158 3368 1222 3445; x_wconf 91' lang='lat' dir='ltr'>qais</span> <span class='ocrx_word' id='word_1_515' title='bbox 1247 3366 1354 3429; x_wconf 88' lang='lat' dir='ltr'>ibidem</span> <span class='ocrx_word' id='word_1_516' title='bbox 1374 3378 1449 3429; x_wconf 90' lang='lat' dir='ltr'>esset</span> <span class='ocrx_word' id='word_1_517' title='bbox 1466 3366 1648 3430; x_wconf 87' lang='lat' dir='ltr'>absconditas</span> <span class='ocrx_word' id='word_1_518' title='bbox 1667 3370 1719 3447; x_wconf 93' lang='lat' dir='ltr'>qai</span> <span class='ocrx_word' id='word_1_519' title='bbox 1739 3370 1873 3431; x_wconf 84' lang='lat' dir='ltr'>conclavi</span> <span class='ocrx_word' id='word_1_520' title='bbox 1893 3385 1952 3430; x_wconf 89' lang='lat' dir='ltr'>naa</span> 
     </span>
     <span class='ocr_line' id='line_1_81' title="bbox 1158 3467 1953 3549; baseline 0.001 -19"><span class='ocrx_word' id='word_1_521' title='bbox 1158 3467 1275 3530; x_wconf 87' lang='lat' dir='ltr'>deberet</span> <span class='ocrx_word' id='word_1_522' title='bbox 1295 3469 1442 3541; x_wconf 89' lang='lat' dir='ltr'>interesse,</span> <span class='ocrx_word' id='word_1_523' title='bbox 1460 3480 1501 3541; x_wconf 89' lang='lat' dir='ltr'>et,</span> <span class='ocrx_word' id='word_1_524' title='bbox 1522 3467 1634 3531; x_wconf 86' lang='lat' dir='ltr'>nemina</span> <span class='ocrx_word' id='word_1_525' title='bbox 1647 3480 1775 3549; x_wconf 82' lang='lat' dir='ltr'>reperto,</span> <span class='ocrx_word' id='word_1_526' title='bbox 1788 3470 1890 3531; x_wconf 88' lang='lat' dir='ltr'>clausa</span> <span class='ocrx_word' id='word_1_527' title='bbox 1908 3481 1953 3531; x_wconf 90' lang='lat' dir='ltr'>est</span> 
     </span>
     <span class='ocr_line' id='line_1_82' title="bbox 1157 3568 1952 3651; baseline 0.005 -23"><span class='ocrx_word' id='word_1_528' title='bbox 1157 3569 1302 3630; x_wconf 87' lang='lat' dir='ltr'>conclavis</span> <span class='ocrx_word' id='word_1_529' title='bbox 1313 3580 1397 3649; x_wconf 84' lang='lat' dir='ltr'>porta</span> <span class='ocrx_word' id='word_1_530' title='bbox 1408 3568 1520 3630; x_wconf 92' lang='lat' dir='ltr'>duabus</span> <span class='ocrx_word' id='word_1_531' title='bbox 1529 3570 1687 3632; x_wconf 85' lang='lat' dir='ltr'>serraturis</span> <span class='ocrx_word' id='word_1_532' title='bbox 1696 3581 1814 3651; x_wconf 86' lang='lat' dir='ltr'>praeter</span> <span class='ocrx_word' id='word_1_533' title='bbox 1822 3572 1952 3651; x_wconf 87' lang='lat' dir='ltr'>sportel-</span> 
     </span>
     <span class='ocr_line' id='line_1_83' title="bbox 1158 3668 1953 3749; baseline 0.001 -18"><span class='ocrx_word' id='word_1_534' title='bbox 1158 3671 1233 3745; x_wconf 91' lang='lat' dir='ltr'>lam,</span> <span class='ocrx_word' id='word_1_535' title='bbox 1248 3688 1376 3749; x_wconf 89' lang='lat' dir='ltr'>quaram</span> <span class='ocrx_word' id='word_1_536' title='bbox 1386 3668 1539 3731; x_wconf 89' lang='lat' dir='ltr'>ambarum</span> <span class='ocrx_word' id='word_1_537' title='bbox 1558 3670 1764 3731; x_wconf 85' lang='lat' dir='ltr'>clausurarum</span> <span class='ocrx_word' id='word_1_538' title='bbox 1778 3671 1878 3733; x_wconf 83' lang='lat' dir='ltr'>clares</span> <span class='ocrx_word' id='word_1_539' title='bbox 1894 3688 1953 3732; x_wconf 92' lang='lat' dir='ltr'>ca·</span> 
     </span>
     <span class='ocr_line' id='line_1_84' title="bbox 1157 3770 1952 3851; baseline 0 -19"><span class='ocrx_word' id='word_1_540' title='bbox 1157 3771 1251 3834; x_wconf 91' lang='lat' dir='ltr'>stodes</span> <span class='ocrx_word' id='word_1_541' title='bbox 1260 3770 1297 3831; x_wconf 91' lang='lat' dir='ltr'>ab</span> <span class='ocrx_word' id='word_1_542' title='bbox 1307 3782 1388 3832; x_wconf 80' lang='lat' dir='ltr'>extra</span> <span class='ocrx_word' id='word_1_543' title='bbox 1397 3771 1470 3831; x_wconf 88' lang='lat' dir='ltr'>nribl</span> <span class='ocrx_word' id='word_1_544' title='bbox 1479 3771 1709 3851; x_wconf 70' lang='lat' dir='ltr'>assignaverant.</span> <span class='ocrx_word' id='word_1_545' title='bbox 1723 3770 1856 3833; x_wconf 86' lang='lat' dir='ltr'>ilabebat</span> <span class='ocrx_word' id='word_1_546' title='bbox 1866 3781 1952 3851; x_wconf 90' lang='lat' dir='ltr'>porta</span> 
     </span>
     <span class='ocr_line' id='line_1_85' title="bbox 1156 3871 1951 3959; baseline 0 -28"><span class='ocrx_word' id='word_1_547' title='bbox 1156 3872 1218 3954; x_wconf 90' lang='lat' dir='ltr'>ipsa</span> <span class='ocrx_word' id='word_1_548' title='bbox 1243 3873 1323 3935; x_wconf 87' lang='lat' dir='ltr'>eirca</span> <span class='ocrx_word' id='word_1_549' title='bbox 1351 3872 1478 3959; x_wconf 82' lang='lat' dir='ltr'>mediam</span> <span class='ocrx_word' id='word_1_550' title='bbox 1506 3872 1678 3952; x_wconf 87' lang='lat' dir='ltr'>sportellam</span> <span class='ocrx_word' id='word_1_551' title='bbox 1698 3872 1781 3952; x_wconf 88' lang='lat' dir='ltr'>qaasi</span> <span class='ocrx_word' id='word_1_552' title='bbox 1800 3871 1951 3951; x_wconf 90' lang='lat' dir='ltr'>quadram</span> 
     </span>
     <span class='ocr_line' id='line_1_86' title="bbox 1157 3971 1952 4054; baseline 0.003 -23"><span class='ocrx_word' id='word_1_553' title='bbox 1157 3971 1284 4037; x_wconf 89' lang='lat' dir='ltr'>duorum</span> <span class='ocrx_word' id='word_1_554' title='bbox 1310 3974 1495 4054; x_wconf 89' lang='lat' dir='ltr'>palmorum,</span> <span class='ocrx_word' id='word_1_555' title='bbox 1515 3974 1561 4035; x_wconf 88' lang='lat' dir='ltr'>val</span> <span class='ocrx_word' id='word_1_556' title='bbox 1579 3973 1658 4035; x_wconf 91' lang='lat' dir='ltr'>circa</span> <span class='ocrx_word' id='word_1_557' title='bbox 1681 3992 1738 4054; x_wconf 92' lang='lat' dir='ltr'>pro</span> <span class='ocrx_word' id='word_1_558' title='bbox 1755 3972 1952 4034; x_wconf 76' lang='lat' dir='ltr'>malamorta</span> 
     </span>
     <span class='ocr_line' id='line_1_87' title="bbox 1157 4073 1952 4154; baseline -0.001 -18"><span class='ocrx_word' id='word_1_559' title='bbox 1157 4074 1275 4137; x_wconf 85' lang='lat' dir='ltr'>cibariis</span> <span class='ocrx_word' id='word_1_560' title='bbox 1289 4085 1319 4137; x_wconf 87' lang='lat' dir='ltr'>et</span> <span class='ocrx_word' id='word_1_561' title='bbox 1331 4074 1395 4135; x_wconf 89' lang='lat' dir='ltr'>aliis</span> <span class='ocrx_word' id='word_1_562' title='bbox 1411 4074 1588 4148; x_wconf 82' lang='lat' dir='ltr'>mcessariis,</span> <span class='ocrx_word' id='word_1_563' title='bbox 1603 4073 1682 4154; x_wconf 91' lang='lat' dir='ltr'>quod</span> <span class='ocrx_word' id='word_1_564' title='bbox 1701 4073 1814 4135; x_wconf 91' lang='lat' dir='ltr'>duabus</span> <span class='ocrx_word' id='word_1_565' title='bbox 1828 4075 1952 4147; x_wconf 84' lang='lat' dir='ltr'>clausu·</span> 
     </span>
     <span class='ocr_line' id='line_1_88' title="bbox 1157 4172 1951 4253; baseline 0.003 -18"><span class='ocrx_word' id='word_1_566' title='bbox 1157 4178 1198 4239; x_wconf 92' lang='lat' dir='ltr'>ris</span> <span class='ocrx_word' id='word_1_567' title='bbox 1215 4176 1399 4249; x_wconf 87' lang='lat' dir='ltr'>serrabatur,</span> <span class='ocrx_word' id='word_1_568' title='bbox 1412 4193 1471 4235; x_wconf 93' lang='lat' dir='ltr'>ana</span> <span class='ocrx_word' id='word_1_569' title='bbox 1489 4175 1526 4235; x_wconf 92' lang='lat' dir='ltr'>ab</span> <span class='ocrx_word' id='word_1_570' title='bbox 1541 4186 1635 4249; x_wconf 81' lang='lat' dir='ltr'>extra,</span> <span class='ocrx_word' id='word_1_571' title='bbox 1652 4172 1739 4253; x_wconf 79' lang='lat' dir='ltr'>cujas</span> <span class='ocrx_word' id='word_1_572' title='bbox 1759 4175 1873 4238; x_wconf 88' lang='lat' dir='ltr'>clavem</span> <span class='ocrx_word' id='word_1_573' title='bbox 1894 4194 1951 4238; x_wconf 90' lang='lat' dir='ltr'>au·</span> 
     </span>
     <span class='ocr_line' id='line_1_89' title="bbox 1156 4274 1951 4359; baseline -0.001 -21"><span class='ocrx_word' id='word_1_574' title='bbox 1156 4278 1251 4342; x_wconf 87' lang='lat' dir='ltr'>stodes</span> <span class='ocrx_word' id='word_1_575' title='bbox 1270 4276 1410 4359; x_wconf 87' lang='lat' dir='ltr'>praedicti</span> <span class='ocrx_word' id='word_1_576' title='bbox 1425 4277 1602 4351; x_wconf 79' lang='lat' dir='ltr'>servabant3</span> <span class='ocrx_word' id='word_1_577' title='bbox 1618 4278 1676 4339; x_wconf 92' lang='lat' dir='ltr'>alia</span> <span class='ocrx_word' id='word_1_578' title='bbox 1693 4277 1731 4338; x_wconf 92' lang='lat' dir='ltr'>ab</span> <span class='ocrx_word' id='word_1_579' title='bbox 1746 4278 1840 4350; x_wconf 86' lang='lat' dir='ltr'>intua,</span> <span class='ocrx_word' id='word_1_580' title='bbox 1863 4274 1951 4354; x_wconf 82' lang='lat' dir='ltr'>cujus</span> 
     </span>
     <span class='ocr_line' id='line_1_90' title="bbox 1156 4377 1951 4459; baseline 0.001 -19"><span class='ocrx_word' id='word_1_581' title='bbox 1156 4381 1269 4442; x_wconf 89' lang='lat' dir='ltr'>clavem</span> <span class='ocrx_word' id='word_1_582' title='bbox 1281 4397 1336 4459; x_wconf 74' lang='lat' dir='ltr'>ego</span> <span class='ocrx_word' id='word_1_583' title='bbox 1352 4378 1470 4441; x_wconf 89' lang='lat' dir='ltr'>retinui.</span> <span class='ocrx_word' id='word_1_584' title='bbox 1484 4377 1551 4449; x_wconf 81' lang='lat' dir='ltr'>Quo</span> <span class='ocrx_word' id='word_1_585' title='bbox 1563 4378 1640 4441; x_wconf 83' lang='lat' dir='ltr'>lacto</span> <span class='ocrx_word' id='word_1_586' title='bbox 1655 4390 1796 4441; x_wconf 71' lang='lat' dir='ltr'>vetarunt</span> <span class='ocrx_word' id='word_1_587' title='bbox 1810 4392 1951 4443; x_wconf 89' lang='lat' dir='ltr'>cornutae</span> 
     </span>
     <span class='ocr_line' id='line_1_91' title="bbox 1157 4479 1950 4561; baseline -0.001 -19"><span class='ocrx_word' id='word_1_588' title='bbox 1157 4479 1356 4542; x_wconf 84' lang='lat' dir='ltr'>cardinalium</span> <span class='ocrx_word' id='word_1_589' title='bbox 1373 4490 1454 4543; x_wconf 84' lang='lat' dir='ltr'>extra</span> <span class='ocrx_word' id='word_1_590' title='bbox 1477 4479 1515 4541; x_wconf 91' lang='lat' dir='ltr'>ad</span> <span class='ocrx_word' id='word_1_591' title='bbox 1538 4480 1713 4561; x_wconf 89' lang='lat' dir='ltr'>sportellam</span> <span class='ocrx_word' id='word_1_592' title='bbox 1738 4498 1807 4542; x_wconf 91' lang='lat' dir='ltr'>cam</span> <span class='ocrx_word' id='word_1_593' title='bbox 1831 4480 1950 4542; x_wconf 89' lang='lat' dir='ltr'>cibariis</span> 
     </span>
     <span class='ocr_line' id='line_1_92' title="bbox 1156 4582 1951 4662; baseline -0.001 -18"><span class='ocrx_word' id='word_1_594' title='bbox 1156 4601 1272 4656; x_wconf 90' lang='lat' dir='ltr'>eorum,</span> <span class='ocrx_word' id='word_1_595' title='bbox 1297 4601 1371 4662; x_wconf 82' lang='lat' dir='ltr'>qaas</span> <span class='ocrx_word' id='word_1_596' title='bbox 1393 4600 1445 4645; x_wconf 89' lang='lat' dir='ltr'>nos</span> <span class='ocrx_word' id='word_1_597' title='bbox 1463 4582 1568 4643; x_wconf 88' lang='lat' dir='ltr'>ibidem</span> <span class='ocrx_word' id='word_1_598' title='bbox 1587 4582 1762 4662; x_wconf 88' lang='lat' dir='ltr'>accepimus,</span> <span class='ocrx_word' id='word_1_599' title='bbox 1780 4593 1810 4644; x_wconf 90' lang='lat' dir='ltr'>et</span> <span class='ocrx_word' id='word_1_600' title='bbox 1828 4583 1951 4662; x_wconf 70' lang='lat' dir='ltr'>siugulis</span> 
     </span>
     <span class='ocr_line' id='line_1_93' title="bbox 1157 4682 1949 4747; baseline 0.003 -3"><span class='ocrx_word' id='word_1_601' title='bbox 1157 4682 1353 4745; x_wconf 89' lang='lat' dir='ltr'>cardinalium</span> <span class='ocrx_word' id='word_1_602' title='bbox 1364 4682 1554 4747; x_wconf 88' lang='lat' dir='ltr'>servitoribus</span> <span class='ocrx_word' id='word_1_603' title='bbox 1569 4683 1795 4745; x_wconf 80' lang='lat' dir='ltr'>ministravimus</span> <span class='ocrx_word' id='word_1_604' title='bbox 1811 4702 1848 4746; x_wconf 90' lang='lat' dir='ltr'>co</span> <span class='ocrx_word' id='word_1_605' title='bbox 1865 4684 1949 4746; x_wconf 88' lang='lat' dir='ltr'>ordi·</span> 
     </span>
     <span class='ocr_line' id='line_1_94' title="bbox 1157 4783 1949 4865; baseline -0.001 -18"><span class='ocrx_word' id='word_1_606' title='bbox 1157 4802 1204 4858; x_wconf 90' lang='lat' dir='ltr'>ne,</span> <span class='ocrx_word' id='word_1_607' title='bbox 1220 4803 1307 4864; x_wconf 90' lang='lat' dir='ltr'>quem</span> <span class='ocrx_word' id='word_1_608' title='bbox 1323 4784 1399 4846; x_wconf 82' lang='lat' dir='ltr'>inira</span> <span class='ocrx_word' id='word_1_609' title='bbox 1418 4783 1569 4857; x_wconf 78' lang='lat' dir='ltr'>dicamas3</span> <span class='ocrx_word' id='word_1_610' title='bbox 1592 4795 1622 4847; x_wconf 91' lang='lat' dir='ltr'>et</span> <span class='ocrx_word' id='word_1_611' title='bbox 1640 4786 1773 4847; x_wconf 82' lang='lat' dir='ltr'>iecerunt</span> <span class='ocrx_word' id='word_1_612' title='bbox 1791 4785 1949 4865; x_wconf 89' lang='lat' dir='ltr'>prandium</span> 
     </span>
     <span class='ocr_line' id='line_1_95' title="bbox 1157 4883 1951 4959; baseline 0.004 -13"><span class='ocrx_word' id='word_1_613' title='bbox 1157 4885 1224 4946; x_wconf 85' lang='lat' dir='ltr'>llll.</span> <span class='ocrx_word' id='word_1_614' title='bbox 1248 4883 1310 4946; x_wconf 81' lang='lat' dir='ltr'>titi.</span> <span class='ocrx_word' id='word_1_615' title='bbox 1327 4883 1495 4946; x_wconf 87' lang='lat' dir='ltr'>Cardlnalea</span> <span class='ocrx_word' id='word_1_616' title='bbox 1505 4906 1516 4957; x_wconf 72' lang='grc' dir='ltr'><strong>ς</strong></span> <span class='ocrx_word' id='word_1_617' title='bbox 1537 4883 1637 4947; x_wconf 88' lang='lat' dir='ltr'>deiude</span> <span class='ocrx_word' id='word_1_618' title='bbox 1661 4889 1817 4949; x_wconf 82' lang='lat' dir='ltr'>servitores</span> <span class='ocrx_word' id='word_1_619' title='bbox 1830 4887 1900 4959; x_wconf 88' lang='lat' dir='ltr'>sni,</span> <span class='ocrx_word' id='word_1_620' title='bbox 1920 4899 1951 4949; x_wconf 93' lang='lat' dir='ltr'>ct</span> 
     </span>
     <span class='ocr_line' id='line_1_96' title="bbox 1158 4984 1949 5066; baseline -0.003 -16"><span class='ocrx_word' id='word_1_621' title='bbox 1158 5007 1211 5051; x_wconf 84' lang='lat' dir='ltr'>nos</span> <span class='ocrx_word' id='word_1_622' title='bbox 1232 5006 1300 5050; x_wconf 90' lang='lat' dir='ltr'>curn</span> <span class='ocrx_word' id='word_1_623' title='bbox 1316 4985 1392 5066; x_wconf 89' lang='lat' dir='ltr'>ipsis.</span> <span class='ocrx_word' id='word_1_624' title='bbox 1405 4984 1499 5046; x_wconf 81' lang='lat' dir='ltr'>[irent</span> <span class='ocrx_word' id='word_1_625' title='bbox 1512 4984 1588 5046; x_wconf 88' lang='lat' dir='ltr'>enim</span> <span class='ocrx_word' id='word_1_626' title='bbox 1604 4986 1634 5046; x_wconf 93' lang='lat' dir='ltr'>in</span> <span class='ocrx_word' id='word_1_627' title='bbox 1651 4986 1783 5048; x_wconf 85' lang='lat' dir='ltr'>cortclavi</span> <span class='ocrx_word' id='word_1_628' title='bbox 1797 4985 1862 5047; x_wconf 73' lang='lat' dir='ltr'>itit</span> <span class='ocrx_word' id='word_1_629' title='bbox 1884 4986 1949 5048; x_wconf 83' lang='lat' dir='ltr'>tiu.</span> 
     </span>
     <span class='ocr_line' id='line_1_97' title="bbox 1157 5084 1951 5163; baseline -0.001 -13"><span class='ocrx_word' id='word_1_630' title='bbox 1157 5086 1324 5151; x_wconf 88' lang='lat' dir='ltr'>cardinales</span> <span class='ocrx_word' id='word_1_631' title='bbox 1339 5102 1407 5147; x_wconf 81' lang='lat' dir='ltr'>xxv</span> <span class='ocrx_word' id='word_1_632' title='bbox 1424 5102 1550 5163; x_wconf 90' lang='lat' dir='ltr'>quoram</span> <span class='ocrx_word' id='word_1_633' title='bbox 1567 5084 1688 5162; x_wconf 88' lang='lat' dir='ltr'>quilibet</span> <span class='ocrx_word' id='word_1_634' title='bbox 1701 5086 1775 5149; x_wconf 88' lang='lat' dir='ltr'>dttos</span> <span class='ocrx_word' id='word_1_635' title='bbox 1793 5089 1951 5149; x_wconf 88' lang='lat' dir='ltr'>servitores</span> 
     </span>
     <span class='ocr_line' id='line_1_98' title="bbox 1160 5182 1951 5265; baseline 0.003 -18"><span class='ocrx_word' id='word_1_636' title='bbox 1160 5187 1304 5259; x_wconf 87' lang='lat' dir='ltr'>babebat,</span> <span class='ocrx_word' id='word_1_637' title='bbox 1331 5185 1454 5265; x_wconf 85' lang='lat' dir='ltr'>exeeptis</span> <span class='ocrx_word' id='word_1_638' title='bbox 1482 5182 1685 5247; x_wconf 83' lang='lat' dir='ltr'>Mediolanensi</span> <span class='ocrx_word' id='word_1_639' title='bbox 1710 5197 1740 5248; x_wconf 91' lang='lat' dir='ltr'>et</span> <span class='ocrx_word' id='word_1_640' title='bbox 1769 5186 1951 5249; x_wconf 84' lang='lat' dir='ltr'>cerundertsi</span> 
     </span>
     <span class='ocr_line' id='line_1_99' title="bbox 1158 5282 1951 5366; baseline -0.005 -14"><span class='ocrx_word' id='word_1_641' title='bbox 1158 5286 1361 5352; x_wconf 89' lang='lat' dir='ltr'>cardinalibus</span> <span class='ocrx_word' id='word_1_642' title='bbox 1380 5282 1514 5358; x_wconf 87' lang='lat' dir='ltr'>indrmis,</span> <span class='ocrx_word' id='word_1_643' title='bbox 1527 5302 1655 5362; x_wconf 90' lang='lat' dir='ltr'>quornm</span> <span class='ocrx_word' id='word_1_644' title='bbox 1674 5287 1796 5366; x_wconf 90' lang='lat' dir='ltr'>quisque</span> <span class='ocrx_word' id='word_1_645' title='bbox 1811 5296 1872 5350; x_wconf 87' lang='lat' dir='ltr'>tras</span> <span class='ocrx_word' id='word_1_646' title='bbox 1892 5286 1951 5348; x_wconf 90' lang='lat' dir='ltr'>be·</span> 
     </span>
     <span class='ocr_line' id='line_1_100' title="bbox 1159 5382 1969 5463; baseline 0.004 -13"><span class='ocrx_word' id='word_1_647' title='bbox 1159 5388 1252 5450; x_wconf 90' lang='lat' dir='ltr'>babat.</span> <span class='ocrx_word' id='word_1_648' title='bbox 1270 5386 1357 5450; x_wconf 89' lang='lat' dir='ltr'>Ultra</span> <span class='ocrx_word' id='word_1_649' title='bbox 1372 5402 1447 5463; x_wconf 93' lang='lat' dir='ltr'>quos</span> <span class='ocrx_word' id='word_1_650' title='bbox 1466 5382 1658 5447; x_wconf 80' lang='lat' dir='ltr'>interluceant</span> <span class='ocrx_word' id='word_1_651' title='bbox 1678 5386 1765 5447; x_wconf 88' lang='lat' dir='ltr'>abbas</span> <span class='ocrx_word' id='word_1_652' title='bbox 1777 5387 1870 5448; x_wconf 83' lang='lat' dir='ltr'>aancd</span> <span class='ocrx_word' id='word_1_653' title='bbox 1891 5384 1969 5454; x_wconf 54' lang='lat' dir='ltr'>Ser</span> 
     </span>
     <span class='ocr_line' id='line_1_101' title="bbox 1160 5484 1951 5565; baseline -0.001 -17"><span class='ocrx_word' id='word_1_654' title='bbox 1160 5487 1290 5558; x_wconf 87' lang='lat' dir='ltr'>hostiani,</span> <span class='ocrx_word' id='word_1_655' title='bbox 1300 5484 1441 5557; x_wconf 70' lang='lat' dir='ltr'>Sacrum,</span> <span class='ocrx_word' id='word_1_656' title='bbox 1453 5501 1522 5545; x_wconf 92' lang='lat' dir='ltr'>cam</span> <span class='ocrx_word' id='word_1_657' title='bbox 1543 5502 1603 5546; x_wconf 93' lang='lat' dir='ltr'>uno</span> <span class='ocrx_word' id='word_1_658' title='bbox 1618 5485 1739 5558; x_wconf 87' lang='lat' dir='ltr'>lamala,</span> <span class='ocrx_word' id='word_1_659' title='bbox 1757 5486 1836 5565; x_wconf 93' lang='lat' dir='ltr'>qaod</span> <span class='ocrx_word' id='word_1_660' title='bbox 1853 5496 1951 5550; x_wconf 88' lang='lat' dir='ltr'>tamen</span> 
     </span>
     <span class='ocr_line' id='line_1_102' title="bbox 1160 5583 1952 5666; baseline 0 -19"><span class='ocrx_word' id='word_1_661' title='bbox 1160 5586 1215 5648; x_wconf 86' lang='lat' dir='ltr'>init</span> <span class='ocrx_word' id='word_1_662' title='bbox 1227 5595 1344 5666; x_wconf 90' lang='lat' dir='ltr'>praeter</span> <span class='ocrx_word' id='word_1_663' title='bbox 1361 5583 1491 5658; x_wconf 90' lang='lat' dir='ltr'>solitum,</span> <span class='ocrx_word' id='word_1_664' title='bbox 1503 5594 1533 5646; x_wconf 93' lang='lat' dir='ltr'>ct</span> <span class='ocrx_word' id='word_1_665' title='bbox 1551 5583 1695 5646; x_wconf 70' lang='lat' dir='ltr'>debitam</span> <span class='ocrx_word' id='word_1_666' title='bbox 1708 5586 1777 5663; x_wconf 92' lang='lat' dir='ltr'>quia</span> <span class='ocrx_word' id='word_1_667' title='bbox 1796 5586 1876 5648; x_wconf 88' lang='lat' dir='ltr'>solus</span> <span class='ocrx_word' id='word_1_668' title='bbox 1896 5585 1952 5647; x_wconf 90' lang='lat' dir='ltr'>de·</span> 
     </span>
     <span class='ocr_line' id='line_1_103' title="bbox 1160 5681 1949 5765; baseline -0.006 -17"><span class='ocrx_word' id='word_1_669' title='bbox 1160 5688 1244 5748; x_wconf 89' lang='lat' dir='ltr'>bebat</span> <span class='ocrx_word' id='word_1_670' title='bbox 1258 5687 1414 5756; x_wconf 80' lang='lat' dir='ltr'>interessc3</span> <span class='ocrx_word' id='word_1_671' title='bbox 1430 5686 1543 5765; x_wconf 88' lang='lat' dir='ltr'>aceepit</span> <span class='ocrx_word' id='word_1_672' title='bbox 1554 5695 1652 5745; x_wconf 79' lang='lat' dir='ltr'>aalma</span> <span class='ocrx_word' id='word_1_673' title='bbox 1668 5681 1762 5758; x_wconf 87' lang='lat' dir='ltr'>illam,</span> <span class='ocrx_word' id='word_1_674' title='bbox 1775 5696 1809 5746; x_wconf 91' lang='lat' dir='ltr'>nt</span> <span class='ocrx_word' id='word_1_675' title='bbox 1822 5685 1877 5748; x_wconf 91' lang='lat' dir='ltr'>sibi</span> <span class='ocrx_word' id='word_1_676' title='bbox 1893 5684 1949 5745; x_wconf 80' lang='lat' dir='ltr'>ssa-</span> 
     </span>
    </p>
   </div>
   <div class='ocr_carea' id='block_1_12' title="bbox 0 0 2250 6853">
    <p class='ocr_par' dir='ltr' id='par_1_14' title="bbox 0 0 2250 6853">
     <span class='ocr_line' id='line_1_104' title="bbox 0 0 2250 6853; baseline 0 0"><span class='ocrx_word' id='word_1_677' title='bbox 0 0 2250 6853; x_wconf 95' lang='lat' dir='ltr'> </span> 
     </span>
    </p>
   </div>
  </div>
 </body>
</html>
