4492 6859
293 607 401 692 (raas)

343 741 457 801 blissale
483 772 523 784 —
543 738 712 799 Pontificale
732 774 770 789 ·-
796 739 883 801 Liber·
909 739 1086 820 Euangelio-

296 860 365 902 ram
385 874 424 886 -
443 839 531 899 liber
550 839 750 919 Epistularum
769 873 809 886 -
830 839 942 902 Lancea
961 859 1017 921 pro
1032 859 1086 901 ae·

294 944 364 1005 sillo
385 941 458 1021 Regi
478 939 571 1001 dando
590 938 737 1001 -Liber
763 942 977 1014 laetaniarum,
997 957 1084 1019 quem

301 1052 394 1105 nmen
417 1052 555 1122 poterant
584 1051 717 1102 cantores
751 1042 828 1120 apud
856 1061 887 1103 se
919 1054 1036 1113 tenere,
1056 1049 1086 1101 et

293 1161 392 1202 secum
426 1154 570 1222 portare,
600 1143 715 1220 quando
736 1142 830 1202 dicent
856 1142 1023 1203 [suetonium
1044 1174 1085 1187 -

294 1243 379 1305 Dalla
422 1243 618 1322 Indulgentiae
651 1245 797 1322 plenariae
828 1245 963 1324 alligatur
995 1261 1086 1322 prope

295 1346 388 1406 altare
405 1389 413 1417 ,
433 1357 466 1405 ut
488 1346 524 1403 ab
542 1346 676 1405 omnibns
708 1346 898 1406 ridentur-
924 1345 1020 1425 Prope
1039 1344 1087 1404 al·

294 1457 355 1507 tare
390 1459 510 1525 paretur·
530 1447 723 1508 faldistorium
749 1466 818 1508 cam
848 1465 902 1508 sao
922 1448 1036 1507 cassino
1056 1456 1086 1505 et

294 1559 434 1627 cooperta
455 1549 490 1608 de
507 1548 647 1609 bruccato
668 1568 758 1610 aureo
776 1549 940 1611 cremesino
954 1567 1009 1628 pro
1027 1546 1087 1608 Le·

294 1659 362 1726 gato
388 1682 423 1692 -
451 1649 665 1708 Faldistorium
690 1650 782 1709 simile
804 1667 872 1710 cum
898 1669 951 1710 suo
974 1650 1087 1710 cassino

294 1759 324 1809 et
339 1761 473 1828 cooperta
486 1748 519 1809 dc
535 1750 677 1810 bruccato
694 1769 783 1812 aureo
804 1752 870 1811 albo
885 1770 940 1832 pro
957 1750 1036 1829 Rege·
1046 1781 1087 1794 -

296 1848 383 1910 Aliud
408 1849 600 1911 faldistorium
618 1851 704 1911 altius
734 1869 801 1910 cum
822 1871 876 1912 sao
894 1850 1042 1922 scabello,
1058 1860 1087 1909 et

296 1951 410 2010 duobus
440 1952 574 2024 cussinis,
599 1970 633 2011 ac
664 1962 800 2030 cooperta
820 1955 912 2012 simile
940 1952 1005 2011 alba
1032 1969 1087 2029 pro

296 2052 389 2131 Rege,
401 2070 488 2129 saper
504 2052 593 2130 quod,
607 2053 677 2112 dnm
698 2054 843 2114 consessio
863 2054 891 2112 in
912 2054 997 2114 llissa
1013 2053 1088 2112 dici·

295 2152 537 2230 tur·‚genussectet
551 2185 589 2197 -
605 2153 739 2222 Duataor
763 2156 811 2213 alii
828 2155 935 2214 cassini
956 2155 1088 2214 braccati

295 2251 352 2310 albi
367 2270 422 2329 pro
435 2250 515 2329 Rege
532 2251 647 2328 quando
665 2271 766 2312 coram
776 2251 886 2332 Legata
905 2251 1088 2332 genuflectet,

295 2362 325 2412 ct
346 2352 400 2410 sab
420 2352 542 2412 laetania
572 2354 803 2431 prosternabitur·
819 2386 855 2396 —
880 2354 946 2414 Duo
964 2354 1089 2415 scabella

296 2452 402 2512 viridia
431 2470 486 2531 pro
520 2451 631 2511 duobus
664 2455 800 2532 praelatis
833 2453 905 2533 Regi
931 2454 1090 2515 assistenti·

296 2553 351 2625 bus
364 2584 401 2598 -
414 2552 500 2611 aliud
520 2552 612 2611 simile
632 2572 688 2632 pro
705 2555 825 2614 laetania
840 2573 925 2633 saper
942 2572 1000 2633 quo
1018 2573 1090 2615 can·

297 2664 374 2713 rores
394 2661 504 2731 ponunt
525 2653 636 2712 librum
667 2687 707 2702 -
732 2655 857 2714 Scarnna
876 2674 930 2734 pro
952 2656 1089 2733 praelatis

297 2756 405 2832 paratis
419 2755 471 2831 qui
489 2754 624 2814 sedebunt
637 2754 667 2812 in
681 2756 886 2827 anterioribus,
907 2756 974 2815 hinc
985 2767 1014 2815 et
1025 2755 1090 2816 inda

299 2863 388 2933 caput
404 2863 546 2913 uertentes
566 2873 666 2914 sersus
681 2856 779 2916 altare
797 2891 832 2902 ·-
850 2857 1006 2917 Thalamus
1021 2877 1090 2918 curn

298 2955 364 3014 sede
385 2956 475 3033 regali
497 2966 526 3014 et
547 2956 704 3033 posterguli
732 2988 773 3001 -
793 2958 1003 3018 Faldistoriurn
1028 2960 1090 3021 sive

298 3055 403 3115 sediala
418 3074 485 3116 cum
500 3057 576 3135 palso
591 3056 725 3117 braccati
739 3070 768 3118 et
786 3058 902 3120 duobus
927 3062 1033 3120 casinis
1054 3063 1090 3122 ad

301 3153 549 3232 genuflectendum
564 3176 618 3236 pro
630 3158 708 3236 Rege
722 3190 757 3200 -
773 3160 886 3223 lllisaale
909 3181 965 3242 pro
980 3161 1091 3241 Legata

302 3288 341 3299 -·
359 3256 474 3318 lllissale
494 3278 550 3337 pro
570 3260 651 3338 Rege
674 3292 709 3307 -
733 3262 863 3322 Scanrna
886 3266 948 3324 sire
968 3265 1090 3325 scabella

301 3375 356 3434 pro
379 3360 524 3436 regalibus
547 3392 586 3404 —
607 3362 823 3423 baldachinum
847 3383 901 3443 pro
924 3364 1014 3444 Rege,
1036 3367 1091 3426 sub

300 3476 371 3534 quo,
394 3472 559 3531 coronatus,
577 3460 658 3522 linita
680 3465 777 3535 Missa,
792 3467 931 3542 equitabit
950 3485 1001 3545 per·
1017 3469 1092 3527 ciri·

301 3570 389 3620 tatem
408 3605 417 3633 ,
439 3563 516 3638 quod
537 3573 671 3642 paratura
695 3566 835 3626 habeatur
861 3586 950 3647 propa
978 3580 1091 3648 portam

305 3661 490 3741 principalem
516 3667 671 3738 ecclesiae,
692 3687 744 3747 per·
759 3686 846 3745 quam
862 3669 923 3729 Res
943 3682 1010 3730 tunc
1029 3673 1092 3731 exi·

302 3761 342 3820 bit
365 3795 402 3807 -·
429 3764 525 3825 leacus
552 3786 606 3846 pro
637 3769 865 3828 curatoribus-
889 3771 1012 3831 Scamna
1039 3792 1093 3851 pro

302 3862 463 3924 Baronibus
475 3878 529 3925 etc.
539 3901 576 3912 -
587 3868 725 3928 Sacristia
736 3869 773 3927 ad
793 3871 967 3930 vestiendum
975 3871 1091 3949 Regem.

344 3964 470 4024 Praelati
503 3976 644 4044 parentur
675 3988 763 4046 saper
804 3970 946 4042 rocheto,
966 3972 1093 4045 amictu,

304 4067 519 4144 superpellicio,
540 4069 624 4139 stola,
652 4070 781 4147 pluviali,
803 4083 833 4130 et
853 4072 939 4129 mitra
960 4073 1094 4151 simplici,

304 4170 361 4240 acl,
384 4168 450 4227 loco
475 4169 686 4246 superpellicii,
702 4180 837 4248 poterant
855 4192 957 4252 capere
977 4173 1093 4248 albam,

302 4279 332 4329 et
354 4269 503 4346 cingulum
508 4290 518 4341 3
538 4270 611 4327 stola
625 4280 652 4359 et
669 4272 795 4349 pluviale
810 4284 947 4352 poterunt
961 4294 1021 4336 esse
1035 4276 1094 4335 albi

307 4372 354 4432 vel
389 4371 472 4431 rubei
504 4371 626 4445 coloris,
660 4374 728 4450 quia
751 4375 834 4435 albus
857 4378 938 4437 color·
961 4380 1093 4439 convenit

305 4474 501 4546 coronationi,
523 4485 552 4534 et
570 4475 679 4535 rubeus
694 4476 817 4548 hlissac,
839 4479 962 4555 quaeda
981 4479 1094 4557 Spiritu

306 4575 414 4635 Sanam
427 4576 552 4649 dicetur,
565 4587 594 4636 et
609 4580 732 4655 quilibet
749 4578 851 4639 habeat
866 4578 1045 4652 Pontificalc,
1066 4592 1095 4641 et

306 4695 397 4737 anum
416 4676 624 4756 Cappellanam
645 4682 848 4759 superpellicio
870 4682 1003 4743 indutum
1027 4701 1094 4743 carn

306 4779 443 4857 mappula
466 4780 541 4839 collo
559 4780 720 4858 pendente,
743 4782 795 4860 qui
814 4783 868 4842 sibi
885 4783 918 4845 de
935 4782 1094 4845 l'ontilicali

306 4880 415 4940 marial
435 4892 465 4940 et
485 4880 519 4941 de
536 4882 633 4942 mitra.

311 5058 316 5066 .
353 4981 382 5040 ln
403 5000 469 5042 sero
490 4983 676 5060 praecedente
691 4986 768 5045 diam
784 4988 989 5059 coronationis,
1010 4988 1096 5047 clau·

309 5080 397 5142 datar
419 5083 538 5143 ecclesia
559 5094 588 5143 et
609 5086 741 5147 custodes
758 5087 948 5148 adhibeantur
962 5089 1095 5149 omnibus

311 5184 425 5262 portis,
444 5196 473 5245 et
494 5186 559 5244 loco
579 5195 730 5247 cantorum
740 5232 750 5261 ‚
770 5201 927 5268 suggesto,
944 5190 1095 5269 presbyte-

312 5287 377 5359 rio,
399 5286 549 5359 thalamo,
580 5296 609 5347 et
643 5291 793 5350 sacristiae
825 5308 915 5369 usque
941 5289 979 5348 ad
1009 5290 1096 5369 Regis

315 5388 478 5449 introitum.
512 5389 745 5451 latromittantur
780 5395 829 5471 qui
862 5393 977 5454 sedeant
1008 5411 1095 5471 super

313 5489 452 5566 gradibus
488 5492 517 5551 irs
550 5492 694 5572 capitibus
728 5496 860 5575 corporis
893 5496 1096 5556 transversalis

313 5592 453 5654 ecelesiae
474 5594 584 5672 paratis
597 5636 606 5666 ,
621 5594 672 5653 ubi
687 5596 744 5656 sint
764 5598 815 5674 qui
837 5598 950 5676 singula
972 5598 1035 5657 loca
1051 5576 1105 5654 dt·'

314 5696 470 5757 stribunnt.

776 605 1061 670 Ponantntatts
1082 603 1306 668 matrinam
1329 602 1454 664 SEXTl.

1879 599 1945 659 293

1204 739 1258 800 Die
1285 738 1515 811 statrrto,⁴cir·ca
1537 736 1640 796 horam
1662 752 1726 807 arn,
1758 733 1884 813 legatus
1916 743 1946 794 et

1161 842 1283 923 praelati
1305 858 1403 900 omnes
1429 839 1597 918 perveniant
1617 836 1653 895 ad
1681 837 1830 897 ecclesiam
1858 845 1887 895 et
1915 834 1946 893 in

1162 943 1232 1004 locis
1252 942 1310 1001 suis
1331 951 1498 1019 paramenta
1526 940 1566 1000 eis
1592 940 1789 999 convenientia
1811 937 1947 1015 superius
2022 943 2026 949 “

1161 1062 1292 1125 expressa
1315 1042 1463 1120 recipiant.

1204 1146 1265 1205 Iler
1288 1143 1397 1215 deinde,
1418 1142 1571 1201 camiseam
1592 1138 1697 1198 habens
1719 1157 1735 1196 a
1758 1149 1839 1199 retro
1858 1155 1949 1217 aper·

1164 1258 1221 1306 tam
1244 1243 1392 1323 usquead
1414 1243 1568 1321 cingulum
1591 1241 1679 1301 certis
1703 1240 1837 1300 cordellis
1864 1237 1951 1299 colli·

1164 1359 1272 1427 getam,
1288 1355 1317 1407 et
1331 1342 1489 1424 diploidum
1499 1386 1508 1415 ,
1523 1353 1552 1403 et
1568 1342 1759 1413 vestitellum,
1780 1351 1808 1401 et
1827 1339 1949 1418 desuper·
2002 1328 2004 1331 ¹

1165 1458 1272 1510 restem
1295 1446 1329 1506 de
1349 1446 1487 1505 bruccato
1508 1446 1574 1503 auri
1595 1444 1686 1503 riccio
1709 1439 1868 1502 cremosino
1882 1458 1950 1500 am·

1164 1550 1252 1628 piam,
1274 1546 1310 1607 ad
1329 1548 1453 1607 sormam
1476 1545 1623 1621 gallicam,
1641 1554 1670 1603 et
1686 1543 1791 1620 caligis
1805 1541 1839 1602 dc
1854 1558 1949 1620 panno

1163 1655 1258 1730 nigro,
1273 1650 1425 1710 excestra
1442 1643 1524 1706 Novo
1545 1646 1641 1704 veniat
1657 1645 1692 1702 ad
1709 1645 1858 1704 ecclesiam
1880 1660 1947 1702 curn

1163 1756 1221 1812 suis
1242 1752 1417 1821 curialibus,
1440 1747 1604 1807 llaronibus
1626 1757 1681 1807 etc.
1704 1763 1791 1823 quem
1807 1753 1872 1824 post
1886 1742 1949 1804 tte-

1163 1854 1242 1932 gales
1263 1864 1291 1912 et
1312 1848 1453 1911 Oratores
1474 1860 1500 1909 ct
1524 1848 1599 1927 pagii
1620 1858 1648 1908 et
1675 1846 1791 1906 luvoriri
1819 1863 1946 1922 seqrran·

1163 1964 1224 2027 tur,
1240 1952 1400 2031 Episcopus
1421 1948 1586 2027 Tropiensis
1601 1959 1628 2007 et
1644 1947 1734 2007 irater·
1754 1946 1897 2006 lohannes
1912 1945 1946 2005 dc

1164 2055 1323 2116 Mediolano
1338 2050 1445 2110 ordinis
1460 2048 1568 2109 lllorrtis
1582 2043 1692 2107 Oliacti
1710 2046 1867 2126 cappellani
1883 2063 1948 2105 ma·
1977 2081 1978 2085 =

1160 2152 1241 2231 jores
1263 2154 1348 2233 Regis
1369 2163 1397 2212 et
1418 2153 1466 2210 alii
1488 2153 1586 2228 togati.

1206 2257 1346 2316 Dominus
1362 2253 1505 2312 lohannes
1519 2250 1760 2310 Prothonotarias
1775 2248 1848 2307 della
1860 2247 1948 2325 Saga,

1165 2368 1194 2417 at
1208 2357 1347 2416 Dominus
1358 2353 1501 2413 lohannes
1516 2349 1761 2412 Prothonoturius
1775 2349 1809 2408 de
1826 2349 1949 2409 Sermo·

1166 2468 1230 2517 neta
1250 2456 1387 2515 sedebunt
1407 2455 1435 2512 in
1458 2471 1560 2513 eorum
1575 2453 1718 2512 mantellis
1733 2452 1761 2509 in
1779 2448 1833 2510 linc
1855 2449 1949 2509 ultimi

1166 2561 1274 2618 scamni
1296 2569 1361 2637 post
1382 2557 1452 2615 alios
1474 2555 1618 2633 praelatos
1637 2555 1664 2612 in
1689 2555 1739 2614 illo
1761 2553 1889 2613 sedentes
1915 2550 1951 2611 ad

1166 2662 1312 2720 sinistrum
1333 2656 1509 2717 ascendentis
1541 2656 1779 2735 presbyterium,
1801 2667 1829 2713 et
1861 2654 1890 2710 in
1917 2671 1952 2711 eo

1167 2780 1283 2823 scamno
1305 2760 1467 2819 immediate
1487 2770 1552 2817 ante
1580 2777 1629 2818 eos
1655 2756 1733 2817 sedet
1758 2756 1793 2814 D.
1820 2754 1952 2813 Julianus

1166 2867 1274 2925 clectus
1299 2860 1473 2921 bleranensis
1491 2860 1577 2919 etiam
1597 2858 1627 2918 in
1645 2876 1697 2917 suo
1716 2855 1863 2928 mantello,
1883 2854 1952 2932 quia

1168 2966 1294 3026 nondam
1316 2973 1359 3024 est
1380 2973 1573 3021 consecratus.

1209 3064 1349 3125 Dominus
1364 3061 1560 3121 bernardinus
1582 3059 1728 3121 Gambara
1747 3056 1954 3117 subdiaconus

1169 3163 1353 3246 Apostolicus
1375 3196 1416 3207 -
1438 3162 1580 3221 Dominus
1595 3159 1765 3239 Apollonius
1787 3156 1820 3217 de
1841 3157 1951 3215 Valca-

1169 3269 1233 3327 tinis
1255 3300 1292 3309 -
1316 3264 1457 3324 Dominus
1481 3262 1616 3322 Nicolaus
1641 3261 1676 3320 de
1703 3258 1890 3320 Consandalis
1911 3290 1951 3302 -

1168 3368 1309 3429 Dominus
1330 3364 1475 3426 lohannes
1496 3362 1623 3441 baptista
1646 3361 1682 3420 de
1703 3358 1823 3419 Glande.

1211 3469 1342 3548 tlccolyti
1362 3464 1529 3546 Apostolici,
1547 3462 1692 3523 rocchetis
1705 3472 1734 3520 et
1750 3460 1871 3537 desuper·
1888 3455 1953 3535 pel·
2056 3521 2058 3526 ,

1169 3573 1243 3631 liciis
1264 3569 1378 3640 induti,
1400 3565 1540 3628 sedebant
1561 3567 1641 3623 circs
1663 3564 1755 3622 altare
1788 3561 1817 3618 in
1849 3558 1954 3617 ultimo

1171 3671 1287 3749 gradu3
1313 3687 1411 3729 ornnes
1442 3666 1490 3725 alii
1525 3664 1695 3725 cubicularii
1720 3662 1812 3741 Papae
1833 3670 1862 3720 ct
1883 3676 1955 3737 cap·

1169 3773 1273 3851 pellani
1302 3769 1404 3849 Legati
1438 3785 1495 3827 non
1527 3768 1718 3834 assistentes,
1750 3774 1780 3822 et
1814 3761 1872 3819 sine
1905 3775 1958 3817 su·

1170 3873 1369 3952 perpelliciis,
1402 3868 1540 3929 sedebunt
1573 3866 1601 3923 in
1632 3876 1714 3923 terra
1737 3880 1792 3922 non
1815 3864 1899 3936 longe
1919 3857 1956 3916 ab

1172 3973 1273 4032 altare.

1213 4074 1351 4135 Scutilcri
1378 4072 1480 4149 Legati
1503 4071 1620 4129 stabant
1641 4070 1669 4128 in
1691 4086 1784 4129 cornu
1805 4064 1955 4142 Evangelii

1171 4190 1251 4240 retro
1279 4178 1392 4248 altare,
1414 4175 1452 4233 ita
1475 4173 1553 4250 quod
1574 4173 1720 4252 praelatos
1741 4169 1778 4228 ab
1797 4170 1847 4228 illo
1865 4169 1955 4227 latere

1171 4281 1298 4341 sedentes
1320 4295 1377 4336 nou
1400 4275 1562 4355 impediant.

1214 4382 1345 4441 Curiales
1368 4377 1454 4455 Regis
1475 4374 1613 4435 sedebunt
1644 4372 1711 4432 hinc
1732 4369 1845 4431 atinde
1867 4384 1957 4447 supra

1172 4481 1313 4561 gradibus
1346 4495 1397 4539 xv.
1433 4478 1463 4536 in
1495 4475 1587 4535 choro
1614 4474 1706 4534 dictae
1736 4470 1872 4532 ecclcsiae
1904 4484 1958 4528 or·

1173 4583 1286 4644 dinatis.

1213 4685 1341 4744 narona
1372 4690 1459 4741 erunt
1480 4682 1508 4738 in
1529 4680 1674 4751 scamnis,
1696 4680 1723 4738 in
1745 4678 1832 4757 plano
1853 4690 1959 4752 magno
1981 4728 1986 4736 .

1173 4787 1304 4865 corporis
1342 4783 1544 4842 tr·ansser·salis
1577 4780 1713 4842 ecciesiae
1741 4780 1825 4857 juxta
1860 4778 1958 4836 locum

1173 4896 1327 4947 cantorum
1348 4884 1497 4953 ordinatis,
1520 4881 1661 4942 (lautores
1683 4890 1778 4940 autem
1797 4881 1825 4938 in
1847 4876 1959 4937 bancho

1174 5006 1241 5048 curn
1263 4986 1419 5065 postergali
1441 4992 1522 5044 retro
1543 5000 1657 5041 scamna
1689 5001 1743 5061 pro
1772 4979 1907 5060 praelatis
1929 4978 1958 5037 in

1174 5087 1354 5169 presbyterio
1375 5084 1411 5144 ad
1434 5085 1562 5146 dextram
1585 5083 1764 5144 ascendentia
1786 5084 1877 5163 posito

1216 5191 1308 5259 Dum,
1330 5206 1398 5247 cum
1420 5186 1607 5246 Serenisaimo
1624 5185 1702 5264 Rege
1718 5186 1748 5245 in
1763 5183 1890 5244 thalamo
1906 5201 1960 5242 suo

1174 5302 1272 5363 erunt,
1294 5292 1388 5369 ipsam
1405 5287 1513 5365 abique
1533 5288 1734 5359 associabant,
1756 5298 1816 5347 tam
1840 5290 1867 5346 in
1890 5306 1961 5366 pre·

1176 5394 1324 5473 myteria,
1347 5408 1434 5467 qaam
1457 5391 1523 5449 alibi

1218 5495 1279 5555 Don
1296 5493 1463 5554 Eridanicus
1479 5494 1513 5553 de
1532 5493 1678 5571 drugonis
1696 5524 1733 5537 —-
1751 5490 1874 5553 Gentilis
1890 5488 1960 5549 Vir·

1180 5596 1273 5674 ginias
1291 5594 1416 5655 Ursinus
1432 5625 1471 5638 -
1487 5594 1551 5655 Don
1567 5593 1702 5655 Jolredas
1720 5594 1826 5673 Borgia
1845 5628 1882 5676 ·.·
1899 5590 1963 5651 Don

1178 5696 1346 5776 niphonaas
1373 5697 1484 5758 electas
1511 5694 1670 5757 Theatinns
1693 5730 1729 5743 ·-
1753 5696 1817 5759 Don
1838 5694 1965 5757 aloisins
