4492 6859
368 672 432 737 256

369 808 418 867 alii
435 806 493 866 duo
515 805 651 866 ducentes
662 819 770 882 aquam
785 820 923 880 magnum
939 800 1087 902 restitum,
1098 802 1158 864 sire

370 1004 548 1063 praesentium
570 1000 603 1050 dc
627 998 751 1062 specialis
774 999 843 1048 dono
859 999 959 1062 gratiae
977 996 1163 1058 indulgemus,

370 1080 468 1142 itiaque
481 1079 508 1127 in
524 1078 647 1128 omnibus
664 1082 690 1126 et
707 1080 858 1140 peremnia
875 1076 909 1126 ad
926 1089 974 1126 vos
993 1076 1159 1137 heredesque

370 1170 400 1207 sc
417 1170 589 1208 successores
613 1160 720 1206 vestros
737 1156 888 1218 praedictos
906 1154 1073 1205 extendimus
1090 1152 1161 1216 pari·

371 1239 412 1285 ter
429 1241 454 1285 et
472 1236 649 1297 ampliamus,
664 1247 694 1283 ac
710 1235 810 1284 eisdem
827 1233 905 1283 modo
921 1237 948 1283 et
965 1233 1049 1281 forma
1065 1243 1160 1293 perpe·

369 1318 415 1364 tuo
432 1315 617 1372 concedimus,
635 1312 871 1363 nonobstantibus
888 1311 1120 1362 constitutionibus
1133 1315 1161 1359 et

370 1392 580 1443 ordinationibus
603 1395 840 1454 apostolicis,nec
864 1405 918 1441 non
942 1390 1066 1440 omnihus
1092 1389 1160 1443 iliis.

371 1485 441 1535 quae
453 1473 479 1521 iu
493 1472 575 1521 literis
592 1470 764 1533 Portugalliaa
780 1471 894 1533 liegibus
910 1471 1045 1520 concessis
1067 1468 1161 1529 hujus·

371 1551 441 1599 modi
459 1562 588 1599 concessa
604 1553 681 1598 sunt:
699 1562 751 1599 non
768 1548 953 1608 obstantibus,
972 1551 1022 1597 etc.
1038 1546 1095 1595 Dat.
1109 1547 1162 1595 lio·

371 1641 431 1678 mae
447 1628 517 1690 apud
537 1628 563 1676 S.
585 1626 688 1677 Petrum
714 1640 782 1677 anno
805 1636 962 1677 uccccxaun
981 1638 1007 1672 v.
1023 1635 1084 1673 nou.
1100 1622 1161 1671 maii

371 1708 538 1770 pontificatus
554 1709 635 1757 nostri
652 1719 719 1755 anno
737 1712 758 1755 1.
770 1727 790 1753 ·.

414 1787 513 1836 Eodem
530 1787 573 1835 dte
590 1786 638 1845 (sic
653 1783 810 1848 licencidus)
829 1782 899 1834 alind
915 1783 1032 1845 diploma
1049 1783 1116 1845 (act.
1134 1780 1161 1829 in

371 1866 416 1914 lib.
434 1869 456 1915 b
472 1865 561 1916 bullar.
580 1866 646 1927 siqu.
670 1868 704 1914 11ο
728 1867 766 1916 78.
792 1878 819 1926 p.
844 1864 904 1929 tn),
928 1875 981 1926 quo
1003 1864 1065 1911 novi
1087 1859 1161 1909 orbis

375 1944 515 2006 imperium
531 1944 643 2006 Regibus
670 1943 855 2006 Hispaniarum
880 1940 1086 1992 confirmabatur
1102 1938 1161 1988 edi·

374 2027 429 2072 tum
451 2027 507 2083 est,
520 2036 572 2085 quo
589 2023 698 2073 eaedem
715 2024 916 2084 praemgatlvaa
938 2024 1016 2081 atque
1039 2016 1162 2066 immuni·

374 2107 443 2152 tates
459 2104 571 2152 collatae
588 2106 665 2161 sunt,
679 2100 778 2164 qulbus
797 2102 881 2161 lieges
898 2096 1014 2148 Lusitani
1031 2096 1057 2144 in
1071 2094 1161 2144 Africa

378 2184 404 2230 et
421 2182 530 2231 occidua
547 2182 683 2242 Aethiopia
702 2179 793 2229 donati
808 2181 894 2227 erant.
911 2175 1002 2225 Tertio
1018 2174 1161 2234 diplomate

374 2259 525 2309 Alexander
543 2259 577 2309 ad
590 2257 791 2308 controversias
813 2266 882 2317 quac
908 2254 978 2302 iuter
998 2251 1161 2301 Castellanos

375 2350 408 2387 ac
426 2340 565 2388 Lusitanos
583 2337 683 2387 oboriri
700 2338 827 2397 possent,
851 2333 913 2382 dum
930 2331 1061 2382 elassibus
1078 2328 1163 2379 Ocea·

373 2430 436 2465 uum
453 2417 610 2474 sulcabant,
627 2414 788 2465 dirimendas
804 2412 891 2463 indias
907 2410 1069 2466 orientales,
1085 2407 1161 2457 (loci-

373 2496 548 2558 dentalesque
564 2495 695 2544 discrevit
717 2493 862 2555 diplomata
884 2491 960 2540 bisce
985 2487 1075 2538 verbis
1096 2498 1163 2535 con·

374 2578 463 2635 cepto.

420 2671 430 2693 ·
444 2651 597 2701 Alexander
608 2649 755 2713 Episcopus
765 2649 863 2699 Servus
875 2649 1017 2698 Servorum
1028 2645 1084 2705 oei,
1094 2644 1162 2696 Cha-

374 2730 481 2780 rissimo
498 2732 524 2780 in
539 2730 647 2780 Christo
663 2729 726 2779 Filio
737 2726 905 2777 ferdinando
915 2726 993 2789 flagi,
1011 2728 1038 2775 et
1053 2724 1163 2774 Charis·

373 2810 456 2858 simae
474 2811 499 2857 in
515 2807 621 2857 Christo
638 2808 718 2856 Filiae
734 2805 871 2856 Elisabeth
887 2793 1000 2867 flaginae'
1016 2803 1164 2861 Castaliae,

371 2886 499 2949 Legionis,
514 2888 689 2949 arragonum,
703 2885 817 2944 Siciliae,
828 2889 854 2935 et
865 2884 996 2933 Grauatae
1008 2882 1161 2933 illustribus

373 2968 487 3015 satutem
508 2969 535 3015 et
553 2965 731 3027 apostoticam
748 2964 969 3016 benedictionem.
986 2962 1060 3013 luter
1071 2967 1161 3013 cetera

373 3044 482 3095 melnae
498 3043 643 3105 llajestatis
660 3044 827 3107 beneplacita
843 3056 946 3106 opere,
961 3046 989 3093 et
1005 3042 1094 3093 cordis
1111 3054 1162 3091 nc·

373 3126 423 3173 stri
440 3122 643 3182 desiderabilia,
660 3123 724 3172 illud
740 3122 860 3184 profecto
877 3122 1041 3185 potissimum
1054 3122 1163 3181 existit,

373 3207 402 3252 ut
419 3202 495 3252 Fides
507 3202 642 3252 Catholica
655 3205 682 3251 et
693 3201 843 3251 Christiana
853 3202 951 3263 lletigic
968 3204 1068 3252 noscis
1085 3211 1164 3262 prae·

373 3282 467 3350 sertim
486 3280 651 3343 temporibus
669 3281 802 3330 exaltetur
813 3292 844 3331 ac
856 3280 967 3329 ubilibet
979 3280 1119 3341 amplietur
1136 3281 1163 3326 et

373 3345 512 3426 dilatetur,
529 3360 730 3421 animarumque
747 3361 819 3408 salus
841 3363 1001 3421 procuretur
1015 3370 1048 3407 ac
1064 3357 1163 3407 barba·

373 3441 445 3488 ricae
458 3440 580 3489 nationes
595 3438 778 3500 deprimantur
794 3441 821 3486 et
838 3438 872 3487 ad
888 3437 977 3488 Fidem
995 3436 1166 3485 reducantur.

375 3516 446 3567 Unde
463 3529 524 3566 cum
540 3518 574 3568 ad
590 3517 659 3565 hanc
684 3528 787 3565 sacram
804 3515 873 3565 l’etri
896 3516 987 3565 sedem
1011 3515 1102 3565 divina
1124 3515 1165 3564 la·

375 3600 456 3644 vente
474 3594 614 3644 clementia
631 3596 734 3643 meritis
752 3595 812 3643 licet
825 3594 987 3655 imparibus,
1003 3594 1091 3644 evecti
1109 3594 1165 3645 foe·

376 3674 474 3730 rimus,
490 3675 681 3735 cognoscentes
698 3683 747 3721 vos
764 3676 898 3734 tamquam
917 3685 997 3723 veros
1014 3673 1163 3723 eatbcttcos

375 3754 458 3816 lleges
480 3755 507 3802 et
528 3750 676 3814 Principes,
697 3751 790 3813 quales
810 3762 917 3814 semper
938 3752 1021 3802 tuisse
1042 3754 1164 3802 novimus

378 3836 406 3881 et
422 3846 437 3881 a
454 3831 532 3881 vobis
547 3832 687 3894 praeclare
698 3835 773 3895 gesta
784 3832 833 3882 toti
848 3844 920 3895 pene
932 3832 987 3893 jam
1004 3831 1063 3882 orbi
1080 3833 1165 3881 notis·

379 3914 446 3963 sima
457 3912 650 3969 demonstrant,
661 3911 758 3962 nedum
769 3911 797 3962 id
807 3916 950 3974 exoptare,
965 3910 1014 3961 sed
1030 3912 1100 3961 omni
1118 3923 1166 3960 cc-

378 3996 442 4041 natu
460 3991 548 4041 studio
565 3995 592 4041 et
609 3991 742 4053 diligentia
758 3992 837 4043 nullis
853 3990 1006 4052 laboribns,
1021 3992 1101 4041 nullis
1117 3992 1165 4040 im·

378 4072 469 4132 pansis
485 4070 618 4131 nullisque
634 4070 768 4131 parcendo
785 4071 912 4133 periculis
932 4072 1011 4121 etiam
1028 4070 1163 4135 proprium

380 4153 532 4209 sanguinem
556 4148 715 4198 effundendo
737 4149 843 4200 edicere
864 4163 896 4199 ac
920 4162 1025 4212 omnem
1049 4151 1163 4199 animum

204 4213 211 4222 '
237 4233 239 4237 '
308 4269 312 4274 .
350 4299 353 4305 Ι
379 4230 986 4292 vestrom,omnesqocconatusadboclam
1004 4227 1101 4279 dudum
1119 4228 1165 4278 de·

275 4317 277 4322 ·
376 4306 495 4367 dicasse,
511 4308 732 4370 quemadmodum
749 4310 916 4370 recuperatio
932 4310 1012 4371 degni
1032 4311 1164 4358 Cranatae

376 4397 391 4433 a
410 4385 549 4448 tyrannide
565 4386 757 4437 Saracenorum
774 4386 909 4437 hodiernis
927 4387 1091 4449 temporibus
1113 4392 1165 4448 per

376 4462 427 4512 l'cs
452 4476 511 4513 cum
535 4469 608 4515 tanta
630 4466 712 4514 divini
738 4466 852 4516 nominis
882 4467 962 4528 gloria
987 4467 1055 4515 facta
1081 4469 1164 4514 testa·

376 4545 436 4600 tur,
459 4542 583 4592 duximus
604 4557 657 4593 non
682 4546 813 4594 immerito
828 4549 857 4594 et
873 4545 1001 4595 debemus
1025 4545 1070 4594 illa
1086 4544 1164 4594 vohis

376 4622 456 4670 eham
472 4625 568 4683 sponte
585 4627 612 4673 et
630 4623 812 4674 favorabiliter
834 4626 1001 4686 concedere,
1025 4638 1074 4687 per
1095 4637 1163 4687 qaae

379 4699 531 4762 hujusmodi
547 4705 668 4751 sanctum
693 4708 718 4752 et
744 4704 876 4755 laudabile
900 4718 930 4755 ac
947 4704 1088 4755 immortali
1108 4703 1163 4753 Deo

377 4786 516 4842 acceptum
540 4784 707 4843 propositum
724 4783 824 4833 indies
848 4783 1003 4834 ferventiori
1025 4783 1113 4833 animo
1130 4782 1164 4833 ad

378 4860 461 4922 ipsius
478 4859 523 4909 Dei
541 4862 666 4911 bonorem
679 4866 706 4912 et
718 4861 822 4925 imperii
839 4863 981 4914 Christiani
999 4865 1164 4925 propagatio·

374 4950 436 4988 uem
453 4940 579 5002 prosequi
598 4941 717 4990 valeatis.

414 5019 483 5069 Sane
499 5021 651 5081 accepimns
673 5020 744 5084 qued
765 5034 815 5072 vos
837 5021 935 5072 dudum
958 5023 1044 5072 auimo
1066 5034 1162 5085 propc-

374 5101 488 5149 sueratis
505 5101 607 5163 aliquas
624 5100 726 5152 insutas
743 5105 771 5152 et
786 5102 994 5152 Terrasfirmas
1006 5105 1122 5151 remotas
1134 5106 1162 5151 et

374 5179 521 5242 incognitas
538 5192 569 5229 ac
585 5192 633 5242 per
649 5180 713 5231 alios
731 5181 859 5231 hactenus
874 5194 928 5231 non
944 5185 1065 5243 repertas
1081 5190 1162 5243 quae·

373 5270 434 5309 rere
450 5263 478 5307 et
493 5259 635 5317 invenire,
659 5260 809 5310 utiliorum
831 5262 931 5310 incolas
950 5264 977 5310 et
997 5259 1160 5309 habitatores

373 5337 408 5385 ad
423 5338 562 5387 colendum
572 5337 775 5400 aecamptcran
790 5343 912 5389 nostrum
929 5342 956 5389 et
971 5338 1048 5389 fidem
1060 5337 1161 5387 Catbc·

374 5415 450 5466 ticam
462 5416 636 5479 profitendam
647 5418 826 5479 reduceretis,
838 5419 886 5469 aad
897 5420 1026 5469 hactenus
1038 5419 1064 5467 in
1075 5430 1158 5480 expu-

373 5498 516 5556 gnatione,
539 5502 567 5548 et
590 5500 792 5561 recuperatione
816 5501 899 5563 ipsius
923 5500 1004 5564 llcgni
1027 5498 1158 5549 &anama

374 5575 515 5637 plurimum
533 5580 652 5640 occupati
676 5579 826 5643 anusmcdi
851 5579 951 5630 tactum
975 5582 1002 5629 et
1027 5576 1159 5627 laudabile

374 5656 684 5716 propositum‘oestrum
709 5660 743 5710 ad
765 5662 885 5722 optatum
907 5657 984 5709 finem
1011 5655 1159 5721 perducere

372 5735 544 5798 nequiristls3
554 5737 602 5788 aad
614 5739 729 5799 tandein,
739 5739 808 5790 sicut
819 5738 929 5790 Domino
938 5738 1052 5802 placuit,
1068 5737 1156 5801 llegnc

845 662 1129 729 Puutmtcartis
1148 666 1376 730 senatuum
1398 666 1525 731 suxit

1911 660 2020 746 (atos)

1227 816 1395 883 coopertum
1410 821 1506 883 panno
1516 803 1633 882 nigrca
1650 799 1743 879 capita
1758 798 1905 878 usquead
1918 798 2013 879 pedes.

1228 998 1367 1060 praedicto
1380 999 1554 1058 recuperato,
1566 995 1687 1044 volentes
1699 992 1867 1044 desiderium
1880 991 2016 1053 adimpleri

1228 1082 1346 1127 vestrum
1364 1076 1487 1124 dilectum
1504 1073 1596 1123 Filium
1617 1073 1841 1135 christophorum
1865 1070 2018 1119 Columbum

1228 1158 1313 1205 virum
1331 1156 1421 1217 utique
1437 1154 1543 1216 dignum
1560 1157 1587 1202 el
1604 1153 1746 1214 plurimum
1763 1148 2020 1203 commendandum,

1227 1246 1258 1282 ac
1269 1238 1342 1283 tanto
1354 1232 1459 1293 negotio
1471 1234 1570 1294 aptum,
1586 1243 1646 1280 cum
1658 1234 1769 1294 navigiis
1780 1235 1809 1280 et
1822 1228 1978 1279 hominibus
1989 1230 2017 1279 ad

1228 1313 1323 1362 similia
1340 1312 1477 1361 instructis
1494 1322 1545 1360 uon
1563 1312 1618 1360 sine
1636 1311 1757 1360 maximis
1773 1309 1920 1360 laboribus
1938 1314 1965 1358 et
1979 1323 2019 1371 pe·

1229 1392 1320 1440 riculis
1337 1404 1367 1439 ac
1385 1392 1510 1452 expausis
1532 1390 1684 1449 destinatis,
1705 1394 1734 1439 nt
1750 1388 1855 1440 Terras
1872 1389 1977 1440 Firmus
1996 1396 2017 1438 at

1229 1470 1329 1520 insutas
1346 1474 1463 1520 remotas
1481 1473 1508 1518 et
1524 1470 1672 1531 incognitas
1689 1469 1842 1526 huiusmodi
1865 1480 1920 1531 per
1936 1481 2017 1525 mare,

1229 1551 1273 1600 ubl
1289 1551 1417 1600 hactenus
1434 1548 1586 1610 navigatum
1604 1560 1657 1598 non
1672 1547 1759 1597 fuerat
1775 1547 1928 1610 diligenter
1945 1548 2019 1609 inqui·

1229 1634 1318 1769 tergui
1333 1705 1449 1763 tandem,
1459 1705 1549 1754 divino
1561 1704 1668 1763 auxilie,
1678 1704 1749 1754 lacta
1765 1708 1894 1754 extrema
1910 1703 2018 1765 diligen·

1230 1789 1274 1845 tia,
1290 1787 1319 1835 111
1334 1785 1398 1835 llari
1411 1784 1514 1834 Oceano
1526 1786 1688 1847 navigantes,
1705 1788 1793 1834 certas
1812 1782 1922 1833 inscias
1938 1795 2019 1832 reinc-

1231 1866 1346 1915 tissimas
1359 1867 1385 1913 et
1397 1863 1476 1912 etiam
1488 1862 1586 1912 Terras
1598 1862 1697 1912 Firmus
1708 1875 1776 1925 quaa
1787 1875 1841 1926 per
1851 1864 1925 1912 alios
1937 1863 2020 1911 baete·

1229 1958 1279 1994 uos
1291 1947 1414 2007 repertae
1423 1955 1475 1991 nnn
1483 1941 1598 2000 tuerent,
1606 1943 1774 1992 invenerunt:
1782 1942 1810 1991 in
1823 1942 2020 2005 quibusquam·

1230 2023 1359 2085 plurimae
1380 2022 1477 2072 Gentes
1502 2019 1611 2083 pacifica
1627 2021 1767 2081 viventes,
1788 2024 1818 2069 et
1840 2024 1871 2071 nt
1895 2021 2022 2069 asseritur

1230 2102 1316 2151 nudae
1325 2100 1494 2158 incedentes,
1506 2112 1554 2149 nec
1564 2098 1690 2148 carnibus
1702 2102 1848 2148 vescentes
1859 2097 2021 2156 inhabitant,

1230 2186 1257 2230 ct
1273 2184 1303 2229 ut
1319 2180 1431 2242 praelati
1447 2178 1541 2231 Neocli
1557 2178 1643 2227 vestri
1659 2179 1772 2239 possunt
1783 2175 1914 2239 opinari,
1930 2176 2022 2226 Gentes

1230 2260 1304 2321 ipsae
1322 2261 1348 2307 in
1365 2257 1459 2307 insulis
1475 2261 1502 2307 et
1518 2257 1609 2307 Terris
1625 2256 1769 2318 praedictis
1784 2255 1946 2306 habitantes
1967 2269 2023 2305 cre·

1230 2338 1295 2386 dunt
1312 2349 1391 2386 nuum
1415 2336 1496 2387 Deum
1511 2338 1540 2385 et
1556 2334 1708 2385 Creatorem
1731 2334 1758 2383 in
1779 2334 1865 2384 coelis
1889 2346 1975 2392 esse,
1995 2334 2023 2383 ad

1230 2416 1307 2466 fidem
1328 2415 1489 2465 catholicam
1515 2413 1718 2476 amplexandum
1744 2417 1771 2463 et
1794 2412 1877 2462 bonis
1903 2412 2020 2461 moribus

1230 2496 1400 2546 imbuendum
1418 2495 1483 2544 satis
1507 2493 1563 2556 apti
1587 2493 1730 2551 ridentur,
1754 2504 1870 2555 spesque
1897 2492 2020 2549 babetur,

1229 2575 1300 2639 quod
1316 2577 1339 2625 st
1356 2574 1524 2632 erudiantur,
1541 2583 1636 2621 nomen
1652 2571 1797 2621 &iunioris
1807 2571 1923 2621 Domini
1935 2572 2021 2622 Nostri

1229 2653 1291 2704 lesu
1308 2653 1405 2703 Citristl
1422 2653 1448 2701 in
1465 2651 1556 2701 Terris
1573 2654 1600 2699 et
1616 2648 1711 2699 insutis
1734 2649 1885 2711 praedictis
1908 2650 2024 2699 fateren-

1232 2740 1275 2785 tur
1291 2736 1332 2791 (ln
1349 2734 1409 2783 aliis
1424 2730 1588 2781 editionibus
1613 2727 1686 2792 focile
1710 2730 1878 2779 ludreccrctur
1894 2742 1947 2792 pru
1962 2728 2025 2792 [cta

1230 2815 1327 2875 remur)
1338 2825 1368 2861 ac
1379 2812 1514 2874 praefatus
1523 2809 1732 2873 Chdstcpbcrus
1744 2811 1769 2859 in
1780 2823 1834 2860 una
1845 2821 1882 2860 ex
1893 2811 2024 2871 principa·

1230 2894 1299 2943 tibus
1316 2893 1408 2943 insulis
1425 2890 1569 2952 praedictis
1583 2890 1638 2950 lam
1659 2901 1738 2938 unam
1760 2890 1855 2938 turrim
1879 2890 1948 2938 satis
1970 2901 2022 2938 mn·

1230 2976 1311 3024 uitam
1329 2974 1355 3021 in
1371 2982 1425 3033 qua
1438 2972 1529 3018 certos
1546 2968 1728 3025 Christianos,
1743 2969 1787 3030 qui
1809 2979 1904 3018 secum
1921 2969 2023 3018 iverant

1230 3057 1257 3103 in
1272 3051 1434 3104 custodiam,
1452 3054 1496 3099 aut
1514 3049 1578 3098 alias
1594 3048 1695 3097 insulas
1712 3052 1739 3097 et
1749 3047 1848 3097 Terras
1860 3048 1968 3098 Firmas
1983 3060 2023 3097 re·

1229 3138 1315 3182 motas
1331 3136 1360 3181 et
1375 3130 1520 3193 incognitas
1536 3129 1719 3189 inquirerent,
1735 3127 1841 3188 posuit,
1857 3127 1981 3176 construi
1997 3131 2022 3175 et

1231 3212 1364 3265 aedificari
1380 3211 1449 3261 fecit.
1470 3208 1499 3258 ln
1515 3207 1611 3270 quibus
1632 3206 1742 3271 quidem
1760 3207 1852 3256 insulis
1879 3210 1909 3256 et
1932 3206 2022 3255 Terris

1230 3294 1283 3351 iam
1301 3291 1416 3353 repertis
1429 3299 1530 3345 aurum,
1543 3290 1676 3345 aromata,
1694 3289 1722 3335 et
1732 3286 1798 3334 aliae
1809 3286 2023 3349 quamplurimae

1230 3385 1276 3421 res
1292 3371 1425 3433 pretiosae
1447 3365 1547 3415 diversi
1566 3366 1671 3427 generis
1691 3367 1718 3415 et
1737 3364 1862 3414 diversae
1887 3364 2020 3427 qualitatis

1238 3450 1418 3513 reperiuntur.

1273 3526 1345 3576 Unde
1361 3523 1485 3575 omnibns
1502 3523 1642 3585 diligenter
1658 3525 1685 3571 at
1701 3522 1862 3586 praesertim
1880 3520 1954 3571 Fidei
1975 3519 2024 3570 Ca·

1231 3606 1344 3655 thelicae
1361 3603 1521 3652 exaltatione
1538 3604 1565 3650 et
1581 3600 1736 3650 dilatatione
1753 3602 1850 3661 (prout
1875 3598 1955 3647 decet
1979 3597 2026 3647 Cr-

1232 3685 1343 3732 ibcliccs
1359 3683 1442 3742 lleges
1459 3683 1486 3728 et
1502 3678 1656 3741 Principes>
1670 3677 1847 3728 consideratis
1868 3688 1946 3726 more
1963 3690 2025 3739 prc-

1231 3764 1377 3825 genitorum
1390 3763 1540 3809 vestrorum
1551 3758 1641 3809 clarae
1654 3758 1797 3806 memoriae
1805 3757 1917 3819 Regum,
1926 3757 2023 3807 Terras

1231 3841 1331 3891 firmas
1346 3844 1374 3889 et
1390 3839 1493 3888 insulas
1510 3836 1673 3898 praedictas,
1691 3836 1847 3898 illarumque
1874 3837 1977 3885 inccias
1999 3838 2024 3883 at

1232 3919 1394 3969 habitatores
1409 3916 1500 3975 Vobis,
1511 3916 1599 3966 divina
1611 3916 1719 3965 facente
1730 3917 1879 3974 clementia,
1891 3916 2023 3966 subiicere

1231 4003 1258 4049 et
1271 3998 1304 4048 ad
1320 3998 1397 4048 fldem
1415 3996 1573 4046 Catholicam
1591 3995 1722 4045 reducere
1738 3996 1929 4057 proposuistis.

1273 4080 1326 4130 Nos
1342 4079 1420 4139 igitur
1437 4075 1587 4134 hujusmodl
1604 4079 1724 4124 vestrum
1741 4077 1862 4124 sanctum
1887 4078 1915 4124 ct
1931 4072 2022 4123 lauda·

1232 4158 1285 4208 bile
1296 4157 1462 4219 propositum
1474 4155 1615 4216 plurimum
1627 4154 1653 4202 in
1665 4152 1774 4203 Domine
1789 4153 2021 4209 commendantes,

1232 4249 1263 4286 ac
1280 4235 1418 4297 cupientes
1434 4237 1463 4282 ut
1480 4232 1544 4281 illud
1561 4231 1594 4281 ad
1615 4231 1732 4281 debitum
1754 4230 1832 4281 linem
1854 4231 2021 4293 perducatur

1232 4319 1259 4365 et
1283 4317 1370 4376 ipsum
1395 4322 1490 4361 nomen
1509 4310 1653 4360 salvatoris
1673 4311 1758 4360 nostm
1780 4312 1805 4359 in
1828 4310 1954 4371 partibus
1970 4310 2020 4359 illis

1231 4395 1384 4452 inducatur,
1408 4394 1545 4441 hortamur
1562 4402 1609 4440 vos
1626 4391 1846 4452 quamplurimum
1866 4392 1895 4440 in
1911 4389 2020 4439 Domino

1232 4478 1258 4524 et
1283 4487 1331 4536 per
1356 4472 1426 4523 sacri
1448 4470 1548 4520 lavacri
1571 4471 1786 4531 susceptionem,
1811 4480 1864 4531 qua
1893 4469 2022 4518 mandatis

1231 4552 1392 4617 apostolicis
1408 4550 1515 4612 obligati
1539 4550 1621 4607 estis,
1646 4552 1673 4598 et
1697 4550 1803 4597 viscera
1821 4548 2021 4597 misericordiae

1231 4634 1332 4684 Domini
1344 4631 1404 4681 iesu
1416 4629 1522 4687 Christi,
1532 4631 1632 4678 attente
1643 4627 1814 4689 requirimus,
1825 4629 1855 4675 ut
1866 4639 1928 4676 cnm
1940 4636 2023 4689 expe·

1231 4712 1356 4763 ditionem
1374 4707 1524 4772 hujusmodi
1541 4710 1646 4755 omuino
1666 4706 1812 4768 prosequi,
1836 4708 1863 4753 et
1885 4716 2022 4754 assumere

1231 4802 1315 4854 prona
1329 4792 1417 4838 mente
1434 4785 1605 4837 orthodoxae
1617 4774 1686 4834 fidei
1699 4785 1757 4834 zcic
1772 4782 1926 4841 intendatis,
1938 4795 2023 4845 popu·

1231 4870 1271 4918 los
1288 4869 1313 4918 iu
1331 4866 1483 4929 hujusmodi
1501 4866 1593 4915 insulis
1605 4868 1632 4914 et
1643 4864 1733 4914 Terris
1750 4864 1879 4924 degentes
1897 4863 1930 4912 ad
1947 4861 2023 4911 Chri·

1231 4948 1344 4999 stlanam
1361 4947 1521 5009 lteligicnem
1539 4943 1735 5006 suscipiendam
1747 4943 1875 4993 inducere
1888 4942 1980 4990 velitis
1996 4946 2020 4991 et

1230 5027 1368 5084 debeatis,
1384 5038 1434 5075 nec
1451 5023 1569 5087 pericula
1581 5034 1631 5072 uec
1643 5020 1748 5072 labores
1759 5021 1812 5070 ulie
1823 5031 1942 5081 unquam
1954 5023 2022 5069 tern-

1229 5118 1294 5170 pore
1310 5117 1359 5156 vos
1375 5105 1544 5163 deterreant,
1561 5102 1634 5152 frma
1646 5114 1696 5165 spe
1706 5101 1855 5163 fiduciaque
1873 5099 2020 5160 conceptis,

1229 5185 1300 5251 qnod
1315 5183 1386 5235 Deus
1404 5186 1573 5246 omnipotens
1585 5186 1696 5232 conatus
1709 5187 1815 5231 vestros
1826 5179 1945 5229 feliciter
1961 5191 2021 5241 prc-

1229 5269 1367 5329 sequatur.

1269 5343 1301 5393 tit
1318 5346 1346 5393 ut
1360 5343 1426 5392 tanti
1443 5339 1542 5402 negotii
1553 5339 1720 5402 provinciam
1731 5338 1904 5401 apostoticae
1919 5337 2021 5401 gratias

1228 5422 1350 5485 largitate
1366 5420 1457 5470 donati
1469 5418 1580 5469 liberius
1592 5421 1619 5470 et
1631 5417 1759 5468 audacius
1772 5418 1930 5473 assumatis,
1949 5419 2020 5465 mctn

1227 5503 1344 5565 proprio,
1356 5512 1409 5551 non
1420 5499 1453 5549 ad
1465 5502 1583 5547 vestram
1595 5499 1637 5547 vel
1651 5498 1761 5547 alterius
1778 5510 1826 5560 pro
1843 5495 1922 5546 vobis
1941 5508 2020 5558 snper

1228 5584 1278 5633 hcc
1299 5580 1377 5631 nobis
1395 5578 1500 5628 oblatae
1517 5576 1654 5641 petitionis
1671 5574 1839 5634 instantiam,
1856 5574 1905 5624 sed
1922 5574 1956 5624 de
1974 5585 2022 5623 nc·

1228 5665 1283 5712 stra
1304 5672 1378 5711 mera
1401 5657 1574 5716 iiberalitate,
1595 5659 1622 5705 et
1643 5666 1677 5704 ex
1697 5657 1770 5704 certa
1793 5654 1914 5713 scientia,
1940 5665 1971 5703 ac
1988 5653 2022 5703 de

1229 5738 1399 5804 apostoticae
1415 5738 1556 5800 potestatis
1572 5733 1751 5799 plenitudine,
1766 5745 1858 5785 omnes
1873 5731 1980 5784 insulas
1995 5735 2022 5782 et
