4492 6859
354 612 417 673 ean

355 757 428 807 esset
441 744 570 819 iuturus,
581 744 692 823 sibique
703 743 859 806 inhibuisse
869 741 915 829 (l)
928 764 963 807 ne
976 744 1143 826 hujusmodi

356 847 463 926 cuique
483 843 683 919 cottflteretur,
697 863 732 906 ao
747 857 844 925 postea
863 846 961 906 multis
981 858 1068 924 atque
1087 846 1144 906 ite·

356 949 428 1009 ratis
442 946 555 1008 vicibus
566 944 618 1006 sibi
629 946 748 1018 iterum,
760 956 847 1023 atque
868 947 974 1007 iterum
988 944 1144 1026 apparuis-

355 1067 396 1121 se,
417 1060 446 1109 et
465 1047 502 1106 ad
521 1047 677 1127 praemissa
699 1049 792 1128 ipsum
814 1046 1012 1126 animaverat)
1028 1046 1055 1105 id
1074 1064 1146 1125 per·
1176 1069 1179 1147 p

355 1159 507 1227 petresse,
534 1159 621 1227 atque
649 1148 782 1209 eumdem
805 1148 976 1220 Rusticum,
998 1147 1143 1209 honorum
1176 1153 1179 1165 '

357 1250 601 1330 persuasionibus,
626 1262 690 1329 post
710 1250 859 1326 delictum,
880 1262 908 1313 et
928 1251 1146 1331 praedictorum

358 1350 562 1412 revelationem
582 1349 620 1411 ad
641 1351 844 1415 consessionem
874 1352 1026 1413 inductum
1047 1350 1144 1412 luisse.

359 1446 423 1518 Dua
447 1451 522 1511 iacta
544 1450 640 1511 visum
660 1450 747 1513 luisse
776 1471 912 1532 squamas
938 1454 999 1514 sine
1028 1461 1089 1512 rete
1108 1450 1145 1509 ab

359 1548 451 1611 oculis
470 1550 531 1610 suis
552 1551 696 1625 cecidisse,
714 1571 749 1613 ac
769 1555 865 1614 statim
884 1572 919 1614 ex
940 1550 1028 1614 corde
1045 1551 1146 1630 poeui-

360 1648 468 1723 tuisse,
491 1669 578 1730 seque
599 1653 770 1731 gravissima
790 1662 886 1714 morte
912 1651 1031 1730 dignum
1055 1667 1147 1730 repu-

361 1759 446 1825 tasse,
457 1753 556 1830 sicque
566 1754 658 1832 ipsam
669 1764 798 1815 extremo
814 1752 958 1834 supplicio
972 1750 1147 1812 condemna·

362 1864 438 1925 tum,
459 1853 537 1932 quod
557 1855 652 1914 omnia
674 1851 827 1927 membri,
854 1855 917 1915 sire
947 1852 1147 1914 membrorum

362 1954 543 2034 singulorum
565 1955 756 2017 extremitates
785 1955 946 2016 successive
966 1963 996 2014 et
1017 1954 1148 2030 interpa-

364 2055 423 2116 lato
446 2067 589 2136 tempore,
607 2056 706 2117 eadem
723 2066 818 2117 tamen
832 2054 1148 2129 die‚abseinderentur.

361 2155 448 2217 lassu
480 2170 578 2221 autem
611 2158 760 2238 Reginae,
779 2176 814 2218 oe
832 2174 919 2217 caasa
945 2154 999 2216 sibi
1028 2155 1148 2216 daretur

363 2258 542 2339 desperandi,
559 2259 644 2318 datus
658 2270 701 2319 est
719 2257 771 2317 sibi
797 2257 825 2316 in
844 2256 945 2335 primis
960 2256 1060 2334 gravis
1075 2256 1149 2315 ictus

364 2360 392 2420 in
414 2361 524 2439 capite,
546 2370 580 2419 ut
602 2358 689 2418 citius
710 2369 894 2429 moreretur,
914 2366 943 2416 et
964 2356 1147 2417 sensualitate

365 2460 406 2520 sic
427 2459 514 2532 laesa,
530 2461 625 2519 minas
646 2468 794 2537 pateretur
810 2458 840 2517 in
862 2458 1032 2519 abscissione
1054 2475 1150 2517 mem-

364 2560 496 2621 brorum.
511 2559 697 2640 Quibus‚per
712 2561 820 2621 litteras
832 2560 928 2638 regias
941 2575 1034 2621 xxrn
1050 2555 1150 2634 hujus,

365 2661 421 2722 SS.
443 2662 568 2723 Domino
601 2660 635 2720 li.
658 2680 710 2742 per
732 2662 880 2741 episcopos
900 2660 1090 2722 Pacentinum
1121 2671 1150 2721 et

364 2763 576 2824 Asioi-icensem
600 2758 742 2824 Oratores
774 2771 968 2842 praesentatas
995 2759 1150 2821 Sanctiteti

366 2862 454 2933 Suae,
475 2861 654 2941 significatis,
672 2862 773 2922 statuit
792 2861 937 2922 Sanctitas
958 2860 1018 2920 Sua
1034 2860 1149 2922 blissam

365 2962 395 3022 in
415 2962 528 3023 laudem
547 2963 691 3041 gloriosae
709 2962 839 3042 Virginis
868 2961 976 3022 blaciae
994 2980 1049 3040 pro
1079 2960 1150 3021 dicti

365 3063 456 3143 Regis
474 3065 699 3125 conraloecentia
720 3063 865 3126 decantari
881 3065 908 3124 in
923 3064 1052 3145 cappella
1070 3059 1153 3143 ejus·

365 3162 430 3225 dem
445 3163 541 3226 beatm
556 3164 665 3226 Mariae
683 3164 718 3226 de
738 3165 882 3227 Febribas
900 3163 985 3243 justa
999 3165 1151 3227 basilicam

366 3263 398 3324 S.
421 3265 499 3327 Petri
521 3265 567 3326 dis
585 3265 695 3326 sabbati
711 3283 802 3329 xxix.
823 3267 892 3329 dicti
914 3267 1020 3328 nemis
1035 3270 1153 3328 decem-

365 3364 447 3437 bris,
470 3377 499 3428 et
519 3386 552 3427 ea
574 3365 653 3426 haita
678 3368 796 3428 vultum
823 3368 938 3428 Domini
963 3368 993 3427 et
1020 3368 1152 3428 lanceam

367 3468 475 3544 populo
504 3467 635 3539 ostendi,
663 3486 699 3527 ae
719 3467 815 3546 ipsum
844 3467 919 3528 diem
950 3467 987 3527 ab
1017 3469 1152 3527 omnibus

366 3565 551 3637 artificibus,
577 3584 612 3626 ac
632 3566 695 3627 aliis
717 3578 866 3645 tamquam
890 3569 1019 3628 solemne
1046 3569 1153 3630 testum

286 3747 290 3754 ,
367 3666 521 3737 celebrari,
542 3665 619 3745 quod
637 3677 665 3727 et
684 3667 800 3747 publice
820 3669 1022 3747 proclamari,
1042 3680 1072 3730 et
1101 3689 1153 3749 per

368 3768 500 3829 scedulas
520 3769 550 3827 in
570 3767 692 3829 diversis
713 3767 830 3830 aciebus
851 3768 941 3831 Urbis
962 3770 1060 3829 aiiixas
1079 3787 1154 3849 pro-

366 3870 460 3950 palari
480 3869 557 3930 lecit.
576 3869 629 3931 Die
647 3870 740 3949 igitar
761 3870 885 3943 sabbati,
909 3884 1010 3951 parata
1024 3872 1154 3951 cappella

367 3972 515 4050 praedicta
548 3972 584 4033 de
609 3970 766 4045 Febrihus,
795 3972 896 4051 pannis
922 3972 1020 4033 aureis
1040 3973 1154 4033 circum

367 4072 459 4148 eitun,
478 4091 512 4133 ac
533 4075 637 4146 altare,
656 4083 685 4133 et
706 4074 782 4133 intre
799 4074 940 4133 serratam
956 4073 1017 4133 sire
1036 4073 1155 4133 cancel·

369 4175 442 4248 ium,
464 4192 516 4236 nec
537 4191 594 4235 non
616 4174 710 4252 prima
726 4174 866 4253 ⁴cappella
890 4172 927 4233 ad
946 4174 1091 4233 sinistram
1107 4175 1155 4233 in·

367 4276 473 4337 tranlis
499 4274 608 4335 dietam
630 4270 773 4350 majorem
792 4272 952 4353 cappellam
970 4292 1024 4351 pro
1050 4282 1155 4334 canta-

369 4379 451 4438 tibus
476 4374 654 4456 perpulchre
677 4372 818 4433 similibus
842 4372 943 4452 pannis
963 4383 1105 4453 paratam,
1120 4392 1154 4434 ac

367 4477 433 4539 sede
459 4475 538 4554 Papa
558 4476 588 4534 ia
609 4476 741 4553 apposito
760 4474 874 4534 altaris
898 4474 1021 4554 praelati
1050 4474 1155 4535 Destae

368 4576 477 4637 blaciae
503 4595 537 4636 ac
566 4574 681 4636 sedibus
711 4593 768 4654 pro
793 4574 996 4637 cardinalibus
1027 4574 1095 4635 hinc
1127 4585 1156 4636 et

368 4677 434 4739 inde
462 4673 548 4752 juata
573 4674 669 4737 sedem
703 4674 822 4756 Papae,
854 4676 1030 4757 competenti
1059 4685 1155 4737 tamen

366 4780 486 4860 spacio,
510 4777 645 4840 videlicet
677 4778 764 4838 unius
797 4796 906 4839 cannae
935 4796 1003 4838 cata
1038 4776 1155 4837 dimidia

369 4881 415 4942 sel
437 4879 528 4955 circa,
557 4878 729 4940 intermedio
750 4877 866 4940 dimisso
886 4898 942 4959 pro
959 4878 1116 4958 Episcopis.
1128 4889 1157 4939 et

368 4981 552 5062 Presbyteris
581 4979 618 5039 ad
650 4979 797 5041 dexteram
826 4980 944 5060 Papae,
973 4990 1003 5040 et
1020 4977 1157 5039 Diaconis

367 5081 570 5144 Cardinaiibus
600 5080 637 5141 ad
671 5082 816 5142 sinistram
857 5082 976 5162 positis,
1009 5080 1050 5138 ita
1078 5075 1158 5158 quod

368 5183 536 5245 Cardinales
560 5181 612 5262 ipsi
634 5182 671 5241 ab
694 5199 752 5244 uno
772 5181 863 5242 latere
892 5181 1003 5252 altare,
1031 5180 1069 5239 ab
1100 5180 1157 5240 alio

371 5284 559 5364 reroPapam
577 5283 787 5362 conspicerent,
805 5299 839 5342 ac
851 5299 905 5361 pro
922 5281 1159 5359 Praelatisqaia-

370 5384 528 5461 tapiicibus
547 5382 661 5443 scaonis
683 5391 764 5443 retro
788 5381 935 5442 banobnm
961 5382 1157 5444 Diaconorum

369 5482 578 5562 Cardinalium,
589 5496 618 5546 et
630 5482 808 5545 Oratoribus
822 5484 902 5544 laicis
921 5495 1003 5546 retro
1018 5503 1156 5547 stannum

411 5722 444 5771 tt,
462 5716 488 5765 la
505 5714 631 5775 bocardo,
646 5715 714 5765 dixit
730 5713 880 5765 inhibuisse.

848 607 1131 674 ronutrtcattis
1153 609 1379 676 tunxsnottt
1401 606 1529 674 sexti.

1896 601 2008 687 (tamt

1209 746 1458 827 Presbyterorum
1488 740 1710 813 cardinalium,
1730 750 1762 801 et
1791 749 1878 801 extra
1906 757 2007 800 versas

1210 848 1303 909 altare
1324 844 1529 925 praedictam,
1547 852 1577 904 et
1598 861 1654 924 pro
1674 840 1818 904 Praelatia
1836 839 1937 921 Papae
1956 857 2005 899 as·

1210 945 1372 1010 sistentibus
1398 943 1436 1004 ad
1456 942 1602 1004 sinistram
1630 941 1726 1023 Papae
1752 942 1780 1002 in
1802 952 2007 1003 transversam

1211 1065 1302 1127 supra
1333 1044 1478 1106 banchum
1510 1044 1711 1105 Diacoaorum
1730 1040 1865 1104 ordinate
1897 1037 2008 1120 positis,

1213 1147 1269 1208 SS.
1289 1147 1431 1207 Dominus
1451 1143 1487 1205 li.
1506 1157 1625 1226 paratus
1643 1163 1725 1205 more
1745 1144 1873 1204 solitast
1885 1141 2009 1221 pluviali

1211 1248 1418 1310 innocentiana
1429 1245 1640 1325 pulcherrirna,
1650 1254 1681 1307 et
1698 1244 1785 1304 mitra
1798 1241 1924 1303 Paulina
1939 1258 2010 1321 pse-

1213 1349 1337 1431 ciosiore
1358 1347 1437 1408 venit
1452 1346 1488 1406 ad
1504 1348 1666 1426 cappellam
1683 1342 1938 1425 praedictam‚ubl
1949 1350 2010 1400 sta·

1214 1450 1265 1511 tim
1284 1450 1398 1529 incepta
1418 1459 1460 1508 est
1473 1446 1559 1507 ldissu
1576 1447 1680 1509 ordina
1700 1445 1797 1508 solita.
1815 1442 2009 1515 Subdiaconi‚

1213 1550 1378 1623 Auditores‚
1396 1549 1548 1627 Accaiyti,
1569 1558 1598 1608 et
1619 1546 1727 1613 clerici
1748 1546 1893 1608 &merae
1912 1552 2007 1604 stete·

1214 1663 1295 1725 runt,
1315 1660 1345 1712 et
1364 1649 1502 1713 sederunt
1519 1648 1557 1707 ad
1575 1648 1724 1707 sinistram
1742 1645 1838 1726 Papae
1860 1661 1969 1705 sersus
1982 1652 2010 1702 et

1214 1763 1280 1815 ante
1300 1752 1445 1813 Diaconos
1475 1749 1644 1811 cardinales
1651 1769 1662 1821 ;
1689 1746 1793 1808 deinde
1818 1744 1858 1805 ad
1888 1742 2010 1805 eandm

1216 1872 1334 1914 manum
1358 1869 1459 1912 versus
1480 1851 1573 1912 altare
1592 1847 1772 1911 Cubicularii
1792 1863 1907 1914 amnes,
1937 1842 2011 1904 Pre-

1216 1954 1342 2035 sbyteris
1369 1963 1400 2013 et
1420 1952 1573 2032 Episcopis
1601 1949 1803 2011 cardinalibus
1822 1946 1914 2010 iacies
1937 1964 2010 2006 aer·

1217 2065 1316 2117 tentes.
1343 2053 1457 2114 Nobiles
1475 2051 1511 2111 ad
1532 2052 1638 2112 solium
1664 2050 1763 2112 sedere
1784 2048 1889 2121 saliti,
1909 2056 1943 2107 et
1962 2045 2014 2106 aiii

1218 2157 1409 2236 quamplures
1440 2164 1583 2215 steterunt
1614 2152 1651 2211 ad
1683 2150 1815 2212 dextram
1838 2148 1941 2228 Papae
1967 2166 2013 2208 re-

1218 2271 1266 2320 tro
1279 2257 1425 2318 bant-bum
1447 2255 1686 2337 cpiscoporum,
1706 2264 1735 2315 at
1757 2250 2009 2331 Presbyterorum

1217 2365 1416 2428 cardinalium
1428 2385 1438 2437 3
1469 2361 1609 2423 Scutiieri
1630 2360 1726 2439 Papae
1749 2367 1813 2439 post
1848 2356 2014 2416 assistentes

1217 2477 1246 2527 et
1259 2465 1405 2527 bannitum
1420 2464 1618 2524 Diaconorum
1639 2458 1855 2529 cardinalium,
1871 2474 1907 2517 ac
1922 2472 2013 2534 supra

1219 2570 1362 2648 praelatos
1382 2566 1417 2625 ad
1433 2567 1581 2626 sinistram
1600 2563 1705 2642 Papae.
1721 2561 1837 2622 lttsaam
1853 2556 2015 2620 celebrarit

1219 2668 1291 2729 lies.
1311 2668 1341 2727 ia
1362 2666 1481 2729 christo
1502 2665 1535 2724 P.
1548 2665 1582 2725 D.
1595 2662 1838 2724 bartholomaeus
1858 2658 2013 2739 episcopas

1220 2768 1398 2831 Sutrinensis
1416 2779 1445 2828 et
1459 2765 1638 2845 Nepesiaus‚
1654 2761 1711 2844 SS.
1729 2762 1844 2824 Domini
1863 2758 1899 2821 Ν.
1918 2758 2014 2839 Papae

1218 2867 1363 2931 secundus
1382 2868 1582 2939 secretarius3
1602 2864 1672 2924 dixit
1693 2864 1817 2944 primam
1850 2858 2012 2920 orationem

1219 2970 1410 3040 ordinariam,
1434 2966 1576 3040 videlieet,
1593 2966 1679 3027 Deos
1697 2964 1754 3045 qui
1772 2963 1894 3025 salutis
1911 2971 2013 3023 aeter-

1219 3092 1290 3143 nae,
1301 3069 1357 3130 sub
1366 3087 1418 3129 sua
1431 3067 1623 3130 conclusione.
1636 3065 1743 3126 Deinde
1754 3082 1810 3145 pra
1823 3062 1920 3143 Papa,
1932 3061 2014 3124 Deos

1221 3170 1426 3233 omninmetc.
1448 3178 1477 3229 et
1494 3169 1582 3228 aliam
1599 3185 1656 3247 pro
1675 3166 1767 3245 Rege,
1785 3163 1842 3225 sub
1862 3165 1923 3225 alia
1944 3181 2013 3225 cau·

1221 3272 1374 3343 elusione,
1401 3286 1490 3348 qaam
1517 3285 1572 3349 pro
1594 3266 1674 3346 Rege
1702 3266 1823 3327 interius
1858 3264 2011 3326 adnotabo.

1220 3373 1341 3435 Volebat
1361 3374 1448 3433 etiam
1469 3369 1614 3430 Sanctitas
1634 3368 1695 3428 Sua
1717 3364 1797 3445 quod
1823 3364 2012 3428 damonibus

1221 3474 1332 3535 octaris
1353 3470 1592 3533 commemoratio
1610 3468 1759 3529 ordinaria
1781 3466 1956 3541 haberetur,
1968 3467 2012 3527 sed

1221 3595 1276 3655 ega
1295 3592 1426 3635 asserens
1447 3572 1523 3633 hana
1543 3571 1660 3631 Missam
1684 3570 1815 3630 votivam
1835 3588 1917 3641 esse,
1943 3589 2012 3649 pra·

1222 3689 1321 3756 pterea
1351 3674 1407 3735 sibi
1438 3672 1676 3734 commemoratio
1711 3668 1881 3746 hujusmodi
1920 3670 2012 3731 minus

1222 3776 1389 3839 convenire.
1407 3775 1531 3834 maxime
1549 3789 1619 3834 cum
1641 3772 1789 3835 ordinaria
1812 3770 1904 3832 blissa
1931 3771 2013 3833 sitin

1223 3878 1301 3939 dicta
1322 3876 1444 3937 Basilica
1465 3892 1533 3935 cum
1554 3871 1723 3949 hujusmodi
1754 3874 2013 3935 commemoratio·

1223 3980 1307 4039 nibus
1327 3977 1495 4046 celebrata,
1516 3993 1550 4035 ac
1581 3984 1735 4054 propterea
1761 3975 1856 4054 ipsam
1887 3976 2012 4034 votivam

1222 4080 1333 4141 omissis
1372 4076 1697 4138 commemorationibus
1729 4076 1934 4138 solemniorem
1966 4073 2013 4133 iu·

1224 4193 1333 4253 iurata,
1352 4177 1483 4259 persuasi
1505 4177 1659 4238 sanctitati
1681 4176 1769 4250 Suae,
1788 4186 1823 4237 ut
1840 4176 1905 4256 ipsa
1931 4175 2012 4236 bliasa

1224 4300 1291 4343 cum
1308 4280 1404 4340 tribas
1418 4278 1567 4338 dumtaxat
1578 4278 1822 4357 supranominatis
1834 4277 2015 4339 antiatibus

1223 4383 1382 4454 diceretur,
1397 4369 1484 4456 cujus
1505 4379 1538 4439 S.
1555 4378 1627 4452 Sua,
1639 4378 1738 4439 habito
1749 4377 1843 4440 ttevv.
1858 4376 1924 4437 DD.
1939 4376 2013 4437 San·

1224 4483 1263 4543 cti
1285 4482 1366 4543 Petri
1398 4480 1434 4539 ad
1454 4480 1601 4552 Vincula,
1622 4479 1781 4549 Senensis,
1799 4488 1829 4540 et
1854 4477 2013 4539 Camerarii

1223 4602 1310 4664 supet·
1332 4584 1388 4643 hoc
1402 4582 1534 4651 consilio,
1549 4581 1599 4659 qui
1618 4598 1734 4642 mecam
1753 4590 2015 4660 oenmtunt,super

1225 4686 1280 4745 iroc
1299 4694 1395 4745 tamen
1415 4701 1433 4743 a
1455 4701 1501 4743 me
1522 4682 1660 4762 primitus
1680 4682 1850 4751 iniormati,
1869 4682 2015 4743 consensit

1225 4786 1302 4865 quod
1318 4788 1606 4847 commemorationes
1621 4786 1785 4847 ordinariae
1798 4786 2016 4848 omitterentur.

1224 4889 1343 4950 Dictum
1361 4897 1406 4949 est
1427 4888 1543 4950 Gloria
1562 4888 1596 4947 in
1618 4886 1768 4959 eccelsia,
1780 4885 1898 4959 credo,
1912 4897 1942 4948 et
1960 4886 2014 4947 alia

1225 4989 1322 5050 omnia
1343 5005 1426 5048 more
1446 4988 1539 5047 solito.
1552 4985 1645 5047 Finita
1660 4986 1756 5058 liliosa,
1768 4996 1928 5065 antequam
1938 4986 2015 5067 Papa

1226 5088 1406 5149 benediceret
1417 5084 1738 5160 solemniter-,cantares
1749 5085 1886 5148 dixerunt
1898 5104 2015 5167 prosam
2070 5074 2072 5077 ⁴

1226 5191 1330 5251 beatae
1344 5189 1455 5250 blariae
1473 5189 1600 5268 Virginis
1621 5207 1673 5267 per
1695 5187 1786 5249 leticia
1806 5188 2016 5249 recordatiouis

1226 5291 1262 5350 D.
1286 5291 1400 5352 Sixtum
1431 5290 1540 5369 Papam
1561 5306 1620 5350 nan
1650 5287 1771 5361 editam,
1792 5287 1871 5367 Papa
1902 5289 2017 5351 interita

1226 5402 1327 5455 stante.
1343 5391 1410 5461 Dua
1429 5388 1508 5451 linita
1524 5389 1597 5450 dixit
1611 5389 1743 5452 Pontifex
1759 5391 1817 5450 alta
1835 5409 1909 5453 roce
1921 5391 2018 5454 Pater

1227 5504 1344 5564 noster,
1362 5490 1440 5570 quod
1458 5499 1570 5551 secrete
1584 5492 1747 5572 complevit.
1768 5488 1847 5550 Tum
1868 5490 2018 5570 subjanxit

1227 5603 1379 5671 sequentes
1401 5608 1516 5663 sersus,
1536 5589 1573 5649 ad
1594 5609 1668 5670 qnos
1687 5591 1829 5653 cantores
1856 5590 2018 5671 responde·

1228 5704 1309 5768 runt,
1330 5704 1358 5754 et
1379 5691 1540 5753 orationem
1561 5701 1618 5753 etc.
