4492 6859
301 648 415 734 (¹⁴⁸⁸)

303 799 395 866 prout
408 787 517 848 tactum
530 795 583 846 est.
601 785 634 844 tn
649 782 744 863 prima
761 781 835 843 sedit
846 778 902 841 SS.
921 779 956 840 D.
975 778 1008 839 tt.
1025 798 1092 841 cum

303 887 389 947 dictis
412 886 525 946 duobus
543 884 754 954 cudirntibus,
775 880 949 943 insecenda
970 880 1092 958 praetati

302 987 463 1066 praedicti,
489 997 519 1046 et
550 987 621 1058 atii,
652 1003 688 1044 ec
716 982 822 1045 damini
848 980 992 1052 Mattheus
1020 978 1091 1040 Cibo

301 1087 495 1147 subdiaconus
515 1087 699 1166 apostolicas,
718 1084 752 1143 D.
775 1084 904 1142 Hilarius
918 1080 1047 1151 Gentiiis‚
1062 1091 1092 1140 et

302 1188 420 1265 quidam
435 1187 483 1248 aiii
493 1208 504 1260 3
526 1187 555 1245 iu
576 1187 672 1260 tertia,
690 1186 771 1263 quasi
788 1185 818 1244 in
838 1184 969 1264 opposito
990 1177 1089 1257 bajas,

301 1307 354 1349 seu
365 1290 394 1347 in
407 1299 605 1346 transversum
616 1286 714 1365 ipsius,
726 1284 860 1345 sederant
871 1282 982 1363 primus
993 1281 1089 1343 Fran·

301 1392 396 1447 ciscus
424 1383 499 1445 titius
523 1384 618 1465 Papae
639 1388 724 1446 etiam
746 1383 897 1443 bastardus
922 1378 968 1464 (i)
1002 1392 1090 1461 prout

301 1485 366 1545 Daa
378 1484 559 1547 Theodorias
571 1496 664 1545 mater
675 1502 792 1563 sponsae
805 1481 978 1561 praedictae3
989 1480 1088 1541 deinde

300 1605 404 1666 sponsa
416 1586 474 1669 (9),
495 1597 556 1647 tum
577 1604 707 1665 sponsas,
720 1602 783 1664 past
798 1603 865 1647 eum
878 1584 941 1644 Dna
952 1582 1089 1645 Theodo-

343 1772 380 1830 (1)
404 1769 560 1821 Dabiterunt
583 1768 707 1831 quidam,
730 1770 756 1817 et
783 1766 854 1817 inter
875 1777 922 1816 eas
948 1763 1031 1813 Cano.
1052 1772 1087 1811 nc

299 1849 420 1908 Faenus,
431 1848 494 1899 net.
508 1848 576 1900 iicet.
592 1851 655 1898 tona.
671 1845 752 1896 texit.
766 1858 793 1908 p.
813 1845 880 1902 tii..
897 1844 930 1893 de
946 1840 1088 1904 ittegitimi·

298 1932 356 1976 tete
377 1928 486 1977 fitiorum
509 1928 652 1977 innocentii
678 1925 792 1984 Octavi,
807 1924 925 1973 dicentes
949 1934 982 1971 ex
1007 1920 1085 1978 iustis

770 643 1054 709 contumacus.
1073 642 1297 709 monnarii
1318 643 1469 709 oenatt
1877 647 1937 710 {Di

1162 783 1224 842 rina
1246 793 1338 842 mater
1358 798 1477 861 sponsae
1498 782 1671 861 praedictae,
1692 785 1852 848 successive
1878 789 1936 848 etii.

1160 882 1357 944 {amnuerunt
1376 893 1474 942 autem
1506 882 1535 940 in
1562 882 1616 942 bec
1638 885 1722 943 tertia
1744 903 1840 947 measa
1864 887 1938 949 inter

1159 982 1230 1042 aiios
1251 993 1315 1061 past
1332 981 1504 1060 praedictas,
1523 980 1689 1043 beoaardus
1709 984 1781 1046 cino
1801 988 1939 1047 commis·

1159 1081 1252 1142 sarias
1273 1082 1390 1161 Papae,
1409 1100 1483 1141 uxor
1504 1100 1578 1155 saa,
1598 1092 1627 1142 et
1644 1082 1736 1145 trater
1756 1103 1842 1161 suus3
1863 1106 1937 1149 uxor

1156 1181 1367 1242 Franciscbetti
1396 1180 1447 1241 titii
1465 1182 1572 1261 Papae,
1592 1182 1628 1241 D.
1649 1182 1816 1245 Dominicus
1841 1189 1938 1258 Aurea

1157 1293 1186 1344 et
1207 1300 1280 1343 uxor
1305 1300 1357 1342 saa
1384 1300 1468 1343 sorar
1492 1281 1699 1364 archiepiscopi
1727 1284 1938 1363 Beneventani,

1158 1400 1250 1443 error
1267 1380 1303 1441 D.
1320 1380 1467 1443 Gattietmi
1479 1382 1640 1444 Comei-arii
1658 1386 1760 1446 secreti
1781 1385 1837 1446 SS.
1848 1386 1885 1446 D.
1902 1386 1936 1449 tt.

1155 1482 1263 1561 nepotis
1277 1480 1312 1541 D.
1329 1481 1497 1562 Hieronymi
1511 1484 1667 1564 ratigisii
1681 1486 1846 1547 subdiaconi
1863 1506 1938 1567 apa-

1156 1582 1260 1654 sotici,
1277 1593 1307 1642 et
1327 1581 1504 1643 Cabicaiarii
1525 1586 1626 1646 secreti
1645 1582 1772 1662 ejusdem
1794 1587 1830 1647 D.
1848 1586 1895 1660 ii,
1909 1600 1939 1650 et

1154 1683 1253 1758 plnres
1269 1683 1329 1744 atii.
1348 1682 1475 1743 Praedia
1502 1696 1635 1762 peracto,
1657 1697 1720 1764 post
1739 1689 1867 1765 aliquem
1888 1688 1936 1748 di·

1154 1798 1283 1854 ntoram,
1304 1795 1484 1845 recesserant
1505 1787 1640 1847 mutieres
1662 1806 1730 1847 carn
1749 1789 1881 1868 pluribus
1901 1808 1936 1851 ex

1153 1882 1235 1956 auis,
1255 1884 1354 1945 deinde
1377 1885 1463 1945 etiem
1489 1885 1561 1960 etii3
1583 1905 1629 1947 res
1654 1887 1725 1949 baec
1746 1901 1855 1951 secreta
1879 1908 1937 1951 nan

299 2006 401 2067 nuptiis
417 2008 476 2055 itios
492 2007 612 2070 potuisse
629 2005 702 2062 oriri,
715 2003 878 2066 iuvenilibus
891 1999 1086 2051 annistohanni
1117 1962 1122 2085 b
1153 1981 1223 2056 fait,
1241 1985 1291 2045 sed
1309 2003 1359 2064 pet·
1379 1995 1468 2045 taum
1489 1984 1599 2049 Urbem
1618 1986 1781 2067 divulgata,
1800 2000 1830 2049 et
1848 2008 1937 2067 prue-

299 2084 377 2146 Dapt.
394 2083 467 2135 Cibo.
480 2084 533 2134 Sed
548 2096 582 2135 ex
599 2085 640 2133 hia
656 2082 800 2133 barchardi
815 2082 920 2141 verbis,
932 2080 1086 2131 dubitationi

300 2166 373 2212 iocus
383 2175 436 2212 non
446 2166 540 2212 restet.
549 2162 648 2212 Forsan
657 2161 823 2211 burchardus
834 2161 980 2219 mulierem,
989 2171 1022 2208 ex
1035 2170 1086 2219 qna

298 2240 346 2290 diii
363 2240 505 2292 innocentii
522 2242 705 2299 nascebantur,
721 2241 853 2291 indicebat
867 2243 954 2302 p.91..
970 2238 1025 2297 ubi,
1048 2238 1086 2286 te·

300 2325 385 2381 gitur:
402 2340 413 2362 ι
437 2319 640 2370 rrmeescataas
655 2318 717 2369 Cito
737 2332 815 2381 nepos
838 2319 926 2380 Papae
947 2329 980 2368 aa
1005 2315 1085 2379 fratre

295 2400 397 2449 saniore
410 2396 450 2462 (i)
471 2399 557 2460 Papae
572 2402 657 2448 satae.
676 2421 686 2441 ·
705 2400 732 2448 tn
753 2399 844 2449 codice
867 2395 1085 2460 biegtiabecniena

295 2481 426 2539 scriptam
442 2482 483 2527 est
498 2490 532 2527 aa
548 2476 629 2540 tratre
643 2478 740 2528 sororia
755 2478 840 2539 Papae
855 2476 962 2528 natast!
977 2475 1030 2538 Ego
1047 2475 1087 2524 in-

298 2557 487 2619 terrogationis
512 2557 587 2620 signa
604 2558 670 2607 satis
692 2556 855 2608 deciarabem
878 2555 1084 2605 emendationem

298 2636 372 2685 nntto
398 2634 566 2685 tundantcato
593 2636 667 2685 inniti
694 2639 721 2685 et
747 2646 782 2685 ex
797 2636 854 2683 aitis
876 2634 993 2683 auctoris
1021 2632 1085 2681 tacis

298 2712 466 2771 contradicis
483 2713 551 2770 sed.
567 2717 590 2762 ei
608 2712 690 2763 verba
706 2725 758 2762 nan
775 2712 886 2764 suntab
904 2713 986 2761 inscio
1012 2722 1086 2758 ama·

297 2805 400 2843 nuense
413 2792 525 2854 adjecta,
540 2792 617 2842 tacite
634 2793 702 2841 inter
718 2790 920 2841 Fraacescbinar
935 2789 1012 2839 cao.
1030 2824 1036 2836 .
1054 2822 1083 2839 ..

297 2875 321 2920 et
337 2871 424 2931 Papae
438 2874 514 2921 natus
531 2900 537 2912 ·
556 2906 562 2920 .
579 2904 585 2915 .
603 2870 690 2932 atique
702 2871 735 2919 de
748 2870 839 2918 matris
857 2869 953 2919 inmitia
965 2867 1008 2915 vei
1020 2878 1086 2915 con·

297 2951 402 3000 ditione
426 2950 646 3011 significabantur.
671 2949 802 2998 Gaoaatas
821 2947 898 2997 Viam
924 2959 992 2996 anno
1015 2946 1084 2996 1808.

297 3028 398 3091 publici
410 3030 478 3090 turis
495 3028 609 3079 iaciebat
626 3028 721 3077 tibrum
737 3027 779 3078 aui
796 3028 901 3077 titulus:
917 3028 950 3077 de
966 3025 1085 3075 memorie

297 3106 367 3157 detto
382 3105 497 3169 tamiptia
513 3106 589 3166 Cuba.
608 3129 618 3150 ·
636 3107 674 3156 tbi
690 3119 750 3169 pap.
767 3109 804 3157 18.
818 3110 842 3157 et
861 3108 900 3157 ta.
919 3111 960 3157 17.
982 3108 1087 3169 tegitur:

299 3208 312 3229 ·
326 3186 401 3237 Ebbe
417 3191 512 3249 questo
527 3186 707 3237 Pontefiaeaet
722 3187 786 3237 tiore
802 3187 873 3237 detta
889 3198 935 3235 sue
954 3183 1086 3248 giaventi,

296 3280 315 3315 e
343 3268 533 3327 precisamenta
560 3268 603 3315 nei
630 3270 719 3328 tempo
744 3265 812 3315 detta
833 3278 882 3314 sua
905 3265 1008 3314 dimora
1034 3264 1084 3312 etia

296 3343 381 3395 Corte
396 3344 423 3394 di
440 3345 550 3405 Nepoti,
567 3344 599 3394 de
616 3344 701 3394 tibere
716 3346 812 3395 unione
829 3357 878 3394 con
895 3358 947 3398 una
958 3343 1083 3393 danzetta

300 3426 372 3475 varii
387 3425 449 3487 ugit,
464 3424 516 3473 dae
533 3424 580 3474 soti
597 3423 640 3472 dei
657 3424 726 3486 quati
743 3435 764 3472 n
780 3428 923 3474 trovarono
940 3424 993 3471 vivi
1004 3421 1084 3484 (quad

304 3506 435 3553 incertum
463 3503 548 3553 adbuc
572 3506 632 3561 cst,
647 3502 685 3552 uti
714 3500 862 3552 videbimus
879 3514 927 3552 sao
946 3502 1024 3560 toea)
1039 3503 1081 3551 nei

295 3586 388 3643 tempo
401 3582 443 3631 dat
455 3594 502 3630 saa
514 3579 673 3640 Pontificem,
684 3581 739 3631 ciod
749 3581 894 3631 Francesao
905 3581 1084 3642 eTeodorina,

298 3667 426 3712 consorte
442 3661 468 3710 di
485 3660 621 3711 Gbererdo
645 3660 797 3711 Dsodimare
812 3661 921 3710 cittadin
942 3672 1082 3723 gennaesa

298 3769 331 3778 —
346 3742 510 3792 Pretendoao
522 3743 606 3792 atcuni
623 3744 739 3792 scrittori
755 3742 804 3791 che
819 3741 1002 3793 Giembattista
1017 3740 1082 3790 Cibo

298 3834 396 3871 avesse
423 3822 626 3871 ettettivemente
653 3825 781 3882 spoeato,
796 3821 831 3871 ed
847 3822 906 3871 ettri
922 3820 971 3870 ene
988 3831 1082 3869 aresce

295 3909 440 3959 promessn
457 3896 483 3946 di
499 3908 619 3960 sposere.
635 3896 770 3946 Fretteuto
786 3898 809 3944 ci
826 3898 899 3957 piace
914 3896 959 3957 qai
980 3895 1082 3945 riterire

300 3980 402 4036 quanto
428 3976 451 4024 ei
478 3976 550 4038 tegge
572 3975 640 4026 nette
662 3974 782 4025 Memoria
797 3974 863 4025 mtto
878 3973 993 4036 samiptia
1016 3973 1083 4033 Goba

300 4056 479 4115 (conservate
497 4055 714 4103 autenticamente
730 4053 792 4103 nett'
804 4054 920 4102 archivio
936 4053 1082 4105 secretarii

297 4134 408 4192 Massa)
429 4133 534 4181 intorno
556 4133 581 4180 et
608 4134 706 4195 tragico
732 4131 783 4182 bne
799 4133 825 4181 dt
842 4138 935 4195 questa
955 4132 1082 4183 donzelta.

300 4236 312 4255 .
334 4214 370 4262 ta
395 4210 556 4272 pmtitdoana
580 4224 626 4273 per
650 4214 737 4272 qanto
763 4212 843 4274 attare
856 4211 886 4275 sa
910 4211 1086 4263 miseramente

295 4290 364 4354 tatia
373 4291 469 4341 morire
483 4289 527 4340 dui
542 4291 609 4351 suoi,
618 4290 743 4340 ancarcbe'
756 4291 932 4342 Giambattista
941 4291 1087 4353 affmmmm

294 4373 327 4422 ed
341 4372 479 4420 redditaene
494 4370 522 4417 ia
539 4369 733 4419 testimonianze
748 4372 796 4421 due
811 4372 893 4421 donne
906 4372 940 4420 da
955 4371 1083 4431 barachei

293 4463 365 4503 esser
388 4463 435 4500 aaa
459 4449 581 4512 teutmaro
596 4449 706 4511 moplie:
722 4463 766 4499 me
781 4452 845 4511 essi,
861 4450 939 4512 rapiti
953 4451 1082 4512 d'onore,

294 4544 349 4581 nos
363 4532 549 4591 sappmtarana
564 4529 591 4578 di
610 4532 755 4579 ementiare
772 4529 866 4579 ateana
889 4532 1082 4581 mcumzioneo

293 4622 377 4660 causa
393 4608 626 4671 imminutionis
641 4608 769 4660 accidente
783 4622 922 4660 commosse
942 4611 967 4660 ta
990 4608 1081 4659 etune

294 4692 495 4750 compassione,
511 4702 524 4739 e
538 4702 565 4739 se
579 4701 610 4739 ne
636 4688 729 4751 mpod
745 4697 835 4740 contro
861 4689 1046 4740 Giambattieta.
1068 4711 1078 4734 ι

294 4769 350 4819 Sed
366 4770 408 4818 vet
425 4769 540 4818 narratio
557 4771 622 4820 naec
639 4768 768 4829 tebaiosa,
785 4770 826 4819 vet
841 4768 971 4819 tonennes
991 4768 1080 4830 Bapti-

296 4854 340 4898 sta
361 4861 396 4897 ex
418 4848 500 4897 variis
526 4848 680 4897 mutieribus
697 4847 763 4897 titios
780 4849 948 4910 procreatur
966 4860 1025 4898 cum
1046 4850 1080 4898 sit

296 4926 353 4976 tere
377 4925 537 4988 impossibile
559 4925 639 4977 nobiti
666 4926 781 4984 mutieri,
798 4928 931 4977 variorum
952 4939 1078 4977 annorum

298 5004 504 5065 sparteanorea
516 5008 541 5052 ει
549 5003 616 5054 iiiios
627 5003 727 5065 absque
736 5007 850 5056 omnium
862 5008 928 5056 scita
940 5006 1081 5065 occultare,

297 5084 332 5132 ita
350 5086 378 5131 at
395 5095 428 5131 ex
444 5080 557 5142 abrupto
573 5086 697 5142 parentas
721 5085 820 5133 rescire
841 5084 961 5135 debeant.
988 5085 1079 5135 ciaco-

300 5162 371 5219 nius,
385 5160 456 5209 natta
473 5160 623 5209 testimonio
641 5160 762 5221 adducto,
779 5164 829 5220 ait,
846 5163 970 5214 habuisse
985 5165 1080 5225 minum

297 5239 365 5301 titios
392 5251 424 5287 ea
447 5238 524 5291 nobiti
550 5238 636 5299 praeite
650 5240 830 5304 oeapotr'tauap
849 5241 989 5293 Cbrnnista
1014 5256 1079 5294 vero

301 5318 371 5380 apud
382 5319 496 5377 Macar,
513 5319 573 5366 tom.
588 5317 626 5365 111.
640 5329 669 5377 p.
684 5318 714 5367 n.
730 5330 757 5380 p.
775 5322 857 5377 1190..
873 5323 988 5382 asserit,
1010 5326 1078 5371 tem-

296 5410 364 5459 pora
382 5397 568 5458 assumptionis
585 5394 618 5444 ad
634 5395 811 5448 Pontificatum
822 5410 855 5448 aaa
863 5399 980 5461 ptaribm
991 5401 1079 5451 mutie-

293 5478 366 5527 ribus
376 5480 469 5537 reptem
484 5475 548 5537 titios
564 5473 628 5523 inter
643 5486 726 5524 mares
741 5479 765 5526 ct
781 5475 902 5539 foeminas
919 5479 1025 5529 bebere.

345 5558 381 5616 (2)
399 5556 497 5617 Sponsa
515 5567 590 5617 cujus
607 5553 649 5602 hio
663 5565 760 5603 namen
775 5555 942 5608 desideratur
958 5572 991 5609 ex
1007 5559 1079 5609 dete·

295 5641 342 5690 cta
356 5634 455 5686 codicis
467 5637 523 5684 arat
533 5632 630 5683 Porotta
644 5634 670 5681 ct
682 5644 795 5693 sponsus
809 5636 951 5697 aptemur
961 5639 1007 5689 Det
1018 5639 1078 5690 Car.

294 5718 370 5776 cetto,
378 5714 493 5766 iteratio
503 5708 703 5765 finatis-Via
715 5709 821 5773 Platiae,
833 5715 912 5777 vieni,
923 5722 949 5768 et
958 5718 1077 5781 append.

1152 2083 1232 2143 scite.
1253 2083 1318 2163 Ego
1335 2102 1391 2144 non
1407 2086 1535 2159 intertui,
1548 2086 1598 2147 sed
1610 2105 1627 2145 a
1641 2087 1734 2149 tratre
1751 2086 1798 2170 (3)
1815 2090 1937 2167 praefati

1152 2180 1301 2245 Guttietmi
1321 2185 1482 2247 (temerarii
1503 2188 1616 2261 secreti,
1631 2188 1681 2265 qai
1701 2189 1842 2262 interfuit,
1864 2190 1936 2251 baec

1153 2283 1224 2344 mibi
1235 2284 1388 2358 referente,
1399 2286 1578 2359 nonatum
1587 2299 1688 2349 eontra
1699 2307 1831 2350 normam
1842 2291 1937 2350 caeri-

1153 2386 1273 2443 monier.
1286 2396 1485 2446 nomenante
1496 2388 1773 2469 sint,quaeespresse
1784 2389 1937 2470 probibent

1152 2485 1286 2545 mutieres
1305 2485 1402 2547 sedere
1421 2488 1450 2546 in
1464 2489 1598 2549 coavivio
1611 2507 1678 2550 cam
1700 2489 1837 2551 Pontiiice
1857 2489 1913 2571 (4).

1193 2585 1278 2646 Faria
1309 2589 1414 2661 tertia,
1436 2606 1524 2649 xviia.
1547 2592 1733 2662 novembris,
1754 2593 1782 2651 in
1804 2594 1932 2672 cappella

1153 2683 1265 2761 majore
1285 2686 1389 2748 Petatii
1408 2691 1485 2768 apud
1507 2690 1538 2751 S.
1572 2691 1693 2753 Petram
1713 2711 1767 2772 pro
1787 2694 1858 2755 testo
1884 2693 1938 2755 de·

1152 2786 1300 2848 dicationis
1334 2789 1517 2851 basilicarum
1549 2794 1753 2870 Apostotorum
1791 2792 1869 2854 Petri
1907 2805 1936 2854 ει

1153 2887 1246 2962 Pauli,
1273 2888 1309 2948 tt.
1340 2890 1374 2949 P.
1403 2890 1438 2951 D.
1462 2891 1596 2952 Staienus
1616 2893 1854 2973 archiepiscopus
1875 2893 1935 2954 Pa·

1153 2990 1300 3062 tracensis,
1314 3000 1343 3050 et
1356 2990 1505 3070 episcopus
1522 2992 1760 3068 Toimettaaensis,
1781 2995 1938 3055 cctebrerit

1152 3089 1267 3148 Missam
1288 3092 1464 3164 solemnem,
1485 3092 1562 3170 Papa
1586 3103 1614 3153 ει
1632 3092 1835 3154 Cardinetibus
1852 3113 1941 3173 prae·

1153 3189 1287 3250 sentibus.
1313 3191 1402 3250 Facta
1424 3193 1585 3253 reverentia
1622 3212 1674 3272 per
1703 3193 1891 3267 Cardinetes,
1910 3206 1941 3255 et

1155 3289 1246 3351 dicto:
1267 3291 1385 3352 Gloria
1402 3291 1436 3351 ia
1450 3292 1583 3352 eeceiav'a
1602 3292 1681 3366 Deo,
1698 3293 1774 3372 Papa
1791 3294 1938 3356 mandevit

1153 3391 1234 3462 mibi,
1253 3401 1287 3451 ut
1306 3392 1334 3450 in
1355 3390 1495 3469 gradibus
1516 3393 1579 3453 sotii
1594 3394 1692 3454 locum
1709 3393 1808 3455 darem
1824 3392 1938 3455 cuidam

1154 3489 1274 3552 Dratari
1295 3490 1381 3570 Regis
1402 3491 1543 3566 Russiae,
1568 3492 1609 3553 ad
1639 3492 1730 3554 Suam
1751 3492 1940 3555 sanctitatem

1152 3610 1207 3671 pro
1228 3591 1387 3654 obedientia
1408 3594 1578 3673 praestanda
1597 3596 1695 3667 missa,
1714 3595 1793 3674 quod
1813 3595 1937 3669 enicet,

1152 3702 1180 3752 et
1193 3694 1234 3753 itti
1249 3694 1346 3753 locum
1362 3692 1504 3772 assignavi
1523 3694 1577 3756 sab
1591 3694 1744 3772 Senatore,
1760 3715 1850 3777 supra
1864 3715 1937 3759 eoa·

1150 3804 1311 3854 servatores
1326 3793 1464 3856 Gamerae
1481 3795 1578 3857 Urbis.
1594 3795 1697 3859 Omnia
1712 3799 1768 3858 atia
1779 3798 1857 3860 inan
1869 3809 1938 3860 sunt

1152 3911 1232 3955 mare
1254 3906 1398 3956 consueta.

1193 3995 1278 4055 Feria
1299 4008 1415 4073 quarta,
1435 4010 1541 4055 xristi.
1559 3997 1736 4069 novembris,
1750 4009 1816 4059 ente
1832 3998 1936 4060 boram

1149 4106 1180 4156 et
1201 4096 1299 4157 iocum
1325 4094 1508 4169 audientiae,
1534 4091 1622 4175 supra
1648 4099 1765 4177 pateam
1791 4099 1821 4159 in
1849 4100 1935 4177 piano

1149 4213 1239 4275 supra
1259 4195 1367 4274 gradus
1386 4206 1602 4275 praeparatum,
1629 4218 1681 4277 per
1702 4198 1739 4261 tt.
1767 4203 1796 4259 in
1818 4199 1936 4263 Christo

1149 4296 1184 4359 Ρ.
1211 4297 1246 4357 D.
1280 4297 1399 4359 Petrum
1429 4298 1596 4377 episcopum
1627 4298 1841 4362 casanatensem
1872 4303 1937 4362 Aa·

1150 4397 1271 4459 ditarem
1292 4397 1450 4470 Gamerae,
1477 4399 1551 4460 tecta
1580 4398 1756 4462 consessione
1782 4412 1812 4462 et
1834 4403 1936 4484 inqui·

1150 4499 1249 4559 sitione
1268 4509 1370 4559 contra
1391 4496 1532 4557 Jacobum
1560 4497 1641 4558 Petri
1662 4497 1790 4561 Romero
1809 4503 1937 4583 presby·

1149 4610 1244 4660 teram
1264 4597 1423 4658 itterdensis
1444 4597 1578 4659 dioecesis
1597 4599 1626 4659 in
1646 4599 1800 4681 Hispania,
1814 4603 1935 4666 Protes-

1148 4718 1214 4759 sum
1227 4698 1403 4761 Canonicam
1423 4700 1587 4778 regularem
1603 4698 1721 4761 Ordinis
1735 4701 1766 4762 S.
1781 4701 1935 4783 Augustini

1147 4802 1243 4874 iacta,
1271 4800 1387 4874 habita,
1407 4811 1436 4861 et
1456 4802 1534 4876 tata,
1560 4820 1595 4863 ac
1623 4803 1820 4866 commissione
1845 4823 1933 4885 saper

1148 4903 1254 4964 actuali
1275 4902 1479 4984 degradatione
1496 4903 1635 4978 iacienda,
1655 4904 1775 4966 eandem
1790 4905 1931 4968 iacobum

1148 5005 1300 5065 actuatitei·
1318 5003 1488 5083 degradavit
1505 5000 1590 5079 juata
1606 5004 1731 5065 sormam
1747 5001 1931 5080 Pontificetis,

1148 5119 1178 5167 et
1198 5125 1265 5167 eum
1285 5104 1474 5185 degradatum
1501 5104 1672 5164 Ambrosina
1691 5104 1838 5182 Derigetto
1858 5123 1931 5165 con·

1148 5208 1269 5287 signarit
1275 5227 1285 5279 3
1307 5217 1344 5282 et,
1365 5214 1513 5285 praesente
1534 5204 1569 5263 D.
1592 5203 1706 5266 Justtno
1728 5203 1878 5279 advocata,
1894 5202 1928 5265 tt.

1148 5307 1183 5371 de
1201 5307 1308 5368 Parma
1328 5314 1519 5386 procuratore
1548 5302 1660 5377 flscati,
1685 5315 1713 5366 et
1740 5315 1801 5365 toto
1821 5307 1930 5385 populo

1189 5480 1225 5536 (3)
1241 5476 1362 5526 iactasse
1386 5477 1464 5539 igitur
1487 5476 1608 5538 saperius
1632 5476 1769 5539 tegendum
1786 5488 1838 5527 non
1858 5488 1932 5527 soror

1147 5555 1174 5606 D.
1185 5556 1323 5616 Gutiieimi,
1338 5556 1382 5607 sed
1394 5553 1485 5618 frater.

1188 5638 1223 5698 tt)
1239 5635 1338 5685 Auctor
1354 5634 1452 5685 oblitus
1468 5639 1509 5685 est
1526 5632 1688 5694 Pontificem,
1704 5636 1727 5684 si
1743 5635 1807 5686 atios
1826 5635 1931 5700 dispen-

1148 5729 1209 5770 sare
1224 5720 1321 5780 potest,
1337 5729 1370 5770 en
1386 5717 1468 5781 magis
1484 5728 1512 5767 se
1528 5716 1615 5779 ipsam
1630 5715 1784 5779 dispensare
1797 5718 1926 5779 pauisse
