4492 6859
295 657 337 718 ss
762 641 1046 735 ronnrvcsrns
1068 636 1288 708 nrvocnnrn
1309 643 1462 709 ocrsvr.

295 790 346 852 tilii
367 792 403 853 ll.
424 790 459 851 de
486 788 659 867 llenneberg
679 786 759 846 illam
777 780 950 851 obtinentis,
975 778 1012 838 ad
1031 796 1084 839 ec·

293 889 410 953 clesiam
442 888 666 969 llagnntinam,
686 904 794 966 ‘nuper
826 884 955 945 Pastoris
982 880 1084 943 solatio

211 1041 216 1046 .
292 990 643 1062 destitutam,lactam,ex
663 1004 740 1047 nunc
762 1004 869 1047 vacare
889 982 1083 1056 decernimus,

290 1101 320 1151 ct
340 1090 545 1159 declaramus,
576 1087 687 1149 etiamsi
720 1104 773 1165 per
801 1084 908 1145 dictam
938 1080 1084 1143 electionis

292 1188 539 1251 confirmationem
558 1197 609 1248 sut
630 1203 735 1248 noram
760 1186 964 1265 perfectionem
991 1182 1084 1242 dictae

251 1273 261 1294 '
293 1291 431 1352 ecclesiae
446 1308 504 1368 per
526 1306 578 1350 nos
596 1286 717 1350 &ndum
729 1330 739 1360 ,
758 1297 810 1347 aot
827 1284 956 1347 munmia
979 1302 1084 1345 conse

293 1390 431 1451 erationis
448 1388 663 1468 iupensionem,
677 1405 727 1447 scu
748 1404 801 1466 per
820 1387 933 1464 lapsum
946 1386 1084 1464 temporis

292 1489 329 1550 de
349 1487 549 1550 consecrandis
570 1486 709 1566 episcopis
734 1495 791 1546 etc.
812 1495 865 1546 aot
885 1485 956 1544 alias
979 1488 1084 1562 quovis

293 1588 380 1649 modo
397 1606 449 1647 seu
467 1605 502 1647 ex
514 1588 636 1647 alterius
654 1582 866 1664 cujuscumque
882 1601 1014 1664 persona,
1032 1602 1082 1646 seu

294 1708 347 1768 per
369 1688 488 1749 liberam
510 1686 821 1766 resignationemdicti
835 1686 869 1746 B.
890 1696 941 1746 aut
954 1683 1084 1763 cujusvis

294 1788 415 1849 alterius
430 1787 465 1847 de
486 1788 536 1847 llla
558 1789 588 1847 in
608 1785 739 1848 Romano
757 1786 847 1848 curia
865 1788 908 1848 vel
925 1798 1006 1848 extra
1019 1808 1083 1851 eom

293 1890 381 1949 etiam
405 1906 506 1949 coram
534 1888 647 1950 notario
661 1888 778 1967 publico
797 1899 828 1949 ct
848 1891 965 1951 testibus
984 1902 1084 1970 sponte

293 1987 400 2049 lactum
420 1988 465 2048 vel
486 1985 620 2059 flendam,
641 1997 734 2059 vacet,
750 1988 794 2049 vel
816 1987 993 2065 devolutam,
1012 1993 1084 2052 aile-

293 2099 372 2147 ctam
388 2088 563 2167 specialiter,
585 2088 631 2149 vel
652 2088 724 2149 alias
742 2107 777 2149 ex
797 2090 901 2166 quavis
928 2109 1014 2152 causa
1030 2110 1085 2171 ge·

293 2190 432 2250 nesoliter
443 2199 604 2263 reservata,
614 2188 749 2269 litigiosa,
760 2187 846 2268 cujus
856 2191 912 2253 litis
928 2203 1083 2255 statusetc.

293 2292 413 2363 existat,
435 2289 546 2351 etianssi
574 2309 627 2369 pec
650 2292 882 2354 constitutionem
903 2294 1085 2357 Execrubi·

257 2437 261 2443 .
294 2391 348 2463 lis,
359 2391 406 2451 vel
418 2391 625 2451 assecutionem
637 2389 767 2452 beneficii
782 2393 901 2455 alterius
911 2396 1015 2473 quavis
1026 2413 1085 2455 eu·

294 2489 431 2551 tboritate
446 2492 582 2553 collatam
596 2502 696 2567 vacet,
706 2492 798 2555 eidem
807 2494 929 2556 lobanni
946 2496 1085 2575 provide-

293 2608 369 2664 anus,
380 2602 522 2652 cassantes
541 2610 638 2668 omnes
656 2605 686 2654 et
702 2595 831 2673 singulas
841 2596 1018 2677 provisiones
1032 2615 1083 2658 seu

293 2690 461 2751 mandatum
479 2691 515 2752 de
533 2692 711 2770 providendo
731 2697 755 2755 si
774 2696 852 2773 quod
874 2714 929 2776 pro
948 2696 1011 2757 aliis
1029 2699 1085 2756 sub

292 2789 391 2851 eadem
421 2792 467 2852 vel
489 2794 591 2869 quavis
610 2794 666 2853 alia
688 2793 788 2853 datum
809 2794 872 2855 lieri
894 2795 1082 2874 contingeret:

292 2906 350 2951 non
376 2891 553 2952 obstantibus
574 2894 824 2955 constitutionibus
844 2909 872 2957 et
892 2896 1086 2957 ordinationi·

293 2991 348 3050 bos
368 2991 533 3071 apostolicis
557 2990 706 3054 Ecclesiae
722 2992 891 3071 juramento
904 3009 973 3069 etc,
994 2997 1086 3058 robo-

293 3091 375 3165 ratis,
395 3092 520 3164 statutis,
539 3092 699 3171 ceterisque
718 3096 871 3157 contrariis
892 3096 1085 3175 quibuscum-

294 3209 351 3270 que
372 3209 440 3253 cum
459 3193 597 3255 clausulis
619 3196 787 3274 opportunis
801 3230 848 3255 -.

333 3291 400 3354 Fiat
418 3304 501 3355 motu
521 3295 651 3374 proprio.
672 3296 716 3356 lo.
738 3296 905 3359 llsrrrsra.

333 3390 457 3456 Etcum
481 3392 599 3456 decreto
612 3404 642 3455 et
661 3394 853 3458 declaratione
869 3398 1024 3476 praedictis
1030 3420 1041 3472 3
1057 3410 1085 3460 et

294 3508 363 3550 cum
383 3483 516 3553 clausula
536 3494 702 3570 generalem
728 3497 952 3559 reservationem
972 3500 1086 3579 impor-

294 3600 372 3650 tante
378 3612 389 3663 3
399 3600 427 3652 et
442 3607 511 3649 cum
530 3592 708 3653 absolutione
722 3612 739 3654 a
754 3598 884 3657 censuris
898 3599 936 3658 ad
952 3600 1086 3661 ellectum

294 3690 511 3768 praesentium
532 3704 562 3752 et
583 3691 661 3769 quod
691 3693 804 3755 instant.
830 3696 1008 3760 beneicvstes
1032 3700 1087 3761 Jo-

294 3787 398 3849 banois
414 3788 575 3852 habeantur
598 3809 653 3870 pro
668 3796 828 3872 expressis3
850 3808 880 3856 et
898 3797 975 3873 quod
991 3796 1086 3875 major

296 3894 405 3972 spectio
431 3896 566 3955 valorum
588 3895 681 3957 dietae
702 3902 935 3978 praepositurae,
953 3920 987 3963 ac
1009 3904 1088 3964 illius

197 3987 199 3990 ’
295 3996 398 4057 titulus
420 4008 448 4058 ct
469 3999 573 4071 locus,
593 4009 624 4058 et
645 3998 780 4060 dioecesis
799 4002 828 4060 in
847 4002 953 4079 qrvibus
973 4006 1087 4077 existit,

294 4105 325 4158 et
343 4096 473 4157 omnium
492 4097 622 4158 aliorum
636 4099 716 4159 circa
733 4102 887 4179 praemissa
909 4106 1088 4165 necessario·

296 4211 387 4266 riam,
407 4205 551 4272 quatenus
571 4216 645 4276 opus
665 4199 724 4269 sit,
745 4197 809 4260 lieri
829 4202 941 4281 possit3
969 4215 998 4265 et
1019 4223 1087 4266 cum

296 4294 454 4355 cassatione
475 4312 730 4375 quarumcumque
749 4299 874 4361 aliarum
890 4302 1088 4381 provisionum

297 4402 329 4452 et
347 4392 541 4456 declaratione
562 4395 640 4473 quod
661 4396 691 4455 id
713 4407 824 4458 tantum
837 4402 934 4462 locum
946 4402 1058 4471 babeat.
1070 4430 1087 4462 a

339 4493 461 4555 interim
480 4492 552 4555 dum
569 4495 681 4557 electus
701 4495 833 4561 Pontifex
851 4503 1088 4582 supplicationes,

300 4604 452 4673 utsupra,
471 4595 612 4674 signaret,
630 4593 809 4673 cardinales,
826 4600 960 4680 depositis
980 4621 1090 4666 crocu·

302 4694 359 4767 lis,
381 4706 410 4757 et
429 4696 594 4776 cappuceiis
613 4711 789 4777 acceperunt
816 4718 882 4763 suas
900 4721 1004 4784 cappas
1017 4723 1090 4767 con-

298 4807 402 4858 suetas.
424 4796 508 4859 Tunc
521 4798 676 4860 ‚Sancum
697 4799 770 4875 Sua,
788 4802 903 4864 dimissa
924 4806 1088 4886 signatura,

298 4899 452 4962 emerendo
481 4900 559 4979 quod
592 4919 666 4979 quae
695 4901 820 4964 hicnon
846 4907 1023 4985 signaverat,
1046 4910 1090 4971 lris

299 5000 400 5061 dicbus
410 5003 527 5081 signare
539 5001 638 5073 vellet,
654 5007 781 5066 surrexit
802 5005 837 5067 de
850 5008 916 5067 sede
930 5010 1091 5088 praedicta,

299 5111 329 5161 et
348 5101 517 5181 impositum
537 5101 594 5162 lult
613 5101 665 5162 sibi
687 5104 811 5183 pluviale
832 5107 952 5189 simplex
972 5128 1030 5171 non
1056 5111 1090 5172 de

300 5203 544 5281 pretiosioribus,
575 5212 605 5263 et
635 5223 654 5264 n
686 5203 887 5270 cardinalibus
916 5211 1024 5291 positus
1055 5211 1092 5271 ad

301 5300 458 5362 sedendum
484 5321 572 5382 snper
598 5302 707 5367 dictum
727 5307 821 5370 altars
850 5310 879 5369 in
901 5328 994 5390 parva
1019 5329 1092 5392 cap-

303 5402 394 5481 pella,
412 5412 442 5463 et
461 5420 497 5463 eo
515 5404 557 5463 sic
576 5403 706 5479 sedente,
724 5408 831 5488 singuli
851 5408 1017 5471 cardinales
1037 5430 1092 5472 ve·

301 5512 410 5563 nerunt
429 5502 466 5561 ad
483 5503 684 5566 reverentiam.
700 5505 802 5568 Primo
822 5508 1091 5586 vicecancellarius,

303 5601 404 5664 deinde
423 5602 471 5664 alii
488 5622 543 5666 sun
563 5604 675 5681 ordine,
696 5610 858 5671 osculantes
875 5612 971 5691 primo
990 5609 1090 5692 pedem

303 5701 450 5778 dextrum,
469 5714 532 5766 tum
552 5723 670 5769 manum
688 5718 718 5771 et
734 5726 767 5770 os
786 5710 874 5790 ipsius
887 5712 971 5773 eiecti
981 5732 992 5781 3
1014 5712 1091 5775 lacta

1838 642 1950 735 (⁴⁴⁸⁴)

1152 784 1324 855 reverentia,
1340 781 1436 844 socios
1449 800 1530 843 meus
1548 784 1661 864 accepit
1673 781 1808 860 cineam,
1825 804 1877 849 ma
1890 788 1950 848 ali·

1151 883 1323 958 quantulum
1338 882 1484 962 impedito,
1496 893 1526 945 et
1539 885 1788 963 processionaliter
1810 885 1948 949 venimus

1150 978 1187 1038 ad
1207 979 1351 1043 basilicam
1365 981 1396 1042 S.
1410 980 1489 1043 Petri
1503 1000 1557 1063 per
1575 984 1654 1043 illam
1670 985 1747 1044 viam
1761 1002 1825 1063 qua
1841 1003 1946 1045 accam

1151 1080 1245 1141 dimus
1264 1081 1301 1141 ad
1321 1084 1459 1145 conclave
1469 1104 1480 1156 3
1502 1086 1562 1144 sinc
1584 1095 1679 1146 umen
1697 1088 1880 1165 paramentis
1898 1086 1945 1146 ia·

1151 1192 1197 1241 cta
1216 1192 1261 1243 est
1285 1184 1430 1260 processio
1451 1182 1531 1243 baec.
1554 1182 1721 1246 Cardinales
1740 1186 1945 1263 sequebantur

1151 1297 1279 1343 crucem.
1296 1281 1397 1342 Primo
1411 1281 1542 1355 Diaconi,
1554 1294 1616 1344 tom
1634 1283 1805 1365 Presbyteri
1823 1296 1854 1345 et
1869 1284 1945 1366 Epi-

1150 1381 1238 1462 acopl.
1259 1381 1325 1443 Duo
1340 1382 1465 1443 seniores
1485 1384 1605 1445 Disconl
1623 1385 1793 1460 assistentes,
1811 1384 1947 1447 videlicet

1151 1482 1284 1544 Senensis
1304 1493 1333 1543 et
1351 1481 1450 1543 Sancti
1470 1482 1590 1564 Georgii
1606 1497 1800 1565 portaverunt
1819 1485 1947 1547 aurifri-

1150 1584 1233 1661 gium
1253 1584 1390 1663 pluvialis
1417 1582 1525 1663 Papae,
1549 1603 1623 1646 nnus
1643 1605 1661 1646 a
1681 1585 1803 1659 dextris,
1830 1586 1908 1647 alios
1928 1605 1945 1647 a

1150 1682 1292 1758 sinistris3
1311 1681 1674 1758 recreassemus
1692 1685 1833 1768 pluvialis
1845 1690 1948 1759 nultos,

1151 1781 1286 1861 portabat
1296 1802 1307 1854 3
1329 1782 1439 1842 electus
1460 1782 1597 1843 continuo
1618 1785 1726 1864 populo
1741 1783 1947 1860 benedicebat,

1152 1882 1299 1961 campanis
1321 1880 1458 1941 continuo
1479 1881 1659 1962 pulsantibus
1669 1903 1681 1958 3
1703 1894 1782 1944 tanta
1801 1894 1871 1945 erat
1892 1903 1948 1964 po·

1152 1983 1213 2063 puli
1228 1979 1384 2041 multitudo
1402 1982 1430 2041 in
1451 1980 1536 2042 scalis
1555 1993 1584 2043 et
1604 2002 1657 2063 per
1678 1994 1785 2058 toturn,
1800 1984 1884 2062 qnod
1900 1986 1949 2047 vix

1152 2083 1303 2143 ambulare
1320 2081 1479 2161 potuimus,
1493 2084 1625 2143 omnibus
1645 2083 1877 2145 acclamantibus
1896 2087 1948 2146 ln-

1152 2185 1293 2245 nocentio.
1309 2181 1386 2243 Cum
1402 2200 1528 2244 manns
1542 2193 1621 2244 extra
1641 2194 1755 2263 portam
1771 2186 1859 2247 aulae
1874 2203 1950 2246 eon-

1153 2285 1254 2356 clovia,
1275 2282 1391 2362 quidam
1412 2302 1446 2344 ex
1471 2282 1652 2345 subdiaconis
1666 2284 1835 2364 apostolicis
1856 2304 1947 2348 acce·

1153 2386 1194 2465 pit
1222 2401 1342 2445 crucem
1363 2394 1392 2443 et
1412 2402 1476 2445 eam
1497 2384 1626 2464 portavit
1645 2396 1712 2447 ante
1732 2387 1826 2447 altare
1851 2383 1950 2463 nsajns

1151 2484 1285 2546 basilicae
1306 2483 1407 2544 Sancti
1427 2483 1532 2556 Petri3
1554 2483 1665 2544 eleetos
1694 2484 1825 2546 Pontilex
1847 2504 1946 2565 genu-

1153 2585 1242 2646 llexus
1261 2588 1291 2645 in
1310 2584 1471 2645 faldistorio
1490 2583 1702 2662 aliquantulum
1721 2586 1828 2647 orarit.
1848 2587 1952 2662 Tunc,

1152 2686 1264 2749 detecto
1282 2686 1385 2766 capite,
1395 2696 1484 2758 stans,
1498 2682 1603 2764 incepit
1617 2684 1647 2743 in
1660 2696 1767 2745 motus
1788 2685 1831 2746 Tc
1846 2686 1948 2749 Deum

1154 2789 1342 2859 laudamus,
1366 2796 1396 2847 at
1423 2794 1557 2846 cantores
1586 2796 1656 2845 sunt
1681 2804 1773 2863 usque
1798 2789 1828 2847 in
1858 2786 1947 2850 linem

1153 2887 1308 2966 prosecuti.
1342 2887 1458 2967 incepto
1484 2885 1594 2967 bymno
1614 2887 1721 2966 positos
1747 2888 1804 2948 luit
1835 2890 1948 2951 electos

1153 2987 1189 3046 ad
1209 2985 1364 3049 sedendum
1375 3004 1463 3066 super
1483 2989 1575 3046 altere
1596 2988 1743 3066 praedicto
1763 2998 1792 3049 et
1812 3006 1949 3050 acoeme-

1153 3100 1223 3149 runt
1236 3089 1345 3167 singuli
1362 3086 1540 3149 cardinales.
1556 3087 1658 3149 Primo
1669 3089 1948 3164 vicecancellarius,

1153 3189 1253 3253 deinde
1272 3190 1320 3249 alii
1339 3206 1448 3261 omnes,
1464 3200 1494 3249 et
1513 3189 1639 3250 osculati
1660 3202 1727 3251 sunt
1748 3190 1863 3270 pedem,
1880 3208 1949 3250 vna·

1153 3304 1263 3354 namet
1279 3311 1311 3352 os
1325 3292 1408 3352 electl
1420 3309 1488 3352 cum
1502 3302 1637 3352 consuetu
1649 3291 1821 3351 reverentia.
1837 3289 1949 3352 Deinde

1152 3394 1253 3473 plures
1281 3391 1330 3450 alii
1355 3390 1456 3471 pedem
1477 3402 1546 3452 sunt
1569 3392 1700 3453 osculati.
1722 3388 1791 3460 Quo
1812 3390 1892 3451 iacto
1918 3404 1950 3453 et

1154 3492 1263 3572 hymno
1284 3489 1386 3562 finito,
1406 3492 1516 3551 electus
1545 3491 1690 3553 descendit
1709 3491 1745 3551 de
1771 3491 1888 3564 altare,
1919 3504 1951 3555 et

1153 3602 1231 3651 stans
1244 3608 1344 3652 versus
1361 3590 1398 3649 ad
1417 3590 1498 3652 illum
1514 3591 1591 3651 dixit.
1605 3589 1637 3656 i.
1655 3592 1772 3652 Emitte
1789 3592 1949 3673 Spiritum

1155 3701 1242 3754 tuum
1260 3701 1290 3751 et
1305 3693 1498 3752 creabuntur
1511 3703 1567 3751 etc.
1585 3692 1636 3753 llis
1657 3693 1752 3762 dictis,
1767 3693 1878 3754 electus
1898 3712 1949 3754 se-

1155 3791 1198 3852 dit
1214 3792 1243 3851 in
1265 3790 1331 3853 sede
1351 3791 1523 3871 particulari
1545 3809 1619 3869 quae
1641 3793 1756 3854 interim
1771 3804 1873 3871 parata
1894 3804 1950 3867 est,

1155 3894 1184 3952 in
1205 3909 1283 3969 qua,
1305 3891 1541 3972 praecedentibus
1561 3893 1658 3954 cruce
1678 3904 1708 3954 et
1728 3893 1949 3968 cardinalibus,

1156 4004 1289 4073 portatus
1309 4003 1363 4053 'est
1394 3992 1430 4051 ad
1450 3990 1594 4053 Palatium
1616 3994 1654 4053 ad
1675 4012 1804 4055 cameras
1825 3995 1952 4074 praede·

1157 4096 1288 4157 cessoris.
1307 4094 1393 4156 Dedit
1412 4105 1509 4154 autem
1537 4093 1737 4156 cardinalibus
1756 4095 1891 4157 omnibus
1908 4095 1951 4156 li·

1156 4197 1279 4257 centiam
1294 4197 1349 4256 sub
1369 4198 1485 4276 porticu
1504 4193 1637 4256 basilicae
1655 4195 1831 4274 praedictae,
1841 4194 1878 4256 de
1889 4213 1952 4273 quo

1157 4306 1338 4357 recesserunt
1357 4314 1455 4357 omnes
1468 4306 1497 4357 et
1512 4297 1618 4375 singuli
1638 4296 1676 4356 ad
1693 4314 1760 4357 suas
1779 4296 1881 4357 domos
1894 4313 1949 4355 rc-

1157 4396 1260 4468 dituri‚
1280 4396 1399 4474 quidam
1419 4397 1524 4469 tristes,
1546 4398 1634 4458 ceteri
1656 4407 1753 4458 autem
1772 4394 1950 4475 gaudentes3

1156 4508 1278 4576 excepto
1293 4498 1356 4558 solo
1374 4496 1522 4559 cardinali
1540 4497 1571 4558 S.
1594 4498 1673 4558 Petri
1697 4499 1734 4557 ad
1747 4498 1883 4572 Vincula,
1897 4502 1952 4576 qui

1157 4598 1268 4660 maisit*
1276 4600 1305 4659 in
1319 4597 1431 4659 Palatio
1446 4615 1513 4658 curn
1523 4597 1672 4661 Pontilice.
1687 4599 1751 4678 Ego
1770 4599 1855 4659 etium
1867 4598 1952 4662 Pon·

1158 4700 1263 4762 tilicem
1274 4711 1390 4761 secutus
1400 4717 1465 4759 sum
1482 4717 1574 4779 osqtte
1587 4701 1623 4759 ad
1635 4718 1779 4761 cameram
1795 4710 1949 4768 secretam,

1159 4802 1210 4863 ubi
1236 4820 1336 4863 coram
1362 4821 1397 4862 en
1425 4799 1591 4880 genuflexus
1616 4801 1774 4881 supplicavi
1796 4798 1951 4860 Sanctitati

1159 4902 1248 4973 Suae,
1263 4912 1295 4962 nt
1316 4920 1362 4962 me
1382 4901 1411 4959 in
1431 4898 1652 4962 cubicularium
1674 4918 1759 4960 suum
1784 4910 1866 4960 extra
1889 4899 1952 4960 Ca-

1159 5022 1270 5065 rnerem
1292 5004 1444 5083 reciperet,
1459 4999 1509 5078 qui
1526 5000 1672 5080 respondit
1692 5020 1722 5060 se
1740 5018 1828 5079 super
1846 5018 1881 5060 co
1896 4999 1952 5060 de-

1160 5104 1374 5176 liberaturum3
1390 5102 1439 5162 sed
1460 5100 1529 5180 quia
1549 5112 1647 5180 postea
1665 5101 1790 5180 amplius
1808 5116 1866 5160 non
1885 5099 1950 5158 sol-

1153 5206 1288 5278 licitavi,
1316 5204 1387 5265 nibil
1415 5204 1525 5263 iactum
1546 5213 1597 5263 est.
1618 5202 1736 5263 interim
1758 5201 1952 5261 conclavistae

1161 5315 1327 5368 mensernnt
1347 5306 1375 5364 iu
1397 5306 1526 5383 cappella
1547 5303 1657 5383 majore
1674 5322 1725 5382 per
1745 5318 1798 5363 eos
1816 5300 1853 5360 ab
1875 5301 1952 5362 intus

1161 5405 1281 5475 clasisa,
1303 5423 1338 5467 ne
1369 5423 1421 5485 per
1442 5403 1603 5483 armigeros
1629 5415 1658 5464 et
1684 5402 1819 5466 custodes
1848 5401 1952 5463 Palatii

1159 5509 1358 5588 spoliaretur,
1384 5516 1414 5568 et
1448 5522 1581 5567 camerae
1603 5504 1788 5565 dominorum
1826 5520 1950 5564 suorum

1161 5606 1385 5679 desolarentur3
1407 5623 1442 5666 ac
1469 5604 1544 5666 bona
1571 5606 1753 5684 collegerunt
1783 5605 1819 5663 ad
1848 5605 1950 5665 dovnos

1161 5706 1348 5791 reportanda,
1358 5706 1479 5787 demptis
1493 5691 1677 5770 conclavistis
1693 5706 1777 5767 electi
1793 5702 1950 5766 Pontillcis.
