4492 6859
294 626 352 685 tat

295 760 490 838 narumjuxta
504 762 621 821 domum
636 760 796 822 cardinatis
817 761 983 833 Ascanii‚ex
1006 777 1074 838 qua,

294 864 330 922 ad
340 863 485 923 dexteram
502 873 653 931 vertentes,
665 861 701 920 ad
713 861 829 921 domum
843 860 1010 921 residentiae
1016 859 1075 920 Co·

293 966 368 1024 mitis
389 963 576 1043 praedictam,
591 973 656 1022 ante
674 981 762 1039 quarn
784 961 877 1021 dictus
898 961 999 1021 Comes
1014 960 1075 1017 sin-

291 1065 367 1142 gulis
380 1082 460 1122 more
477 1073 613 1123 consueto
627 1063 735 1140 gratias
746 1063 815 1139 egit,
827 1073 856 1121 et
871 1071 933 1140 post
947 1061 1075 1145 omnium

292 1165 488 1242 praelatorum
514 1180 669 1232 recessum,
690 1162 806 1220 domum
829 1163 918 1239 ipsam
940 1162 1075 1219 intravit:

292 1264 486 1324 interfuerunt
496 1262 617 1321 familiae
631 1261 695 1321 tttt.
710 1261 771 1321 DD.
787 1261 984 1323 cardinalium
1000 1258 1077 1318 Nea-

293 1365 421 1441 politan,
436 1362 470 1423 de
488 1361 656 1433 Comitibus,
677 1374 704 1422 et
727 1362 919 1439 quorumdam
940 1360 1075 1419 aliorum.

334 1465 419 1524 Feria
445 1464 594 1533 secunda,
617 1465 826 1540 vigesimanona
850 1460 947 1539 junii,
970 1460 1076 1518 testam

295 1566 499 1644 Apostolorum
512 1562 591 1624 Petri
602 1574 631 1622 et
644 1562 740 1635 Pauli,
754 1560 922 1641 Magnificus
941 1558 1078 1619 Nicotaus

297 1666 430 1738 Ursinus,
444 1664 568 1723 Pitiliani
587 1664 698 1735 Comes,
720 1664 748 1723 in
778 1682 859 1723 manc
881 1673 945 1741 post
972 1660 1075 1719 boram

296 1785 412 1837 nonam,
426 1784 491 1826 cunr
505 1776 587 1844 gente
603 1784 654 1825 sua
669 1766 727 1825 sine
742 1767 840 1837 armis,
864 1764 942 1825 venit
959 1761 996 1821 ad
1017 1761 1077 1820 Pa·

295 1867 417 1938 latium,
441 1864 540 1926 deinde
572 1864 612 1923 sic
645 1865 756 1926 reversi
793 1875 860 1924 sunt
886 1864 922 1922 ad
956 1861 1077 1941 hospitia

295 1985 358 2037 sua,
375 1964 423 2024 ubi
443 1984 473 2024 se
494 1974 656 2039 armarunt,
677 1964 797 2044 demptis
812 1974 905 2023 tamen
921 1960 1078 2034 Nobilibus,

298 2068 432 2144 quicum
454 2064 564 2126 Conrite
583 2075 749 2125 manserunt
768 2065 902 2135 inermes,
922 2078 977 2123 sno
1003 2072 1079 2121 tem·

295 2186 366 2246 pore
384 2184 465 2225 arma
486 2166 649 2243 accepturi:
670 2163 769 2224 deinde
785 2163 839 2222 SS.
859 2162 893 2221 D.
914 2160 947 2221 N.
962 2172 1080 2240 paratus

297 2287 381 2327 ruore
402 2268 507 2337 solito,
528 2266 605 2325 venit
626 2264 661 2322 ad
682 2264 826 2323 basilicam
844 2262 984 2341 Principis
999 2264 1078 2340 dpa-

298 2370 452 2437 stolorum,
468 2365 578 2426 Comitc
598 2361 716 2424 Nicolao
734 2362 879 2441 praedicto
900 2360 1026 2420 fimbrias
1045 2380 1079 2420 es

301 2486 416 2527 camera
442 2464 590 2543 Papagalli
610 2463 646 2521 ad
668 2464 782 2523 tertiam
801 2464 909 2534 aulam,
929 2462 978 2521 ubi
999 2462 1080 2541 Papa

299 2568 393 2628 sedem
407 2565 543 2636 ascendit,
554 2564 582 2623 in
601 2582 658 2642 qua
673 2574 803 2641 portatus
815 2557 1078 2642 est,dct‘erente(l).

300 2666 336 2727 tt.
355 2667 494 2726 Dominus
512 2663 671 2740 cardinalis
692 2663 791 2724 Sancti
813 2662 892 2722 Petri
906 2660 941 2720 ad
957 2661 1079 2721 Vincula

299 2768 456 2830 celebravit
480 2765 594 2824 Missam
616 2767 770 2825 solemnem
787 2764 816 2822 in
838 2762 1010 2842 paramentis
1025 2779 1080 2821 ru·

299 2870 357 2930 beis
378 2887 459 2928 more
478 2867 570 2926 solito.
590 2866 684 2925 Finita
705 2865 862 2924 elevatione
884 2861 1079 2935 scorsasanti,

299 2980 449 3049 postquam
482 2966 621 3026 Dominus
652 2975 748 3025 noster
773 2963 809 3021 ad
838 2964 942 3023 solium
977 2961 1079 3035 rediit,

300 3069 402 3129 Comes
413 3065 587 3148 praedictus,
600 3084 666 3125 cum
678 3063 824 3125 Nobilibus
835 3064 906 3135 suis,
918 3065 968 3141 qui
982 3082 1079 3125 secum

300 3181 399 3241 erant,
420 3168 506 3230 exivit
529 3168 687 3246 cappellam
706 3177 734 3226 et
755 3166 807 3225 ivit
821 3165 857 3224 ad
876 3184 1004 3226 cameras
1025 3164 1080 3222 ba·

301 3269 442 3330 bitationis
459 3268 495 3327 tt.
510 3268 545 3327 D.
563 3267 637 3328 Celsi
659 3267 693 3328 de
707 3266 816 3326 illelinis
831 3265 953 3345 episcopi
969 3265 1079 3326 Ferre·

302 3371 377 3430 trani
386 3369 443 3451 (i),
453 3369 501 3427 ubi
516 3387 596 3427 arma
608 3368 717 3446 accepit
728 3364 981 3441 consueta,quibus
994 3364 1081 3423 indu·

303 3482 364 3542 tus,
383 3468 516 3530 rediitad
537 3467 706 3545 cappellam,
722 3476 816 3525 tamen
830 3464 895 3523 satis
908 3462 998 3534 tarde,
1014 3465 1081 3540 quia

302 3569 352 3628 diu
372 3579 465 3638 antea,
479 3567 563 3626 Missa
580 3563 657 3623 linita
678 3576 753 3635 erat,
772 3565 800 3622 in
816 3562 900 3640 cujus
921 3561 976 3622 line
994 3563 1029 3622 ll.
1046 3563 1081 3623 D.

304 3669 464 3731 Cardinalis
491 3665 588 3725 Sancti
618 3663 697 3723 Petri
719 3663 754 3721 ad
781 3664 902 3723 Vincula
937 3665 1083 3724 celebrans

304 3767 499 3850 pronuntiavit
518 3766 625 3845 populo
652 3764 793 3843 plenarias
815 3764 1003 3843 indulgentias
1029 3783 1082 3845 per

307 3870 414 3950 Papam
430 3884 583 3928 concessas.
599 3865 666 3925 Post
684 3864 805 3926 reditum
824 3865 941 3925 Comitis
956 3866 992 3924 ad
1011 3885 1083 3945 cap-

305 3972 421 4051 pellam,
439 3968 576 4028 Dominus
591 3965 635 4026 io.
650 3963 900 4046 mronsetsteum
914 3967 1016 4027 vexillo
1031 3986 1083 4027 ar-

306 4091 422 4133 morum
444 4069 549 4147 Papae,
571 4078 598 4127 et
620 4066 758 4127 Dominus
777 4066 918 4139 Sirtttlius,
947 4067 1084 4130 Gamerae

305 4172 484 4253 Apostolicae
498 4167 640 4239 Clericus,
654 4184 721 4226 cum
736 4168 840 4227 vexillo
856 4185 1006 4226 armorum
1023 4166 1084 4227 Ec-

306 4275 503 4349 clesiaesuper
518 4266 647 4337 brachia,
666 4284 733 4325 cum
750 4265 853 4325 baculo
872 4265 975 4326 alboin
988 4278 1084 4326 trans·

307 4390 424 4433 versum
445 4371 565 4447 desuper
582 4366 674 4444 posito
689 4361 768 4443 (quia
782 4366 820 4424 itn
839 4367 947 4444 placuit
961 4368 1085 4427 Domino

306 4469 485 4534 bernardino
511 4466 694 4526 cubiculario
719 4478 852 4536 secreto,
873 4464 957 4549 ctrjus
987 4486 1086 4530 aurore

307 4573 335 4631 id
357 4571 420 4630 lieri
441 4567 565 4648 permisi,
587 4567 732 4624 aliusnon
753 4566 935 4625 conveniebat
954 4585 989 4627 eo
1002 4568 1086 4628 modo

307 4690 423 4754 ponere,
438 4688 505 4730 cum
516 4686 571 4728 non
584 4666 619 4726 sit
629 4667 889 4749 benedicentustt).
899 4669 1087 4731 ascenderunt
1103 4691 1107 4699 ’

307 4774 344 4832 ad
364 4769 542 4841 Pontificem,
554 4768 604 4847 qui
621 4768 669 4827 illa
689 4766 829 4828 benedixit
849 4780 938 4848 prout
958 4774 986 4830 in
1008 4770 1088 4832 Pon-

308 4873 406 4936 tificali
417 4894 428 4946 3
455 4868 553 4930 deinde
574 4870 709 4966 imposuip
736 4869 892 4943 incensum,
911 4871 1088 4933 ministrante

308 4977 344 5037 tt.
366 4977 400 5035 D.
423 4973 575 5036 Cardinale
598 4970 695 5032 Sancti
718 4973 831 5051 Angeli,
851 4975 970 5052 aspersit
992 4985 1020 5033 et
1040 4975 1088 5033 in·

310 5079 435 5140 ceasavit
455 5095 537 5137 more
557 5075 658 5148 solito;
679 5073 794 5145 deinde,
808 5073 918 5135 Cornite
939 5094 1038 5136 coram
1059 5095 1088 5137 se

308 5177 588 5259 genuflectente,illa
602 5176 761 5237 successive
782 5176 834 5235 sibi
855 5176 983 5252 tradidit,
994 5179 1088 5257 primo

350 5423 383 5482 (tl
408 5420 532 5471 Fimbriae
549 5420 668 5483 deferente
684 5436 698 5470 a
715 5422 833 5470 vialardo
858 5423 942 5473 italice
960 5424 1089 5474 redditum

312 5502 347 5564 pli
362 5502 466 5551 ollaccid
482 5502 503 5551 lc
517 5503 612 5564 sibilet!

353 5582 1090 5650 (2)Corrigendusviatardus,auascribit,Cclsodc’dledici.

351 5669 386 5726 (3)
402 5662 429 5714 tn
445 5664 573 5727 vialardo,
589 5667 713 5720 Giooconi
726 5670 834 5722 Berone-

763 621 1045 690 ronrtrtcarus
1067 621 1290 688 lNNDCENTll
1316 625 1468 689 OCTdVl.

1819 624 1925 706 (aas)

1142 780 1251 835 suum,
1273 774 1367 844 postea
1389 764 1533 825 Ecclesiae
1566 760 1666 822 vexilla
1687 762 1742 820 sub
1769 761 1869 822 verbis
1899 764 1925 821 in

1142 861 1300 924 Pontiticuli
1330 864 1492 935 annotatis,
1513 862 1626 922 tandem
1657 863 1797 922 baculum
1828 862 1925 922 album

1141 963 1362 1042 supradictum,
1384 965 1432 1041 qui
1460 964 1644 1042 longitudinis
1667 975 1731 1024 erat
1757 965 1926 1043 palmorum

1144 1076 1268 1139 quatuor
1281 1066 1326 1125 vel
1339 1064 1433 1135 circa;
1446 1063 1473 1122 iu
1493 1064 1575 1142 anus
1592 1064 1743 1126 traditione
1759 1064 1858 1144 Papa,
1869 1064 1927 1124 sina

1144 1163 1230 1235 libra,
1258 1162 1443 1239 hujusmodi,
1472 1165 1516 1223 vel
1535 1163 1644 1223 similia
1659 1165 1749 1223 rerba
1782 1164 1928 1242 protulit:

1143 1264 1261 1344 Accipe
1279 1265 1422 1324 bacalum
1451 1264 1677 1334 auctoritatis,
1698 1264 1874 1344 potestatis
1903 1274 1931 1323 et

1144 1364 1352 1425 correctionis
1363 1366 1396 1423 r'rr
1409 1375 1558 1425 terrorem
1575 1365 1708 1426 arsenium
1725 1365 1932 1425 inimicorum

1146 1463 1268 1524 Christi
1289 1475 1319 1523 et
1341 1463 1476 1523 Sanctae
1493 1465 1650 1524 Rostroaae
1672 1464 1867 1533 Ecclesiae,
1900 1464 1933 1522 in

1144 1563 1266 1623 nornine
1286 1563 1394 1622 Patris
1413 1572 1442 1622 et
1464 1563 1560 1633 Filii,
1583 1574 1613 1622 et
1635 1562 1779 1643 Spiritus
1803 1561 1933 1633 Sancti3

1145 1663 1253 1722 Amen:
1274 1674 1304 1723 et
1325 1663 1371 1722 illc
1395 1664 1541 1722 osculatus
1560 1675 1602 1724 est
1623 1664 1722 1743 pedem
1740 1663 1851 1743 Papae.
1877 1662 1935 1722 Sed

1145 1761 1297 1823 benedictis
1320 1762 1441 1831 vexillis,
1463 1774 1615 1840 antequam
1636 1764 1683 1824 illa
1706 1763 1758 1822 sibi
1776 1763 1935 1824 traderen-

1146 1874 1218 1935 tur,
1238 1863 1295 1941 ipse
1314 1880 1412 1922 coram
1424 1860 1562 1923 Pontifice
1583 1860 1767 1941 genuflexus,
1791 1863 1937 1942 praestitit

1143 1956 1341 2035 juramentum
1362 1956 1503 2019 fidelitatis
1526 1960 1553 2019 in
1573 1960 1677 2030 torma,
1696 1961 1724 2018 in
1745 1978 1815 2019 meo
1836 1959 1938 2020 libello

1145 2058 1272 2137 scripta,
1293 2061 1418 2131 lactum3
1440 2070 1503 2137 post
1527 2059 1594 2133 boc,
1616 2061 1731 2121 dimisso
1750 2061 1780 2119 in
1802 2061 1936 2140 cappella

1146 2178 1213 2219 cum
1225 2160 1282 2218 suis
1290 2158 1449 2239 Papa,cum
1463 2160 1660 2222 cardinalibus
1671 2160 1755 2221 exivit
1767 2163 1937 2234 ecclesiam,

1147 2261 1196 2320 ubi
1210 2261 1263 2320 sub
1282 2271 1394 2339 portam
1414 2261 1488 2322 dedit
1510 2263 1653 2322 licentiam
1675 2262 1897 2335 cardinalibus,
1909 2275 1938 2323 et

1146 2362 1272 2424 ascendit
1293 2361 1445 2421 Palatium.
1462 2361 1626 2422 Cardinales
1641 2372 1707 2422 ante
1721 2361 1817 2421 scalas
1832 2361 1936 2421 Sancti

1147 2464 1227 2523 Petri
1249 2462 1438 2522 ascenderunt
1458 2461 1576 2534 bestias,
1598 2474 1626 2523 et
1648 2480 1716 2522 cum
1736 2462 1799 2521 suis
1819 2461 1938 2522 familiis

1147 2563 1296 2624 redierunt
1314 2561 1350 2620 ad
1371 2560 1470 2620 domos
1489 2581 1564 2621 suas.
1582 2562 1698 2623 interim
1709 2561 1824 2633 Comes,
1846 2581 1939 2641 prae·

1149 2663 1316 2725 cedentibus
1333 2662 1502 2723 tumbarinis
1523 2674 1552 2722 et
1571 2664 1634 2722 aliis
1655 2663 1736 2735 suis,
1757 2674 1787 2723 et
1804 2664 1941 2742 proxime

1147 2774 1212 2823 ante
1243 2765 1336 2843 ipsum
1368 2762 1561 2822 incedentibus
1596 2763 1743 2823 scutiferis
1779 2782 1852 2824 cum
1886 2782 1940 2823 ar·

1148 2866 1201 2925 mis
1222 2862 1379 2935 Ecclesiae,
1395 2864 1497 2923 vexilla
1519 2861 1709 2922 deterentibus
1724 2908 1732 2935 ,
1749 2874 1819 2923 ante
1842 2865 1937 2924 scalas

1147 2965 1305 3046 praedictas
1325 2963 1451 3023 ascendit
1470 2980 1578 3039 enutrm
1600 2981 1702 3036 suurn,
1723 2974 1751 3023 et
1774 2967 1939 3023 associatus

1147 3087 1163 3126 a
1185 3067 1291 3127 familia
1312 3064 1366 3124 SS.
1382 3064 1416 3123 D.
1425 3062 1506 3134 N.‚a
1528 3062 1679 3143 praedictis
1698 3063 1891 3123 cubiculariis
1912 3076 1938 3125 et
1979 3107 1983 3121 1

1147 3166 1287 3228 scutiferis
1303 3165 1402 3227 ordine
1426 3174 1582 3235 consueto,
1598 3173 1626 3223 et
1647 3183 1698 3242 per
1716 3182 1787 3238 nos,
1810 3167 1938 3225 servatis

1148 3274 1176 3330 in
1205 3266 1372 3345 hujusmodi
1406 3266 1554 3325 observari
1587 3266 1691 3335 solitis,
1717 3265 1829 3324 medius
1863 3266 1938 3326 inter

1148 3372 1234 3450 episc.
1252 3370 1448 3429 Arelatensem
1475 3385 1491 3423 a
1516 3366 1657 3433 sinistris,
1689 3376 1716 3426 et
1743 3366 1779 3425 D.
1810 3366 1939 3426 Franci·

1148 3490 1229 3532 scum
1251 3469 1322 3531 Cibo
1343 3467 1433 3528 lilium
1454 3465 1549 3545 Papae
1570 3485 1587 3524 a
1608 3466 1712 3526 destris
1735 3464 1800 3547 (qui
1833 3479 1937 3528 contra

1150 3573 1276 3634 debitum
1307 3579 1335 3629 et
1369 3568 1545 3626 voluntatem
1571 3577 1698 3624 nostram
1724 3567 1810 3626 illurn
1838 3568 1936 3628 locum

1149 3692 1236 3752 super
1250 3669 1497 3748 archiepiscopum
1514 3666 1691 3745 praedictum
1707 3676 1806 3728 tenere
1820 3667 1936 3751 voluit),

1151 3794 1202 3855 per
1225 3774 1312 3843 viam,
1328 3786 1414 3847 quam
1436 3768 1522 3826 etism
1544 3766 1773 3838 observavimus,
1794 3770 1937 3844 equitavit

1151 3875 1186 3934 ad
1208 3873 1327 3933 domum
1345 3888 1411 3929 suae
1432 3867 1624 3937 habitationis,
1644 3878 1708 3925 ante
1725 3884 1812 3944 qtrum
1829 3868 1936 3945 gratias

1150 3976 1210 4054 egit
1229 3992 1311 4033 more
1334 3979 1481 4039 consueta,
1495 3966 1593 4027 deinde
1616 3967 1741 4025 intravit.
1758 3967 1817 4028 Sed
1833 3988 1935 4048 magna

1152 4078 1225 4139 inter
1251 4074 1365 4136 Nobiles
1385 4081 1514 4132 armatos
1535 4080 1563 4129 et
1586 4088 1630 4129 me
1651 4070 1796 4130 contentio
1833 4089 1868 4130 ex
1903 4089 1935 4131 eo

1152 4176 1240 4256 quod,
1257 4195 1301 4235 me
1313 4175 1394 4233 aliter
1407 4170 1609 4243 retinente,illi
1626 4172 1726 4230 vexilla
1742 4170 1818 4230 inter
1836 4190 1867 4231 se
1883 4170 1935 4229 bs·

1153 4279 1220 4341 bere
1237 4275 1379 4343 volebant,
1391 4292 1423 4331 ac
1440 4272 1463 4330 si
1487 4289 1589 4331 eorum
1612 4270 1739 4330 custodia
1758 4269 1837 4348 ipsis,
1852 4282 1935 4350 prout

1154 4384 1182 4439 in
1195 4396 1296 4455 campo
1308 4375 1368 4435 beri
1382 4373 1465 4442 solet,
1475 4371 1642 4431 demandata
1655 4383 1735 4431 esset:
1752 4370 1873 4449 egodixi
1886 4391 1936 4431 vc-

1154 4481 1221 4538 silla
1234 4478 1304 4537 haec
1315 4475 1343 4533 in
1355 4474 1492 4534 honorem
1507 4483 1534 4530 et
1548 4472 1660 4549 signum
1680 4470 1838 4548 adeptionis
1852 4471 1935 4531 officii

1154 4578 1259 4640 deterri
1278 4587 1306 4637 et
1321 4593 1377 4636 non
1402 4574 1438 4633 ad
1463 4572 1659 4633 debellandum
1678 4570 1745 4654 (i),
1765 4572 1804 4631 ita
1826 4584 1861 4631 ut
1879 4573 1935 4651 ipss

1156 4679 1257 4739 vexilla
1276 4676 1434 4737 immediate
1458 4686 1523 4734 ante
1540 4672 1725 4751 Cupitaneum
1752 4672 1935 4746 deierantur3

1155 4783 1203 4858 qui
1223 4791 1315 4839 tamen
1337 4774 1725 4853 acquiescentesordinationi
1746 4794 1838 4847 meae,
1853 4774 1936 4852 equi·

1156 4890 1255 4939 terunt
1274 4888 1361 4958 prout
1381 4877 1459 4937 volui
1478 4887 1506 4936 et
1527 4875 1657 4936 ordinavi
1672 4871 1726 4957 (b).

1155 5039 1272 5051 ...--—.

1197 5121 1233 5180 tlt
1249 5117 1302 5178 llic,
1315 5118 1439 5167 inCodicc
1452 5119 1534 5178 aliqua
1548 5118 1628 5166 verba
1641 5118 1696 5166 sine
1707 5129 1787 5166 sensu
1800 5120 1935 5179 apparent.

1198 5200 1231 5262 (il
1247 5198 1392 5257 Vistardus,
1408 5200 1477 5246 circa
1494 5196 1699 5260 assumptionem
1717 5198 1743 5245 iu
1758 5195 1937 5246 Vexittiierum

1157 5280 1290 5331 Ecclesiac
1307 5277 1414 5327 Comitis
1432 5276 1464 5325 ds
1481 5277 1609 5336 Pitittsno,
1626 5277 1688 5325 baec
1705 5281 1815 5326 narrat:

1206 5381 1216 5402 ι
1243 5359 1291 5408 Per
1315 5361 1408 5420 questa
1435 5357 1590 5405 risoluzione
1616 5358 1678 5406 satta
1703 5357 1735 5405 ds
1754 5356 1804 5405 Sua
1825 5352 1941 5412 Sentii,

1159 5439 1184 5487 d’
1195 5436 1395 5498 intraprendere
1411 5448 1497 5484 nuova
1514 5447 1606 5497 guerra
1623 5440 1715 5484 contro
1731 5435 1747 5482 tl
1766 5446 1794 5483 re
1806 5434 1831 5483 di
1846 5432 1940 5501 Nepoti

1160 5517 1230 5565 a'27.
1245 5515 1271 5562 dt
1288 5514 1380 5576 giugao
1392 5526 1437 5562 era
1450 5518 1517 5563 statu
1535 5514 1664 5563 chiamato
1681 5528 1695 5563 a
1711 5515 1792 5563 Roma
1807 5513 1824 5562 il
1842 5512 1942 5574 blegni-

1161 5594 1208 5643 ilco
1224 5592 1315 5645 Nicotd
1331 5593 1425 5642 Orsino
1442 5592 1524 5642 Contc
1545 5592 1570 5640 di
1592 5592 1744 5655 Pitigtisno,
1759 5592 1890 5648 Suana,c
1913 5588 1939 5638 di

1160 5675 1234 5733 Nota,
1251 5672 1375 5734 Capitano
1391 5671 1519 5722 Generala
1535 5672 1602 5722 detta
1618 5671 1720 5728 chiesa,
1738 5682 1752 5719 a
1769 5673 1875 5719 entrato
1891 5681 1941 5732 per
