4492 6859
254 636 365 721 (trus)

259 775 379 854 pagalli,
398 772 447 834 nbi
466 771 611 845 Pontifex,
631 770 761 846 amictu,
781 773 858 847 alba,
879 773 997 850 cingulo
1016 783 1047 833 et

254 874 328 935 stola
348 873 472 953 pretiosa
494 883 636 953 paratus,
655 874 684 932 in
705 872 771 934 sede
791 871 903 948 majore
923 872 1047 944 sedesn,

254 972 531 1035 circumsedentibus
559 989 640 1034 more
664 972 855 1034 consistoriali
881 971 1045 1033 cardinali·

254 1075 320 1147 bus,
341 1075 451 1154 recepit
469 1073 634 1153 Principem
654 1073 691 1132 ad
712 1072 802 1153 pedis,
818 1090 919 1133 manus
933 1082 963 1132 et
982 1073 1044 1132 oris

253 1174 414 1247 osculnm3
446 1175 554 1253 quibus
590 1174 762 1235 deosculatis
795 1172 934 1252 Princeps
962 1170 1043 1250 quasi

253 1274 432 1355 genuflexus,
453 1275 503 1336 sed
525 1286 633 1335 terram
656 1291 713 1334 nou
735 1284 865 1353 tangens,
885 1272 995 1352 begam
1014 1282 1043 1334 at

254 1373 372 1435 Patrem
390 1390 476 1434 suum
495 1392 531 1434 ac
549 1393 579 1434 se
598 1373 749 1435 Sanctitati
776 1373 809 1433 S.
832 1372 1044 1435 commmdarit

252 1473 353 1552 paneis
376 1473 494 1545 verbis3
517 1474 622 1552 quibus
646 1485 677 1536 et
698 1474 776 1553 Papa
797 1472 944 1554 respondit
973 1473 1043 1534 bre-

253 1576 338 1636 viter.
359 1572 489 1634 Accessit
509 1572 609 1635 deinde
630 1574 781 1654 Princeps,
805 1592 822 1633 a
856 1572 1042 1635 vicecancel-

253 1675 330 1736 lario
347 1672 506 1754 incipiens,
526 1685 556 1735 et
576 1674 613 1733 ab
633 1675 766 1735 omnibus
786 1674 988 1736 cardinalibus
1004 1673 1042 1733 sd

251 1776 314 1835 oris
337 1761 471 1835 osculum
503 1784 638 1856 acceptus
659 1786 724 1848 est3
747 1793 806 1853 quo
824 1774 902 1835 fecto
926 1776 953 1834 ei
967 1818 988 1858 ,ι
1006 1773 1042 1835 dc

251 1873 389 1935 mandato
399 1872 506 1953 Papae,
521 1885 585 1953 post
600 1872 673 1936 ber.
689 1874 844 1935 Dominum
859 1873 1041 1937 Cardinalem

251 1973 424 2048 Smmsun,
442 1974 641 2045 Diaconornm
662 1973 820 2048 Priorem,
838 1976 935 2036 locum
954 1974 1039 2048 dedi,

250 2074 302 2134 ubi
322 2073 405 2146 sedit,
423 2084 535 2134 etcum
550 2092 584 2137 eo
603 2091 709 2136 omnes.
725 2073 834 2136 Deinde
848 2075 885 2134 ad
906 2074 1041 2136 osculum

250 2172 333 2253 pedis
347 2172 442 2254 Pspae
459 2172 592 2235 blacchia
607 2172 788 2248 ceracensis,
807 2174 874 2234 Dux
887 2172 1041 2253 bmalplsi·

251 2284 347 2347 mons,
367 2274 462 2334 etalii
483 2292 582 2335 omnes
603 2273 731 2335 barones
749 2274 878 2348 milites,
897 2285 926 2335 et
943 2292 1041 2335 omnes

248 2374 379 2435 barones
397 2374 505 2435 nobiles
522 2376 552 2434 in
573 2374 716 2456 Principis
737 2375 874 2436 comitiva
891 2376 1040 2436 existentes

249 2485 458 2548 secesserunt;
484 2494 543 2554 quo
564 2476 643 2535 fecto
664 2494 801 2537 reversus
820 2488 863 2537 est
879 2475 916 2535 ad
937 2476 1040 2536 Ponti-

249 2574 335 2638 llcem
360 2575 510 2656 Princeps,
529 2575 701 2654 quemfecit
722 2575 853 2637 Pontifex
873 2595 927 2655 per
944 2576 1039 2638 bene·

250 2690 406 2740 ventanum
424 2690 453 2739 et
467 2678 622 2739 Senensem
640 2677 807 2741 cardinales
825 2677 991 2757 praedictos
1002 2676 1040 2736 ad

249 2795 381 2839 cameras
395 2776 468 2839 ber.
486 2777 600 2838 Domini
610 2776 771 2840 cardinalis
785 2778 945 2840 Camerami
954 2775 1040 2854 juxta

250 2881 406 2941 ueneram
424 2879 619 2959 Apostolicam
647 2881 819 2952 existentes,
835 2897 909 2957 quae
929 2896 986 2958 pro
1005 2896 1040 2940 eo

252 2997 323 3040 eum
337 2978 470 3041 omnibus
486 2979 634 3060 prioribus
648 2978 722 3040 aulis
736 2980 894 3059 peroptime
908 2989 937 3039 et
949 2997 1040 3040 orna-

253 3081 360 3141 tissime
380 3091 498 3159 paratas
518 3092 612 3153 erent,
630 3083 782 3141 associare.

291 3183 377 3244 Ferin
397 3181 533 3256 secunda,
548 3182 686 3261 vigesima
708 3192 813 3243 octava
831 3182 936 3243 mensis
950 3182 1040 3258 maii,

249 3282 286 3345 da
304 3282 439 3343 mandato
465 3281 538 3343 liar.
571 3281 762 3344 Dominarum
790 3282 983 3344 beneventani
1011 3295 1041 3345 et

249 3382 373 3443 Sanctae
389 3382 556 3445 Anastasiae
573 3381 793 3458 cardinalium,
808 3383 939 3444 intimari
956 3381 993 3442 li.
1010 3384 1039 3444 in

248 3482 369 3545 cbristo
390 3482 472 3543 Patri
487 3481 610 3544 Domino
626 3483 734 3546 iaeobo
753 3483 930 3547 Terdonensl
951 3484 1040 3546 Vica-

249 3583 294 3643 rio
300 3584 401 3657 Urbis,
413 3583 491 3664 quod
504 3585 652 3647 mandaret
662 3587 740 3647 omni
751 3587 837 3648 clero
849 3596 878 3648 et
888 3584 1039 3665 beligioals

248 3681 357 3759 Urbis,
371 3686 457 3746 etiam
476 3684 575 3745 Sancti
597 3686 704 3759 Pauli,
732 3703 768 3746 ae
797 3685 931 3749 omnibns
951 3686 1016 3745 alils
1027 3729 1037 3761 ‚

248 3783 303 3842 sub
323 3802 432 3863 poena,
450 3803 525 3863 quae
545 3784 598 3846 albi
618 3786 779 3859 rideretur,
796 3796 940 3866 qnatenus
960 3786 1037 3849 bora

250 3900 336 3958 nona,
357 3885 453 3945 ultimi
474 3884 531 3946 diei
552 3887 711 3966 praesentis
729 3888 855 3960 mensis,
876 3905 951 3966 qnae
979 3890 1037 3949 erit

247 3981 355 4043 festum
373 3984 552 4045 Ascenslonis
572 3985 734 4047 Salvatorls
754 3986 874 4061 Nostri,
898 4006 960 4049 esse
979 4004 1036 4048 cn·

246 4094 313 4144 rent
328 4101 394 4143 cum
406 4084 466 4142 suis
476 4087 651 4163 paramentis
666 4084 751 4163 justa
769 4088 920 4149 ecelesiam
933 4087 1036 4151 beatae

247 4182 360 4242 Mariae
379 4181 415 4242 de
442 4182 566 4264 Populo,
591 4185 656 4247 inde
689 4189 936 4266 processionaliter
963 4188 1035 4250 lturl

245 4299 302 4361 pro
320 4283 502 4345 veneratione
521 4288 706 4349 sacratissimi
723 4288 932 4352 ferribsnceae
944 4287 1036 4352 chri·

244 4384 282 4442 sti
302 4400 396 4462 usque
416 4384 453 4444 ad
471 4385 624 4448 basilicam
642 4388 741 4450 Sancti
763 4390 852 4453 Petri.

292 4484 394 4546 Tenor
416 4488 599 4551 sedulorum
625 4491 864 4554 intimationem
876 4496 1034 4574 foetorum

245 4586 451 4666 ostitialibne,
473 4601 508 4652 ut
527 4580 730 4671 processioni
749 4593 1035 4673 receptionisbcn·

245 4702 320 4747 cece
341 4687 465 4751 Christi
479 4691 674 4754 interessent.

288 4809 306 4841 ι
329 4787 373 4849 Da
390 4788 526 4851 mandato
539 4789 595 4851 SS.
609 4792 646 4852 D.
668 4790 702 4852 N.
719 4791 816 4873 Papae
834 4792 985 4853 intimetur
1005 4801 1035 4852 et

244 4888 400 4952 mandetur
435 4891 604 4953 officialibus
638 4891 827 4974 infrascriptis
846 4936 856 4968 ,
892 4901 1033 4972 quaemus

244 5010 344 5054 omrsoe
364 5002 394 5054 et
412 4994 520 5072 singuli
541 5011 610 5054 enm
640 4994 761 5073 singuiis
782 4994 957 5069 intorticiis,
975 5012 1033 5056 cn·

245 5103 312 5155 rent
332 5092 377 5153 die
389 5090 469 5170 jonis
483 5093 614 5172 proxime
627 5094 728 5156 futura
741 5139 751 5170 ,
770 5111 845 5174 quse
858 5097 916 5158 erit
927 5095 1032 5157 festum

245 5398 296 5437 con
314 5386 332 5437 il
347 5386 503 5451 ginocoisio,
519 5399 562 5437 ma
577 5399 631 5437 non
647 5387 801 5439 toccsndols
817 5388 970 5446 raslmsnte,
982 5398 1032 5437 con

246 5467 332 5528 poche
347 5469 440 5531 parole
456 5465 632 5517 raccomsndb
644 5465 661 5516 il
673 5467 709 5518 lte
725 5480 774 5518 sno
791 5480 851 5529 svo,
865 5468 883 5517 il
899 5465 970 5517 Duce
984 5478 1032 5516 suo

244 5544 328 5607 padre
344 5558 359 5597 a
376 5559 406 5597 sa
423 5549 510 5597 stesso
527 5559 541 5594 s
558 5546 609 5596 sna
625 5544 739 5606 Santitt,
755 5544 805 5597 cbe
820 5546 992 5597 incramenta
1014 5544 1031 5594 n

245 5626 348 5687 rispose
365 5636 414 5676 con
430 5626 522 5689 parole
538 5629 613 5689 grate
630 5637 645 5675 e
661 5625 805 5675 amorasoli
825 5644 845 5673 ι.

717 633 1002 699 PONTlFch'l'US
1022 633 1248 699 tnnocEnttt
1267 634 1422 700 octsvt.
1842 644 1902 707 tat

1114 772 1293 833 Ascensionis
1318 772 1433 834 Domini
1461 770 1557 835 Nostri
1577 772 1646 836 lesu
1675 774 1806 850 christi,
1826 779 1901 841 bora

1115 891 1201 947 nona,
1222 893 1282 935 esse
1301 873 1329 934 in
1350 876 1441 953 platea
1462 874 1566 937 beatae
1587 878 1695 941 itariae
1716 878 1751 939 de
1771 878 1903 959 Populo,
1961 877 1969 894 '

1114 972 1178 1034 inde
1198 973 1469 1052 processionaliter,
1488 993 1543 1054 pro
1563 974 1674 1037 bonore
1690 989 1718 1038 et
1739 982 1901 1041 reverentia

1114 1070 1309 1132 Sacratissimi
1328 1073 1400 1135 ferri
1421 1071 1563 1148 Lanceae,
1584 1093 1644 1154 quo
1667 1078 1741 1137 latus
1763 1077 1902 1140 Salamo-

1114 1172 1156 1233 ris
1176 1168 1277 1231 Nostri
1297 1172 1326 1231 in
1341 1170 1438 1235 Cruce
1452 1191 1507 1252 pro
1522 1176 1615 1237 salute
1629 1186 1729 1237 nostra
1744 1177 1903 1257 pendentis,

1112 1283 1247 1350 apertum
1266 1282 1324 1345 est,
1348 1274 1420 1334 ituri
1447 1276 1597 1354 usquead
1625 1278 1778 1339 basilicam
1802 1277 1902 1343 Sancti

1112 1369 1192 1432 Petri
1212 1391 1247 1433 eo
1268 1373 1367 1447 ordine
1386 1384 1415 1434 et
1442 1374 1529 1449 loco,
1548 1388 1638 1456 prout
1658 1378 1731 1440 ber.
1759 1380 1901 1442 Dominus

1111 1469 1297 1533 Camerarius
1312 1472 1469 1547 ordinabit,
1490 1493 1526 1537 ae
1540 1478 1669 1558 propriis
1693 1481 1827 1542 manibus
1840 1482 1902 1541 sin·

1110 1570 1175 1648 guli
1193 1589 1247 1631 sua
1268 1572 1415 1634 intorticia
1435 1585 1570 1653 portare,
1591 1577 1646 1637 sub
1660 1597 1751 1658 poena
1773 1582 1901 1659 quinque

1109 1666 1216 1729 Ducat.
1227 1672 1303 1744 auri,
1316 1670 1455 1734 camerae
1467 1673 1647 1755 spostolicae
1665 1679 1900 1744 irremissibiliter

1109 1769 1349 1848 applicandorum
1373 1796 1401 1832 a.

1150 1868 1300 1949 Magistris
1334 1874 1487 1953 utriusque
1517 1877 1644 1956 registri.
1678 1912 1716 1924 -
1752 1880 1901 1960 Magistris

1109 1968 1228 2045 plumbi.
1246 2000 1284 2013 -
1297 1970 1507 2034 bellatoribus.
1520 2009 1560 2022 —
1570 1974 1783 2041 collectoribus
1797 1982 1899 2060 plum·

1107 2065 1148 2126 bi.
1166 2068 1477 2135 -.tbn1·evtstorthus
1499 2075 1534 2136 de
1548 2075 1643 2138 Pareo
1664 2077 1771 2154 Maiori
1790 2092 1818 2141 et
1839 2082 1899 2142 ili·

1108 2167 1175 2227 nori
1205 2179 1234 2229 et
1262 2169 1428 2250 provisione
1447 2206 1488 2219 —
1507 2174 1755 2238 Sollicitatoribus
1783 2182 1898 2241 littera-

1108 2285 1177 2329 rnm
1200 2270 1444 2349 spostottcsrun.
1459 2304 1500 2319 -
1521 2273 1726 2340 Provisoribus
1747 2279 1896 2341 contradi-

1108 2380 1235 2430 etarum.
1248 2405 1290 2417 -
1301 2371 1395 2436 botae
1405 2372 1541 2436 Notariis.
1552 2411 1594 2423 -
1607 2377 1808 2460 scriptoribus
1819 2380 1897 2443 Poe·

1108 2468 1297 2532 nitentiariae.
1321 2504 1361 2518 ·-
1383 2472 1511 2537 Notariis
1531 2476 1565 2536 Δ.
1586 2477 1620 2540 c.

1152 2569 1341 2649 Exequutnm
1374 2593 1427 2653 per
1445 2575 1587 2639 cursores
1617 2580 1665 2643 die
1698 2584 1803 2644 martis
1840 2601 1897 2645 xix

1110 2669 1177 2729 maii
1198 2669 1289 2730 tiss.
1326 2711 1330 2716 -

1153 2795 1170 2826 ι
1191 2770 1234 2832 De
1255 2772 1389 2834 mandato
1411 2773 1466 2836 SS.
1487 2776 1525 2838 D.
1548 2777 1583 2839 N.
1606 2779 1722 2860 Papae,
1744 2784 1897 2844 mandetur

1110 2869 1292 2946 infradietis,
1314 2884 1457 2951 quatenus
1477 2878 1532 2937 sub
1559 2897 1650 2959 poena
1671 2883 1770 2945 decem
1791 2883 1897 2945 Ducat.

1109 2969 1249 3033 camerae
1262 2972 1447 3053 apostoticae
1461 2978 1622 3060 applicaud.
1637 2982 1759 3044 debeam
1779 3003 1831 3065 per
1847 2996 1895 3046 to·

1110 3078 1170 3129 tam
1203 3070 1278 3133 diam
1301 3071 1471 3136 hodiernam
1502 3077 1611 3142 dedisse
1632 3083 1662 3141 in
1685 3082 1803 3162 scriptis
1822 3082 1897 3146 nav.

1108 3169 1234 3232 Domino
1255 3170 1423 3236 camerario
1448 3178 1564 3239 nomina
1585 3191 1615 3241 et
1639 3185 1811 3261 cognomina
1829 3202 1898 3246 om·

1109 3270 1191 3332 nium
1204 3272 1369 3334 officialium
1384 3286 1414 3337 et
1427 3277 1591 3340 officiorum
1603 3324 1612 3355 ,
1624 3282 1729 3360 quibrn
1743 3282 1795 3363 ipsi
1811 3302 1898 3363 praa·

1107 3383 1197 3446 sunt,
1216 3373 1263 3435 vel
1286 3392 1414 3453 quorum
1435 3378 1565 3441 oditicles
1583 3381 1643 3443 sine
1662 3380 1734 3462 cap.
1755 3384 1898 3461 existunt,

1107 3489 1143 3532 ac
1165 3472 1195 3532 in
1216 3474 1349 3554 margine
1368 3487 1502 3551 notasse,
1523 3480 1548 3539 si
1567 3482 1618 3559 qui
1639 3482 1809 3546 eorumdem
1830 3485 1897 3547 olb-

1107 3573 1226 3634 cialinm
1247 3574 1305 3635 sint
1319 3575 1356 3635 ab
1370 3576 1451 3640 tuse
1467 3578 1596 3641 absentes
1619 3605 1646 3641 s.

1149 3673 1401 3739 Rescribendario.
1430 3709 1470 3723 -
1497 3678 1674 3761 Cappsllano
1706 3684 1894 3764 Scriptorum

1106 3776 1350 3855 poenitentiariae.
1360 3810 1396 3823 -·
1404 3778 1576 3860 Cappellano
1589 3783 1846 3846 Abbraviatornm.
1854 3818 1891 3833 -

1106 3876 1279 3959 cappellano
1285 3876 1741 3963 Sollicitatorum.—-Cappcllano
1753 3886 1894 3947 collecto-

1106 3995 1174 4038 rum
1189 3977 1310 4058 plumbi.
1323 4011 1363 4026 -
1374 3978 1572 4042 Thesaurario
1587 3980 1775 4045 Notariorum
1789 3983 1891 4046 Rotae.

1146 4076 1334 4157 Exequutum
1363 4098 1416 4159 per
1442 4081 1584 4144 cnrsorcs
1616 4083 1662 4145 die
1696 4086 1798 4147 martis
1831 4104 1892 4149 xrx

1105 4179 1174 4240 maii
1195 4179 1287 4247 libb.

1168 4280 1210 4342 Ut
1239 4280 1352 4343 ferrum
1382 4284 1608 4345 sacratissimum
1629 4284 1780 4358 braccae,
1813 4289 1892 4367 qtrod

1103 4378 1227 4459 Magnus
1257 4380 1375 4442 'Porcus
1408 4380 1463 4443 SS.
1495 4384 1530 4445 D.
1564 4386 1598 4446 N.
1621 4406 1674 4467 per
1701 4387 1891 4469 casimbnerg

1103 4477 1261 4542 Oratorem
1280 4499 1367 4542 sunm
1389 4483 1494 4558 mittit,
1511 4497 1601 4565 prout
1619 4487 1705 4549 etiam
1731 4507 1820 4571 snpra
1843 4489 1891 4550 di·

1103 4579 1221 4656 ximus,
1242 4581 1393 4645 decentius
1423 4585 1623 4666 reciperetur,
1644 4600 1674 4651 et
1704 4607 1738 4651 ne
1769 4608 1892 4670 procas·

1102 4683 1145 4743 sio
1177 4695 1276 4746 nostra
1305 4704 1357 4766 per
1388 4687 1523 4751 eumdem
1560 4685 1718 4753 Oratorem
1747 4690 1890 4753 infidelem

1102 4780 1284 4846 derideretur
1304 4797 1335 4848 et
1351 4788 1597 4868 vilipenderetnr,
1617 4791 1763 4853 ordinavit
1777 4790 1833 4852 SS.
1851 4791 1887 4850 D.

1102 4879 1218 4957 Noster,
1239 4886 1316 4963 qnod
1330 4885 1376 4949 dle
1391 4888 1584 4968 praecedenti,
1596 4891 1694 4970 vigilis
1709 4890 1890 4954 lsmnslonis

1100 4982 1220 5045 Domini
1243 4983 1340 5047 Nostri
1360 4985 1428 5048 lesu
1449 4987 1579 5062 christi,
1597 4989 1672 5051 idem
1692 4988 1804 5051 Orator
1824 4989 1889 5053 Ur·

1102 5083 1167 5146 bem
1204 5085 1355 5160 intraret,
1383 5088 1465 5168 prius
1486 5088 1626 5151 adrentus
1657 5099 1685 5148 et
1718 5088 1892 5168 receptionis

1101 5186 1182 5247 ferri.

1146 5285 1267 5348 cedula
1295 5286 1510 5351 intinctionis
1523 5308 1580 5370 per
1596 5289 1749 5353 Censores
1765 5293 1890 5374 socien-

1103 5387 1174 5458 dne,
1193 5385 1313 5448 tenoris
1331 5387 1556 5469 subsequentis

1144 5508 1162 5540 «
1185 5485 1229 5547 De
1250 5484 1386 5547 mandato
1404 5486 1459 5548 SS.
1478 5486 1514 5549 D.
1530 5488 1565 5549 N.
1588 5490 1736 5552 intimator
1755 5493 1889 5553 omnibus

1103 5583 1177 5646 liar.
1192 5583 1395 5647 cardinalibus
1408 5588 1487 5665 quod
1501 5587 1593 5650 bodie
1602 5590 1678 5650 inter
1693 5607 1773 5665 xlx,
1787 5603 1817 5653 et
1829 5610 1885 5656 xx.

1103 5684 1228 5762 boram,
1250 5704 1302 5766 per
1316 5697 1432 5766 portam
1451 5686 1555 5751 sense
1573 5687 1683 5753 biarlae
1697 5689 1733 5751 de
1754 5690 1888 5772 Populo,

1611 5809 1641 5857 tt
