4492 6859
360 609 422 699 rna

359 770 508 853 Papagalli
525 768 624 843 exiret,
641 768 763 830 Domino
776 763 1147 842 bernardobrandeburgb

360 874 476 934 Decano
494 871 675 951 Maguntlno,
689 879 718 931 et
736 870 865 931 iohanne
883 868 1046 935 Hesborum
1060 883 1148 945 prac-

362 973 458 1053 posito
478 970 626 1033 Ecclesiae
642 970 741 1030 Sancti
756 969 886 1030 Andreae
895 966 1070 1038 Coloniensi,
1088 963 1151 1023 Ar·

833 625 1119 693 Poutmcttns
1140 621 1364 691 innocuuttt
1384 628 1536 695 octavi.

1896 632 2008 721 tami

1215 763 1243 822 in
1261 783 1331 827 area
1353 738 1454 828 domna
1476 767 1676 831 Racanatemls
1697 769 1816 832 divertit
1851 782 1936 833 recta
1960 773 2004 832 via

1214 863 1249 925 ad
1269 867 1418 927 eeclesiam
1436 868 1590 948 Hospitalis
1608 871 1798 951 praedictam.

1256 968 1375 1030 Gratiae
1408 969 1570 1048 praedictae
1603 983 1670 1032 siant
1708 969 1906 1051 Omnipotenti
1947 968 2007 1031 Deo

359 1072 612 1153 cbiepiscoporum
638 1069 814 1132 Oratoribus
834 1087 921 1150 super
949 1065 1148 1148 praecedentia
1214 1067 1341 1131 redditae
1371 1087 1425 1148 pro
1454 1071 1572 1131 victoria
1594 1083 1694 1132 contra
1716 1071 1845 1133 inlideles
1866 1071 2008 1142 obtenta;

362 1171 610 1244 contendentibus,
623 1170 765 1232 Sanctitas
784 1169 845 1230 Sua
864 1169 1007 1230 commisit
1024 1167 1094 1228 mibi
1115 1177 1149 1227 nt
1215 1180 1357 1231 venerunt
1368 1158 1444 1231 enim
1455 1187 1547 1232 navae
1568 1190 1671 1251 anper,
1688 1172 1821 1235 videlicet
1842 1171 1923 1251 quod
1946 1170 2007 1232 lies

357 1273 441 1333 dietis
465 1272 594 1332 Dominis
613 1269 791 1332 Oratoribus
813 1268 1016 1351 injungerem,
1048 1279 1079 1328 ut
1103 1269 1147 1328 vel
1214 1268 1364 1348 Hispaniae
1391 1268 1535 1330 habuerat
1556 1272 1709 1332 victoriam
1730 1284 1832 1334 contra
1857 1272 2007 1333 civitatem

356 1352 567 1434 concordarent
596 1372 676 1432 litem
694 1416 702 1444 ,
723 1382 774 1432 aut
801 1372 887 1431 ambo
917 1388 974 1431 nnn
1006 1370 1149 1429 intrarent
1215 1367 1379 1443 Granetac,
1399 1380 1428 1430 et
1449 1370 1478 1430 i.
1504 1368 1633 1447 januarii
1653 1373 1793 1453 praedicti
1807 1383 1909 1453 gentes
1937 1390 2007 1434 suae

357 1475 517 1554 cappellam
529 1495 540 1546 3
562 1472 639 1550 qnod
662 1473 731 1552 ipsis
754 1473 781 1532 in
805 1472 882 1533 dicta
915 1466 1029 1533 camera
1057 1468 1149 1548 signi·
1216 1469 1394 1531 intromissae
1421 1470 1539 1535 luissent
1561 1473 1598 1532 ad
1616 1474 1817 1553 recipiendum
1837 1474 1939 1534 omnia
1958 1493 2011 1534 ar·

356 1573 452 1636 licavi.
476 1575 532 1652 lpsi
553 1572 737 1633 nibilominus
759 1583 900 1634 venerunt
925 1572 961 1631 ad
986 1571 1147 1650 cappellam
1215 1588 1261 1630 ma
1281 1571 1319 1630 ab
1351 1570 1512 1633 infidelibus
1543 1585 1572 1634 et
1601 1586 1732 1635 castrum
1760 1594 1815 1655 pro
1837 1575 1921 1654 Rege
1945 1576 2007 1656 ipso

360 1676 494 1747 insimul,
525 1674 628 1754 ibidem
661 1692 716 1753 pro
738 1674 802 1734 loco
823 1673 1047 1734 coratendentes:
1070 1668 1149 1749 quod

353 1794 408 1854 ego
441 1774 554 1845 videras,
583 1774 619 1835 de
647 1774 782 1835 mandato
812 1773 870 1835 SS.
903 1775 1020 1834 Domini
1050 1771 1148 1834 Nostri

1214 1670 1395 1749 parandum;
1422 1683 1452 1733 et
1484 1672 1561 1751 quod
1590 1673 1650 1735 Rex
1670 1678 1741 1755 ipse
1769 1696 1838 1737 cum
1869 1677 2012 1757 Regina,

1213 1769 1350 1831 Castrum
1381 1773 1476 1850 ipsum
1513 1773 1560 1832 die
1590 1774 1710 1853 septima
1744 1773 1881 1853 eitasdem
1904 1780 2011 1839 metuis

354 1875 489 1935 mandavi
522 1876 663 1935 ambobus
697 1887 731 1936 ut
755 1877 885 1956 cappella
918 1877 1039 1948 exirent,
1070 1875 1148 1953 quod
1179 1864 1184 1999 1
1214 1869 1335 1931 tetiatrea·
1357 1872 1508 1934 intrassent
1533 1872 1589 1956 (l).
1621 1876 1690 1936 Fuit
1708 1876 1822 1956 pridem
1852 1898 1906 1959 per
1939 1879 2013 1939 ban·

353 1976 439 2037 etiam
455 1974 550 2035 statim
573 1975 717 2036 iecerunt.
736 1977 767 2036 ln
786 1979 884 2037 eadem
906 1976 1033 2056 cappella
1054 1975 1149 2035 inter·
1179 2003 1184 2068 Ι
1237 2010 1326 2022 --

352 2073 409 2135 soit
428 2075 569 2134 Dominus
591 2075 777 2137 Philibertus
794 2076 971 2137 Natureiius.

397 2176 550 2237 Dominica
572 2175 673 2253 quinta
696 2175 848 2247 februarii,
862 2173 1067 2235 Sanctissimae
1085 2171 1149 2232 Do-

353 2279 448 2337 minus
470 2274 574 2336 Noster·
594 2275 669 2336 bono
688 2294 782 2349 mane,
801 2286 918 2354 paratus
939 2275 1060 2348 amictu,
1072 2272 1147 2348 alba,

355 2379 497 2456 cingulo,
531 2377 605 2436 stola
637 2375 787 2455 pretiosa,
817 2387 844 2436 et
876 2375 1055 2456 cappuccino
1081 2375 1148 2435 albo

357 2476 429 2559 (quo
451 2477 494 2535 uti
518 2476 620 2549 voluit,
641 2495 689 2539 me
712 2478 779 2539 licet
800 2479 877 2539 veris
899 2489 929 2538 et
952 2476 1076 2537 honestis
1096 2494 1148 2536 ra·

357 2579 483 2639 tionibus
504 2577 685 2639 contrarium
713 2580 872 2657 allegante,
907 2577 1040 2639 videlicet
1069 2577 1148 2654 quod

358 2680 449 2741 rubeo
473 2695 529 2738 non
550 2678 615 2737 alba
631 2678 790 2758 cappacino
810 2679 853 2738 nti
874 2676 987 2760 liceret)
1008 2687 1038 2736 et
1060 2696 1148 2756 prae·

360 2781 477 2842 cedente
498 2780 617 2851 Crnoe,
638 2790 667 2841 et
686 2779 904 2851 cardinalibus,
926 2778 976 2857 qui
996 2774 1073 2836 bunc
1094 2795 1149 2836 or·

363 2882 481 2952 dinem,
502 2881 569 2941 licet
595 2880 755 2941 indebitum
773 2879 827 2940 sibi
849 2888 1045 2959 sumpserunt,
1071 2878 1149 2938 venit

360 2982 389 3041 iu
416 2982 552 3042 continua
586 2980 686 3059 pluvia
714 2980 749 3041 dc
780 2980 888 3060 palatio
917 2979 1083 3058 Apostolieo
1111 2976 1149 3037 ad

357 3083 508 3143 ecelesiam
525 3080 683 3159 Hospitalis
704 3081 804 3142 Sancti
836 3081 935 3142 iacobi
955 3081 990 3141 de
1015 3079 1148 3150 Gallicis,

358 3182 512 3262 Hispaniae
526 3192 702 3260 nuncupata,
717 3182 766 3241 ubi
788 3201 840 3262 per
852 3183 1020 3262 episcopum
1034 3182 1149 3262 timpu-

359 3301 474 3343 uensem
495 3282 615 3362 pluviali
636 3293 771 3362 paratum
792 3284 920 3345 Crucem
937 3292 1149 3363 apportatnme

360 3382 492 3443 menibus
503 3381 665 3443 Cardinelis
680 3382 817 3443 Senensis
829 3394 871 3442 est
882 3386 1037 3459 osculatus,
1056 3396 1084 3445 et
1097 3404 1150 3445 ec·

359 3484 477 3544 clesiam
500 3483 589 3561 ipsam
616 3484 764 3561 ingressus
789 3493 856 3556 est,
886 3493 915 3544 et
939 3483 1017 3544 lacta
1049 3502 1149 3545 coram

359 3584 520 3644 laldistoaio
540 3583 682 3655 oratione,
700 3602 781 3643 more
799 3573 895 3655 solito,
913 3583 1047 3664 depositis
1066 3586 1150 3661 stola,

360 3694 389 3744 et
407 3683 526 3760 pluviali
547 3682 640 3743 rubeo
664 3686 820 3763 precioso,
847 3685 915 3745 t'ecit
944 3687 1149 3748 confessionem

359 3802 427 3844 curn
449 3768 634 3845 celebraturo
656 3787 808 3864 praelato,
827 3786 953 3848 ascendit
979 3787 1079 3850 deinde
1099 3808 1149 3849 so·

360 3886 444 3945 liuta.
463 3886 654 3947 Accesserant
670 3887 836 3950 cardinales
856 3889 893 3949 ad
914 3890 1108 3950 reverentiam
1120 3903 1149 3951 et

358 3987 415 4049 alia
436 4006 518 4048 more
536 3988 619 4048 solito
637 3999 704 4048 suot
725 3988 887 4056 observata.
912 3989 997 4050 Prior
1025 3989 1149 4070 presby·

361 4100 494 4153 lerorum
515 4079 711 4151 cardinalium
734 4091 865 4151 assistens
885 4089 957 4153 sedit
978 4091 1006 4150 in
1023 4091 1148 4152 scabello

360 4191 397 4251 ad
419 4194 562 4252 sinistram
583 4203 618 4252 nt
635 4193 725 4253 moris
746 4205 789 4254 est
796 4216 806 4267 3
827 4205 856 4256 et
878 4196 946 4271 quia
972 4213 1070 4255 sermo
1091 4193 1149 4255 ba·

360 4291 469 4353 bendus
489 4300 553 4352 erat
575 4292 603 4351 in
625 4293 738 4354 landem
767 4293 820 4355 Dei
848 4312 904 4373 pro
938 4294 1061 4354 victoria
1095 4313 1147 4374 per

360 4391 469 4472 Regem
488 4402 518 4453 et
540 4390 681 4472 Reginam
708 4394 911 4475 Hispaniarum
942 4404 1043 4454 eontra
1072 4393 1147 4455 civi·

358 4503 449 4554 tatem
480 4492 623 4556 &anama
651 4505 682 4555 et
708 4491 772 4572 ejus
806 4494 915 4574 Regem
948 4494 1086 4567 obtenta,
1119 4504 1148 4554 et

364 4594 434 4655 mibi
456 4593 603 4656 videretur
622 4614 785 4657 sermonem
804 4596 898 4675 ipsum
919 4596 949 4655 iu
970 4594 1026 4656 line
1046 4594 1147 4657 blissae

359 4707 389 4757 et
406 4714 462 4756 non
477 4705 541 4776 post
558 4694 750 4776 Evarigelium
764 4718 825 4759 esse
841 4698 991 4759 dicendum
1008 4715 1076 4757 cum
1091 4714 1147 4757 non

360 4808 433 4859 esset
448 4816 494 4859 res
510 4799 628 4877 propria
646 4799 680 4859 de
693 4798 822 4879 Epistola
839 4800 883 4861 vel
899 4800 1057 4878 Evangelio
1072 4798 1148 4860 atis-

360 4918 431 4972 sae,
455 4897 491 4958 tt.
514 4898 653 4958 Dominus
669 4899 817 4979 episeopus
836 4899 980 4959 Pientinus
1000 4900 1054 4959 luit
1075 4918 1148 4962 coo·

360 4998 467 5060 trasiae
488 4997 637 5078 opinionis,
661 4998 808 5073 videlicet,
827 4999 904 5078 qnod
926 5009 988 5079 post
1009 4998 1148 5079 Evange-

360 5098 431 5160 lium
454 5097 516 5160 lieri
534 5098 661 5173 deberet,
676 5110 766 5179 prout
786 5111 815 5161 et
835 5100 898 5162 lieri
920 5101 1146 5175 ordinaveram3

361 5211 467 5273 tamen,
479 5200 546 5277 qnia
561 5212 629 5261 tunc
647 5202 790 5280 processio
802 5201 879 5263 Cleri
895 5201 982 5264 Urbis
997 5201 1146 5263 eeclesiam

359 5301 450 5379 ipsam
474 5302 560 5373 venit,
584 5313 703 5380 propter·
726 5304 845 5362 illorum
871 5303 1028 5363 tumultum
1051 5322 1147 5364 sermo

360 5398 420 5479 ipse
446 5420 502 5461 non
527 5402 581 5461 luit
605 5412 668 5481 post
693 5400 883 5483 Euangelium
908 5402 1022 5463 habitus
1042 5403 1090 5463 sed
1112 5403 1147 5464 de

363 5501 497 5561 mandato
514 5500 568 5562 SS.
591 5501 627 5561 D.
649 5500 683 5562 tt.
702 5502 847 5582 usquead
868 5499 953 5561 linem
974 5500 1075 5565 Missae
1096 5522 1147 5563 re·

361 5612 502 5663 seruatus.
515 5603 639 5664 Venerat
657 5615 752 5663 autem
770 5603 805 5663 ad
817 5602 922 5665 dietam
934 5603 1082 5663 ecclesiam
1095 5622 1145 5682 per

359 5703 436 5764 viem
466 5714 575 5766 rectam
599 5723 699 5766 sersus
721 5704 841 5768 Turrim
875 5704 1090 5787 Sanguineam,
1117 5715 1147 5770 et

1257 2070 1291 2131 (t)
1307 2069 1464 2123 ·ltoahdelis
1475 2071 1619 2123 Catholicis
1630 2073 1791 2137 Principibus
1807 2073 1979 2136 obsequens,
1989 2079 2015 2124 et

1179 2073 1184 2194 i
1215 2149 1288 2210 regia
1303 2147 1430 2211 dignitate
1447 2151 1575 2213 tituloque
1591 2153 1723 2215 privatus,
1735 2152 1787 2201 kat.
1796 2152 1935 2213 ianuariis
1947 2165 2014 2201 anno

1214 2226 1379 2277 Christianae
1391 2229 1484 2278 salutis
1496 2229 1635 2281 iteuxctt.
1648 2230 1778 2280 Granetac
1795 2230 1886 2293 portis
1899 2229 2014 2279 reclusis

1215 2321 1336 2370 magnum
1353 2308 1562 2359 Christianorum
1581 2310 1689 2359 militum
1708 2321 1848 2359 nnmerum
1867 2310 1894 2359 in
1912 2309 2013 2359 Grann-

1215 2391 1267 2437 tam
1286 2389 1386 2446 urbem,
1403 2393 1430 2437 et
1447 2389 1471 2437 in
1489 2388 1659 2438 Athambram
1677 2390 1788 2451 recepit,
1804 2390 1956 2452 regiaeque
1965 2389 2013 2437 do-

1215 2479 1273 2516 mus
1290 2471 1399 2524 turres,
1415 2465 1489 2517 urbis
1506 2472 1616 2529 portas,
1633 2470 1659 2517 et
1677 2468 1764 2517 omnia
1782 2467 1933 2517 munitiora
1956 2468 2010 2517 loca

1213 2544 1420 2595 Christianorum
1438 2545 1577 2608 praesidiis
1594 2547 1756 2610 assignavit,
1778 2551 1947 2609 posteroque
1969 2546 2010 2596 dia

1215 2636 1312 2680 mane,
1333 2627 1453 2686 captivos
1478 2624 1642 2676 Christianos
1659 2626 1810 2687 complores
1831 2625 2011 2688 compedibus

1216 2702 1381 2766 vinculisque
1398 2703 1499 2754 solutos
1516 2717 1575 2754 com
1592 2704 1743 2767 quingentis
1760 2703 1928 2763 obsidibus,
1945 2718 2010 2767 qnos

1217 2795 1245 2833 se
1263 2783 1385 2833 daturum
1411 2788 1504 2847 pactus
1524 2784 1626 2845 luerat,
1643 2786 1676 2834 ad
1693 2784 1846 2835 Catholicae
1873 2784 2009 2847 Principes

1215 2863 1287 2918 misit
1303 2864 1329 2912 in
1347 2868 1443 2913 castra.
1459 2866 1541 2927 Reges
1559 2871 1646 2915 antem
1658 2865 1794 2924 Catholici,
1805 2877 1868 2915 cum
1880 2878 1933 2930 per
1950 2870 2008 2915 tao·

1216 2943 1283 2992 toria
1301 2943 1458 2993 distributos
1475 2943 1584 2993 obsides
1601 2943 1740 2994 observari
1757 2942 1902 3007 diligenter
1918 2948 1946 2995 et
1963 2943 2009 2995 bo·

1215 3022 1321 3073 acridae
1338 3024 1447 3072 tractari
1462 3021 1616 3084 iussissent,
1632 3023 1665 3073 ad
1681 3025 1803 3084 captivos
1825 3022 2009 3079 Christianos,

1215 3104 1259 3164 qui
1285 3103 1432 3153 benedictus
1458 3103 1578 3152 dominus
1602 3103 1669 3153 oens
1699 3102 1803 3160 larnai,
1828 3103 2008 3154 decantabant

1216 3184 1350 3242 conversi,
1364 3194 1423 3232 cum
1439 3182 1532 3234 tientes
1549 3188 1575 3233 et
1593 3188 1649 3234 toto
1665 3183 1786 3246 corporis
1803 3182 1898 3234 habitu
1911 3189 1940 3233 at
1952 3186 2008 3233 vat·

1216 3267 1258 3312 tas
1285 3263 1365 3326 etiigie
1393 3262 1556 3312 deformatos
1582 3264 1769 3325 aspexissent,
1793 3275 1885 3313 eornm
1911 3267 2007 3313 sortem

1216 3344 1383 3402 miserantes,
1394 3355 1485 3393 omnes
1498 3342 1603 3392 indutos
1615 3341 1748 3404 rebusque
1761 3341 1927 3392 necessariis
1939 3343 2009 3404 adju·

1217 3428 1321 3482 ventes,
1339 3424 1373 3473 ad
1390 3436 1452 3473 snas
1468 3423 1561 3473 domos
1578 3422 1617 3472 ire
1631 3423 1784 3484 iusserunt,
1796 3433 1913 3485 quorum
1931 3434 2009 3481 anns,

1216 3504 1261 3566 qui
1278 3502 1403 3552 sacerdos
1420 3507 1488 3561 erat,
1505 3510 1533 3552 et
1550 3515 1601 3551 non
1620 3502 1750 3561 indoctus,
1761 3506 1906 3565 antequam
1925 3502 2009 3552 dhre·

1217 3580 1312 3630 deret=
1337 3581 1357 3630 0
1376 3581 1517 3642 principes,
1534 3582 1635 3643 inquit,
1651 3581 1801 3640 caelestes,
1818 3594 1834 3629 o
1852 3580 1900 3630 Dei
1919 3582 2008 3644 optimi

1219 3660 1325 3708 maximi
1343 3658 1424 3709 lorias
1441 3664 1468 3707 et
1485 3660 1641 3722 magnanimi
1658 3659 1748 3719 duces,
1760 3659 1805 3724 qui
1823 3658 2008 3709 nosbodieroa

1217 3739 1259 3788 die
1276 3740 1431 3801 gravissimo
1456 3737 1515 3801 ingo
1534 3738 1669 3787 servitutis
1688 3739 1728 3787 vet
1746 3740 1835 3801 potius
1857 3738 1892 3787 ab
1916 3739 2008 3789 umbra

1217 3818 1310 3867 mortis
1327 3821 1354 3868 et
1371 3817 1511 3867 horrendis
1539 3818 1657 3867 tenebris
1678 3816 1712 3867 ad
1736 3819 1916 3868 clarissimam
1933 3824 2008 3881 opta·

1217 3900 1397 3961 tissimemque
1410 3899 1478 3947 vitae
1495 3898 1579 3947 locem
1598 3898 1754 3957 revocastis,
1770 3899 1868 3947 vivatis
1880 3900 1909 3948 in
1921 3903 2008 3949 aeter·

1217 3992 1288 4037 num,
1308 3979 1413 4036 vivatis,
1431 3982 1456 4027 et
1474 3978 1596 4039 qnoniam
1615 3976 1691 4027 vobis
1708 3991 1756 4040 pro
1772 3979 1872 4027 vestris
1882 3990 1949 4042 erga
1961 3993 2007 4029 aas

1216 4057 1408 4107 immortalibus
1425 4056 1559 4107 beneflciis
1571 4059 1681 4121 gratiam
1700 4058 1800 4107 reterre
1817 4069 1871 4106 non
1890 4059 1951 4121 opis
1967 4065 2007 4109 est

1181 4135 1185 4215 l
1216 4142 1341 4194 nostrae,
1358 4147 1415 4185 eam
1434 4136 1490 4185 sinn
1507 4135 1586 4185 dnbio
1606 4136 1842 4187 cumulatissimum
1859 4141 2008 4201 speratisa

1216 4215 1279 4276 Deo,
1297 4218 1341 4278 qni
1357 4218 1416 4278 pins
1433 4216 1566 4265 hominurn
1593 4220 1695 4267 mentes
1712 4229 1745 4266 ex
1763 4218 1817 4267 alto
1839 4220 2007 4282 prospiciens

1216 4297 1359 4358 unicnique
1376 4310 1425 4357 pro
1443 4296 1545 4346 meritis
1561 4297 1639 4359 digna
1655 4299 1771 4359 praemia
1788 4300 1923 4362 persolvit
1942 4321 1962 4344 ι.

1259 4395 1269 4415 ·
1286 4375 1331 4426 His
1349 4374 1476 4436 dimissis,
1492 4375 1583 4426 eodem
1601 4377 1642 4426 die
1663 4376 1787 4426 Catholici
1799 4375 1936 4441 Principes
1948 4391 2006 4429 cun

1214 4452 1313 4504 loanne
1329 4457 1356 4503 et
1371 4452 1470 4504 ioanna
1494 4455 1551 4505 titiis
1561 4489 1569 4515 ,
1586 4468 1644 4504 cnm
1661 4454 1738 4505 Petro
1754 4453 1892 4506 llcodozin
1914 4454 2008 4505 cardi-

1215 4535 1284 4590 nale,
1300 4545 1412 4595 cumque
1430 4535 1484 4583 sais
1500 4533 1621 4593 ducibus,
1639 4538 1665 4584 et
1681 4535 1770 4583 multis
1787 4536 1908 4597 equitum
1930 4532 2008 4598 pedi·

1215 4619 1322 4676 tumque
1334 4614 1488 4663 cohortibus
1505 4616 1651 4672 instructis,
1665 4613 1806 4664 Granetam
1824 4627 1923 4665 versus
1939 4627 2005 4677 pro·

1215 4692 1376 4744 liciscuatur.
1392 4692 1493 4752 Quibus
1504 4691 1538 4741 ad
1554 4690 1646 4742 urbem
1658 4693 1945 4756 appropinquantibus,
1961 4693 2007 4743 Bo·

1215 4772 1326 4831 abaetis,
1341 4772 1527 4835 quinquaginta
1544 4770 1626 4820 terme
1642 4774 1782 4821 comitatus
1795 4772 1941 4835 equitibus,
1958 4772 2007 4822 ob·

1215 4850 1284 4900 vlam
1302 4852 1384 4909 venit,
1401 4850 1444 4912 qui
1464 4850 1532 4898 tristi
1549 4850 1640 4909 vultu,
1656 4850 1795 4913 capiteque
1811 4850 1955 4913 demisso,
1974 4864 2003 4902 aa

1213 4929 1285 4980 nenti
1314 4930 1408 4979 sinaitis
1435 4928 1592 4980 ferdinandi
1616 4931 1692 4992 aegis
1723 4930 1837 4980 osculari
1864 4929 2004 4981 dexteram

1213 5008 1358 5060 contendit.
1385 5009 1438 5059 liex
1460 5014 1545 5059 autem
1570 5009 1752 5059 ferdinandus
1773 5022 1880 5060 menum
1898 5010 2007 5061 subtra-

1214 5090 1279 5139 hens
1312 5088 1470 5138 Doabdelem
1497 5088 1659 5151 perbenigne
1688 5090 1825 5151 suscepit,
1858 5092 2004 5154 pansisque

1214 5170 1304 5219 verbis
1332 5169 1400 5217 ultro
1427 5167 1547 5229 citroque
1575 5180 1623 5229 per
1650 5168 1811 5230 interpretes
1828 5167 1945 5228 habitis,
1972 5170 2004 5219 ad

1213 5247 1351 5299 isabellam
1367 5248 1499 5310 Reginam,
1515 5258 1582 5307 quae
1599 5260 1658 5297 cum
1677 5249 1751 5309 prote
1767 5260 1813 5297 sua
1826 5252 1854 5298 et
1864 5247 2004 5299 Cardinaie

1212 5329 1362 5391 ceterisque
1387 5325 1497 5376 ducibus
1512 5325 1605 5387 Regem
1625 5326 1849 5389 subsequebatur,
1861 5328 2001 5379 Boabdelis

1214 5407 1345 5458 accedens
1368 5406 1432 5455 idem
1456 5405 1533 5464 iecit,
1557 5419 1634 5468 quem
1653 5406 1748 5469 Regina
1765 5407 1822 5470 pari
1841 5406 2003 5473 benignitate

1214 5488 1334 5547 recepit,
1361 5488 1387 5534 et
1412 5484 1444 5533 ed
1467 5496 1540 5545 spem
1570 5484 1704 5535 meliorem
1733 5486 1823 5537 verbis
1851 5487 2002 5538 honorificis

1214 5565 1319 5614 hortata
1337 5567 1388 5613 est.
1406 5562 1469 5612 Cum
1487 5566 1573 5613 antem
1591 5577 1675 5627 prope
1692 5565 1766 5614 urhis
1784 5565 1888 5616 moenia
1906 5581 2003 5629 perae·

1213 5644 1326 5702 alescat,
1341 5641 1519 5692 Perdinandus
1536 5642 1689 5693 Talabrians
1705 5642 1848 5693 abulensis
1859 5645 2002 5707 episcopus

1210 5727 1237 5776 et
1257 5723 1388 5774 Granetac
1414 5718 1490 5772 urbis
1514 5722 1729 5785 archiepiscopus
1756 5722 1913 5787 designatus
1929 5761 1937 5786 ,
1956 5738 2001 5787 qiu
