4492 6859
326 603 437 698 (ΗΜ.)
463 621 465 626 ’

329 742 485 836 episcopus
514 738 706 810 ¹Arellinensis
727 773 766 800 .·-
788 740 940 823 l’bilippus
972 745 1123 825 episcopus

325 841 489 922 Aprutinus
503 873 542 888 -·
555 841 683 903 lacubus
697 842 849 924 episcopus
860 845 1069 908 Polinianensis
1083 880 1120 892 -

325 940 466 1006 mestuus·
480 943 621 1002 Antonius
638 941 790 1022 episcopus
811 944 953 1006 liurensis
970 980 1008 992 -
1022 947 1122 1007 Fran·

1388 379 1544 478 ,Ἧι

747 565 751 594 ⁵
811 602 1098 672 ronrnrctcus
1119 605 1345 670 ramnum
1366 605 1500 672 snam·
1916 613 1980 678 ata

1192 763 1321 819 renarra,
1353 745 1432 823 quod
1461 745 1524 808 Rex
1544 745 1676 808 omnibus
1705 748 1773 829 ipsis
1805 751 1981 813 ornamentis

1193 846 1293 926 parari
1315 846 1455 919 deberet,
1476 849 1545 928 quia
1567 848 1661 912 dictus
1683 851 1835 931 episeopus
1856 870 1909 932 per
1928 870 1982 914 ec·

1189 948 1290 1010 elesius
1311 948 1500 1029 perquirebat
1519 951 1568 1011 ubi
1590 951 1685 1031 Reges
1705 954 1813 1033 sculpti
1827 963 1857 1015 et
1875 953 1981 1034 depicti

289 1087 292 1092 -
323 1047 420 1108 eisctrs
447 1045 600 1124 episcopas
633 1045 789 1107 Melsiensis
811 1082 850 1094 -
873 1046 933 1110 Leo
966 1049 1120 1129 episcopus
1186 1061 1291 1122 erant,
1313 1059 1343 1111 et
1364 1049 1427 1110 inde
1456 1051 1588 1113 sumebat
1609 1052 1644 1114 de
1671 1056 1847 1133 paramentis
1878 1071 1980 1117 exem·

323 1149 540 1212 Acerranicnsis
565 1183 603 1195 -
630 1149 756 1211 lacobus
789 1153 941 1233 episcopus
975 1154 1121 1215 luitura·

323 1253 385 1314 riae
407 1283 448 1298 -·
470 1249 581 1310 Paulus
602 1252 753 1330 episcopus
773 1253 938 1316 briocensis
958 1253 1121 1314 -Petrus

320 1353 473 1434 episcopus
506 1351 718 1412 Sureracensis
747 1387 784 1402 -
819 1353 930 1416 Silvius
967 1355 1120 1434 episcopus

323 1449 489 1515 Roiacsnsis
504 1483 546 1496 -
566 1449 720 1512 Fraciscus
735 1453 886 1533 episcopus
908 1455 1063 1516 lsernensis
1079 1487 1120 1500 -

324 1553 467 1630 Antonius
497 1551 648 1631 episcopus
680 1550 893 1614 Puteolaaensis
926 1588 964 1600 -
998 1555 1120 1615 loannes

327 1655 477 1734 episcopas
499 1650 659 1714 Suessaous
680 1683 719 1696 -
742 1651 849 1715 Petrus
870 1654 1023 1734 episcopus
1055 1653 1121 1714 llu-

325 1754 444 1816 cerlnus
472 1785 508 1798 -
541 1750 679 1813 Nicotaus
711 1754 863 1834 episcopus
890 1755 1048 1816 Stabiensis
1080 1789 1117 1802 ·-

329 1853 428 1935 Scipio
448 1853 600 1932 episcopus
622 1852 830 1914 Tricoricensis
852 1890 892 1902 -
914 1854 1043 1915 Thomas
1056 1855 1121 1935 epl-

328 1973 436 2036 scopus
457 1955 630 2016 Tarentinus
649 1987 688 1998 -
704 1955 846 2017 lohannes
861 1957 1011 2037 episcopus
1026 1957 1120 2035 Aqui-

329 2058 414 2118 lanus
437 2087 476 2100 -
497 2056 543 2117 Jo.
565 2057 717 2136 episcopus
738 2057 885 2120 Cairensis
906 2091 944 2104 -
975 2058 1120 2120 Mattheus

329 2160 481 2238 episcopas
501 2155 688 2220 Gracinensis
708 2193 745 2207 -
768 2159 814 2220 .lo.
838 2161 991 2240 episcopus
1012 2158 1121 2238 Troja-

326 2259 422 2320 ncnsis
444 2291 483 2306 -
504 2261 645 2320 Antonius
664 2261 814 2340 episcopus
834 2259 980 2322 Nasiouus
1001 2295 1041 2307 -
1058 2262 1121 2320 An-

327 2362 425 2422 tonius
439 2361 588 2440 episcopus
602 2360 769 2424 Acerrensis
785 2394 826 2406 -
840 2363 949 2424 Marius
969 2363 1121 2444 episcopus

331 2461 513 2523 Cassanensis
529 2491 568 2506 -
583 2459 709 2523 lacobus
723 2464 873 2546 episcopus
892 2462 1067 2544 hiporiensis
1081 2497 1120 2511 —

327 2563 525 2624 Bernardinus
542 2563 696 2642 episcopas
711 2564 921 2644 bisignanensis
936 2597 975 2610 -
993 2565 1121 2644 Angelus

324 2665 478 2744 episcopus
496 2663 650 2726 Melitensis
672 2697 709 2711 —-
731 2663 849 2727 Gabriel
881 2666 1033 2746 episcopus
1059 2663 1122 2726 tto·

325 2765 479 2826 rlnatensis
502 2797 540 2809 -
570 2763 714 2826 lohannes
733 2767 886 2845 episcopas
910 2766 1058 2828 Valrensis
1079 2798 1122 2811 -

325 2865 479 2927 Ardiutius
493 2866 645 2946 episcopus
662 2866 869 2929 Nicatoriensis
887 2903 923 2915 -
940 2868 1121 2930 Tholomeus

326 2967 482 3048 spiscopus
502 2966 645 3046 Equensis
667 3001 704 3012 -
726 2968 870 3031 lohannes
891 2969 1042 3049 episcopas
1064 2968 1122 3030 Ca-

325 3069 438 3149 prensls
471 3103 511 3116 -
537 3069 678 3129 Antonius
702 3071 855 3150 episcopus
876 3069 1049 3131 bituriensis
1080 3106 1120 3118 -

323 3163 501 3230 Franciseus
529 3170 683 3249 episcopua
713 3169 921 3232 Montisriridis
943 3204 981 3216 -
1004 3170 1120 3232 Aietius

276 3311 278 3316 .
325 3267 476 3349 episcopus
498 3268 720 3349 Gallipolitanus
738 3305 775 3317 -
790 3271 835 3332 lo.
855 3272 1008 3351 episcopus
1030 3273 1120 3333 lsela·

295 3371 384 3430 .rius
404 3403 445 3418 ··-
472 3369 614 3431 toranius
647 3370 798 3451 episcopus
830 3371 966 3432 farensis
992 3405 1028 3418 -
1054 3374 1119 3433 Au·

321 3471 412 3532 relius
445 3470 598 3551 episcopus
631 3472 868 3533 Martoranensis.
890 3505 929 3518 -
950 3472 1119 3552 Alpbonsus

324 3573 476 3653 episcopus
498 3571 716 3635 castellanensis
738 3586 857 3654 paratus
880 3586 1048 3647 nouerat,
1070 3575 1120 3638 sed

320 3673 417 3736 stabat
439 3676 469 3735 in
492 3675 557 3736 loco
572 3685 741 3749 cantorum,
756 3677 821 3738 inde
836 3695 912 3757 qaue
927 3674 1032 3738 flebant
1049 3697 1120 3758 pcr-

324 3777 459 3854 s'piciens.

362 3867 496 3938 Aliorum
512 3895 568 3937 non
586 3888 758 3956 paratorum
778 3888 838 3938 tres
854 3888 950 3952 erant,
963 3878 1121 3941 videlicet:

327 3977 422 4038 Rerv.
446 3978 548 4039 Patres
569 3977 606 4036 l).
627 3977 760 4038 Julianus
786 3979 936 4057 episcopus
957 3979 1120 4059 Tropiensis

331 4079 516 4157 cappellanus
537 4075 633 4153 major
660 4077 747 4158 Regis
769 4109 807 4122 —
830 4079 993 4159 Alpbonsns
1013 4084 1121 4144 electus

324 4178 482 4240 Theatinus
505 4212 543 4226 -·
564 4181 699 4243 Julianus
717 4182 827 4242 electus
851 4181 1035 4244 bleranensis.

363 4280 528 4360 Coppellooi
550 4282 623 4360 qui,
644 4284 791 4362 praelatos
821 4294 958 4363 paratos,
974 4284 1008 4345 de
1031 4285 1120 4345 mitra

326 4396 354 4445 et
371 4384 527 4464 pontillcali
541 4388 653 4448 servire
671 4387 821 4459 debebant,
838 4387 959 4448 suerunt
975 4389 1040 4468 plus
1062 4387 1120 4448 inr-

327 4486 495 4566 pedimenti,
517 4506 604 4565 quam
623 4488 779 4568 adjutorii,
801 4499 921 4569 propter
951 4507 1119 4569 pressuram

327 4587 490 4661 Romnum,
502 4587 668 4668 llegalium,
680 4601 708 4651 et
714 4589 889 4663 Oculorum,
901 4601 1020 4671 propter
1032 4609 1118 4668 quam

328 4690 451 4767 praelati
466 4691 530 4768 ipsi,
545 4690 667 4770 demptis
683 4691 830 4752 dumtaxat
846 4692 904 4751 illis
919 4691 1031 4752 duobus
1045 4692 1118 4771 Regi

326 4790 547 4867 assistentibus,
571 4811 627 4852 non
648 4804 808 4872 potnerunt
839 4795 966 4856 officium
1001 4795 1095 4874 legere
1107 4816 1118 4869 3

326 4901 482 4972 propterea
505 4893 686 4954 corrtmodius
713 4895 812 4956 inisset
843 4896 987 4975 praelatos
1010 4895 1119 4957 rcnisse

322 4989 385 5054 sine
416 4991 657 5072 pontificalibus,
691 5005 720 5056 ot
755 4994 815 5055 sine
852 4995 1027 5075 cappellanis
1065 4996 1118 5056 sibi

323 5094 492 5154 astantibus.
514 5093 647 5155 Fuerant
664 5094 864 5175 superioribus
887 5096 984 5157 diebus
1006 5096 1118 5176 saepius

324 5211 378 5272 per
407 5211 453 5255 me
483 5194 571 5256 verba
594 5193 690 5254 babila
713 5214 781 5257 cum
803 5198 934 5277 episcopo
967 5197 1118 5277 Tropiensi

324 5297 497 5375 cappellano
519 5293 637 5372 majori,
650 5306 679 5357 et
701 5297 773 5370 aliis,
786 5298 836 5376 spui
857 5296 1043 5359 ordinationis
1065 5316 1118 5359 co-

322 5397 482 5458 ronationis
499 5415 604 5458 caram
619 5397 773 5472 habebant,
788 5399 822 5460 de
836 5399 1011 5478 paramentis
1031 5401 1117 5479 regiis

323 5497 462 5578 superius
494 5498 659 5571 ordinatis,
681 5501 748 5578 quia
770 5502 879 5562 nullam
898 5501 1117 5561 instructionem

324 5599 491 5674 habebant,
513 5619 606 5680 neque
637 5601 767 5674 babent;
786 5612 814 5662 et
836 5621 890 5681 ego
912 5619 1117 5682 cogtroreram,

320 5701 416 5782 ipsum
440 5701 610 5784 episcopum
633 5714 662 5766 et
682 5705 753 5764 alios
776 5721 833 5764 non
855 5702 961 5766 babere
987 5704 1117 5766 ordinem

1188 1151 1292 1230 plum3
1313 1150 1363 1212 sed
1389 1151 1448 1212 ulla
1470 1171 1518 1213 eos
1550 1151 1661 1214 ratione
1682 1155 1798 1216 vincere
1820 1155 1924 1235 potui,
1946 1167 1982 1218 ut

1190 1250 1297 1310 illaad
1331 1251 1559 1313 convenientiam
1581 1264 1736 1315 mutarent.
1758 1252 1882 1330 Ajebaut
1903 1257 1979 1317 enim

1189 1350 1301 1431 Regem
1322 1352 1537 1413 Ferdinuodum
1571 1354 1740 1416 destructum
1767 1355 1908 1418 similibus
1929 1377 1982 1420 or·

1189 1452 1332 1511 nomentis
1354 1451 1381 1510 in
1404 1471 1458 1512 sua
1473 1455 1658 1515 coronatione
1672 1455 1757 1518 luisse
1777 1474 1862 1516 usum
1883 1469 1912 1518 et
1927 1477 1979 1539 per

1189 1553 1334 1631 quoddam
1348 1564 1512 1615 extructum
1528 1556 1637 1615 nullius
1650 1556 1865 1636 approbationis
1882 1568 1982 1618 osten·

1189 1652 1316 1727 debant,
1337 1653 1416 1731 quod
1438 1656 1466 1714 in
1489 1655 1654 1734 hujusmodi
1686 1659 1862 1719 ornamentis
1883 1657 1979 1738 Reges

1189 1751 1355 1833 aragoniae
1388 1753 1524 1816 deberent
1556 1758 1701 1817 coronari.
1729 1757 1866 1819 ll'ouuulii
1895 1760 1982 1821 etiam

1188 1863 1397 1924 asseruerunt,
1431 1854 1511 1931 quod
1543 1855 1618 1917 idem
1641 1857 1703 1917 Rex
1732 1857 1931 1923 Ferdinaadus
1951 1861 1980 1922 in

1187 1974 1241 2016 sua
1262 1959 1450 2018 coronatione
1472 1976 1523 2036 per
1552 1958 1642 2019 bonae
1664 1960 1822 2022 memoriae
1843 1961 1980 2023 Latinum

1188 2055 1371 2117 cardinalem
1398 2057 1432 2119 dc
1465 2057 1579 2120 Ursinis
1601 2059 1654 2118 sibi
1676 2060 1775 2135 iacta,
1796 2065 1980 2142 evangelium

1190 2158 1293 2218 Missae
1314 2159 1430 2237 publice
1450 2159 1631 2233 decantasse3
1654 2161 1731 2238 quod
1752 2163 1776 2222 si
1788 2162 1898 2223 iactum
1913 2165 1981 2240 suit,

1189 2259 1299 2322 iactum
1319 2261 1377 2320 iuit
1399 2262 1702 2323 inconvenientissime.
1817 2285 1820 2290 ·

1231 2359 1344 2440 Legata
1365 2375 1429 2440 post
1454 2361 1570 2422 Missam
1597 2362 1633 2421 ad
1656 2382 1801 2424 cameram
1825 2380 1907 2423 suam
1929 2381 1981 2424 re-

1190 2480 1277 2522 verso
1306 2461 1368 2520 dedi
1403 2463 1466 2522 ilios
1495 2479 1557 2522 xrr.
1588 2464 1678 2541 petias
1708 2464 1775 2524 auri
1796 2483 1849 2544 per
1871 2464 1981 2544 Regem

1189 2562 1243 2622 sibi
1266 2562 1295 2620 in
1328 2561 1415 2622 lllissu
1437 2562 1572 2634 oblutas,
1604 2563 1639 2622 de
1672 2565 1780 2641 quibus
1810 2566 1879 2626 mibi
1910 2567 1982 2628 duas

1190 2661 1330 2732 donarit,
1358 2661 1485 2723 Diacono
1520 2681 1629 2734 unam,
1663 2675 1692 2724 et
1724 2665 1897 2743 quibusdam
1918 2670 1981 2730 aliis

1190 2766 1241 2841 qui
1260 2763 1289 2823 in
1311 2762 1428 2823 Missam
1448 2763 1504 2824 sibi
1526 2765 1732 2827 ministrarunt
1752 2767 1838 2828 etionr
1868 2770 1981 2847 aliquas

1190 2863 1328 2937 donarit,
1353 2872 1383 2925 et
1412 2863 1611 2938 subdiacono,
1634 2883 1733 2927 unam.
1765 2867 1893 2928 intellexi
1923 2887 1982 2929 uu·

1191 2975 1248 3025 tem
1280 2983 1298 3023 o
1329 2965 1476 3025 nonnullis
1505 2966 1583 3044 quod
1610 2967 1815 3042 offertorium,
1850 2979 1980 3049 tempore

1191 3064 1389 3127 coronationis
1410 3067 1534 3146 praelati
1554 3067 1729 3129 Ferdiaandi
1748 3070 1853 3150 Regis,
1873 3069 1931 3131 tutt
1951 3071 1981 3132 in

1191 3176 1250 3226 tres
1271 3179 1367 3247 partes
1383 3167 1530 3241 divisum,
1545 3186 1672 3246 quarum
1689 3187 1776 3229 unum
1798 3182 1912 3250 partem
1929 3189 1981 3232 re-

1190 3267 1266 3346 cepit
1281 3268 1526 3330 caerimoniarum
1538 3270 1687 3349 Magister,
1699 3271 1785 3332 aliam
1800 3271 1938 3332 diaconus
1951 3285 1981 3336 et

1189 3368 1393 3443 subdiaconus,
1405 3381 1433 3431 ct
1450 3371 1567 3431 tertiam
1583 3373 1631 3432 alii
1643 3375 1802 3454 cappellani
1817 3375 1980 3436 assistentes

1189 3469 1263 3530 inter
1284 3489 1314 3530 se
1335 3470 1614 3534 diviserunt.Racile
1629 3475 1658 3534 in
1680 3492 1741 3552 quo
1759 3493 1869 3536 corona
1890 3471 1979 3554 Regis

1189 3571 1280 3649 posita
1301 3571 1357 3631 tuit
1378 3591 1466 3652 super
1493 3574 1579 3634 altari
1601 3586 1705 3636 ornato
1726 3593 1761 3637 ex
1793 3595 1827 3638 ca
1848 3593 1956 3636 corona
1968 3620 1979 3651 ‚

1189 3683 1224 3734 ut
1243 3672 1316 3751 Regi
1333 3673 1533 3752 imponerent,
1549 3686 1722 3754 receperunt
1740 3675 1898 3756 cappellani
1919 3673 1980 3738 [re-

1189 3771 1248 3851 gati
1270 3782 1298 3832 et
1315 3773 1387 3832 iilud
1403 3771 1513 3851 largata
1533 3786 1631 3852 postea
1649 3785 1879 3854 praesentarunt;
1902 3775 1980 3853 quod

1188 3883 1218 3934 et
1239 3870 1369 3951 Legatos
1398 3874 1525 3935 retinuit.
1549 3874 1712 3936 Voluerunt
1732 3875 1789 3937 boc
1809 3893 1893 3936 mane
1913 3895 1980 3937 ser·

1189 3974 1297 4035 vitores
1327 3972 1415 4051 Regis
1446 3973 1575 4054 posuisse
1606 3993 1694 4054 super
1724 3975 1812 4037 altari
1842 3978 1977 4055 galeam,

1188 4085 1217 4136 et
1235 4084 1352 4137 scutum
1374 4075 1463 4154 Regis
1473 4095 1485 4149 3
1508 4075 1587 4154 quod
1607 4093 1662 4156 ego
1683 4093 1814 4139 asserens
1828 4095 1885 4139 nou
1907 4094 1978 4138 con-

1190 4178 1307 4251 venire,
1328 4187 1417 4258 prout
1437 4194 1495 4237 non
1515 4176 1719 4250 conveniebat,
1739 4175 1803 4240 lieri
1825 4193 1882 4238 non
1908 4193 1979 4256 per-

1189 4277 1252 4338 misi
1263 4300 1274 4352 3
1295 4289 1448 4358 propterea
1468 4278 1518 4338 illa
1539 4278 1569 4338 ia
1589 4279 1720 4340 sacristia
1741 4277 1829 4360 Regis
1844 4279 1978 4340 retinue·

1189 4389 1267 4439 runt.

1230 4479 1356 4541 Peracto
1377 4477 1461 4541 bodie
1486 4479 1589 4542 Missae
1614 4479 1730 4556 officio,
1755 4479 1790 4539 tt.
1813 4475 1978 4558 Stephanus

1188 4581 1223 4642 de
1243 4578 1350 4641 Narnia
1373 4578 1509 4641 Notarius
1530 4581 1670 4644 Comerae
1690 4580 1886 4662 Apostolieae,
1906 4579 1977 4640 item

1188 4682 1345 4760 requisivit
1375 4699 1474 4744 omues
1500 4682 1605 4744 ibidem
1636 4695 1799 4763 praesentes
1831 4683 1860 4741 in
1891 4690 1978 4742 testes

1189 4783 1223 4844 de
1244 4783 1428 4856 investitura,
1444 4783 1608 4844 inductione
1630 4784 1658 4843 in
1680 4785 1900 4865 possessionem,
1922 4797 1976 4840 ca·

1189 4888 1359 4956 conatione,
1381 4894 1411 4945 et
1428 4884 1562 4945 otnnibus
1578 4884 1641 4944 aliis
1662 4903 1714 4964 per
1733 4894 1826 4945 totum
1848 4880 1976 4942 olllcium

1188 4986 1322 5064 peractis.
1344 4981 1451 5045 Omnia
1472 4985 1531 5046 alia
1549 4995 1629 5064 gestu
1650 4995 1741 5057 suut,
1772 4993 1861 5064 prout
1887 4997 1978 5060 supe-

1188 5089 1253 5146 rlus
1283 5086 1312 5144 ia
1344 5088 1466 5158 rotulo,
1506 5096 1536 5148 et
1567 5085 1746 5146 ordinatione
1781 5081 1977 5146 coronationis

1187 5189 1308 5250 luerunt
1336 5188 1479 5268 ordinata.

1229 5290 1316 5351 Feria
1338 5307 1381 5350 vr.
1402 5288 1471 5350 dicti
1488 5289 1591 5350 mensis
1606 5283 1700 5357 maii,
1720 5293 1787 5344 ante
1802 5280 1978 5358 meridiem,

1189 5394 1237 5454 rel
1259 5392 1349 5463 circa,
1371 5392 1401 5450 in
1423 5389 1529 5452 Castro
1550 5387 1634 5450 Novo
1655 5385 1794 5446 Sereniss.
1814 5382 1979 5462 alphonsus

1188 5492 1305 5555 Siciliae
1326 5492 1387 5553 Rex
1408 5492 1486 5554 dedit
1507 5487 1630 5570 insignia
1651 5483 1820 5567 principalia
1842 5485 1907 5545 lion
1924 5483 1978 5544 Jo-

1188 5595 1270 5658 iredo
1290 5596 1397 5674 Borgia
1430 5595 1465 5654 de
1486 5590 1632 5670 Aragonia
1653 5588 1782 5667 Principi
1809 5584 1978 5664 Squillaci,

1188 5698 1320 5764 videlieet
1341 5696 1489 5758 circulum
1518 5709 1643 5754 aureum
1671 5688 1832 5752 rotundum
1862 5685 1976 5766 simpli-

1694 5805 1724 5854 ta
