4492 6859
308 603 350 676 28
769 603 1097 671 conculverunt
1118 604 1266 671 Slli'l'Ubi
1288 602 1487 677 bunnttnt.

342 747 435 818 item,
456 747 533 825 quod
547 764 629 808 areas
645 745 745 807 Sancti
758 745 872 824 Angeli,
886 744 1019 807 Civitatis
1033 744 1092 807 Ve-

311 848 405 917 tuiae,
426 845 568 926 Tyburis,
590 845 715 925 Spoleti,
736 844 859 907 &senae
879 862 936 906 non
957 842 1093 906 concedet

310 947 407 1006 alanni
427 944 462 1006 de
483 945 631 1027 parentela
652 964 715 1019 sua,
733 962 786 1007 nec
806 944 947 1025 praelato,
960 962 1012 1005 nac
1027 960 1092 1004 sae·

307 1046 417 1121 colari,
438 1047 489 1108 sed
509 1046 572 1106 aliis
591 1047 728 1127 praelatis
743 1058 779 1108 et
799 1042 997 1107 ecclesiasticis
1012 1060 1094 1123 per·

307 1147 400 1219 sonis,
421 1141 534 1225 illisque
554 1164 611 1208 non
632 1145 661 1208 in
688 1148 804 1228 longius
829 1158 942 1226 tempus
966 1145 1092 1205 duorum

308 1263 468 1321 annorum,
482 1244 537 1307 nisi
551 1246 586 1309 de
602 1248 720 1309 consilio
734 1248 861 1309 duarum
876 1248 1002 1325 partium
1016 1244 1094 1305 Car·

295 1344 448 1406 dinaiiuut
463 1346 548 1408 aliter
557 1344 621 1408 dari
632 1347 789 1422 'rideatur3
802 1364 894 1425 neque
907 1346 992 1407 iaciat
1007 1361 1094 1405 etam-

308 1442 374 1504 dem
396 1446 583 1506 castellanum
603 1455 634 1508 et
652 1446 877 1526 gubernatorem
897 1447 1019 1506 abcuius
1050 1445 1095 1505 ci-

310 1544 423 1617 vitatis3
444 1546 710 1625 gubernatoresque
734 1547 884 1608 civitatum
903 1544 1021 1624 majoris
1037 1546 1094 1605 im-

309 1643 485 1722 portantlae,
500 1656 597 1727 utpote
613 1646 739 1727 Spoleti,
757 1658 785 1709 et
805 1648 929 1708 aliarum
944 1649 1095 1708 civitatum

310 1744 463 1819 similium,
481 1758 570 1807 'erunt
590 1748 723 1828 praelati,
743 1759 771 1811 et
791 1750 999 1812 ecclesiasticae
1024 1767 1096 1829 per·

309 1859 422 1921 sonaa3
448 1861 502 1908 nec
533 1851 725 1927 capitanatum
758 1851 920 1929 generalem
950 1849 1097 1911 Ecclesiae

311 1945 418 2024 nepoti,
438 1962 492 2008 nec
512 1948 599 2008 alicui
620 1948 831 2027 consanguineo
851 1966 905 2009 suo
930 1949 1074 2010 concedet.

296 2087 298 2091 ι
352 2039 529 2125 itemquae
545 2058 632 2127 super
646 2050 790 2123 omuibus,
807 2059 836 2111 et
854 2048 974 2128 singulis
988 2059 1097 2127 snpra-

310 2144 404 2219 dictis,
417 2156 446 2207 et
459 2142 679 2227 dependentibus
692 2168 727 2210 ex
741 2149 792 2220 sis,
807 2158 836 2208 et
856 2150 930 2222 aliis,
947 2149 977 2208 in
992 2148 1097 2226 quibus

310 2247 461 2307 consilium
481 2246 881 2310 dominorumtiardiualium
910 2250 1097 2327 requiratur,

310 2344 589 2424 promotionibus-ad
603 2350 782 2433 praelaturas
797 2349 946 2410 dumtaxat
961 2351 1098 2429 exceptis,

310 2449 420 2508 nullam
442 2448 550 2509 bullata
577 2462 704 2527 uuquam
726 2448 852 2528 expediri
872 2449 1045 2521 consentiet,
1066 2450 1096 2508 in

310 2563 368 2624 qua
385 2547 453 2609 insit
471 2549 612 2620 ehnsuia,
622 2550 733 2610 scilicet
748 2551 786 2610 de
807 2542 945 2612 consilio
959 2552 1096 2631 [sornam

309 2658 501 2720 nostrarunl,
517 2648 569 2708 uisi
597 2650 678 2729 prius
702 2650 832 2723 realiter,
849 2649 880 2711 et
905 2665 974 2709 eum
993 2648 1095 2732 ellectu

210 2814 213 2820 ,
312 2747 548 2815 consistorialiter
561 2758 627 2809 vota
639 2749 767 2809 irata-um
775 2765 862 2827 super
873 2740 1096 2810 contentts'tnsa

304 2845 367 2905 sint
388 2847 540 2923 exquisita,
553 2859 582 2908 et
600 2844 696 2924 major
711 2865 779 2925 pars
799 2846 985 2917 consenserit,
997 2857 1026 2907 st
1039 2845 1097 2917 boe

310 2943 518 3023 subscriptione
540 2944 630 3007 triam
643 2946 839 3008 cardinalium
853 2958 888 3007 ex
901 2946 1029 3023 quolibet
1044 2962 1098 3005 ov·

310 3042 376 3102 dine
396 3054 506 3104 constet
525 3040 581 3128 (l).

353 3142 708 3224 ltem‚quod·supradicta
730 3146 856 3224 capitula
876 3145 972 3205 omuia
991 3155 1021 3205 et
1035 3144 1098 3203 sin-

225 3298 227 3301 ,
310 3243 381 3320 gula
392 3243 477 3303 iaciat
495 3244 552 3325 lagi
575 3245 602 3303 in
624 3245 797 3306 consistorio
813 3256 936 3317 sacrato,
951 3257 1097 3324 praesente

312 3362 364 3404 sua
383 3344 555 3419 Sanctitate,
573 3345 660 3407 satiei
676 3345 706 3404 in
727 3346 805 3406 omui
825 3345 977 3413 trimestri,
989 3344 1098 3404 scilicet

313 3445 343 3503 in
362 3445 460 3522 primo
475 3443 659 3510 ¹consistorio
688 3429 843 3520 cujuslibet
857 3442 1041 3514 'trimestrim
1068 3454 1097 3503 et

314 3542 422 3603 domini
437 3543 598 3605 cardinales
612 3543 656 3602 bis
676 3543 705 3603 in
718 3561 804 3615 anno,
823 3543 954 3605 videlicet
969 3542 1096 3602 kalendis

313 3642 480 3703 novembris
496 3644 526 3704 et
540 3642 608 3702 maii
627 3654 735 3723 septem
753 3640 801 3725 (i)
821 3655 849 3704 et
869 3643 1096 3703 stanntratese·

313 3746 383 3816 rint,
395 3744 569 3823 congregari
583 3742 701 3804 debeant
714 3744 743 3803 in
757 3743 905 3815 unum,ad
919 3743 1095 3804 vocationem

313 3842 398 3903 etiam
414 3844 501 3902 trium
513 3844 645 3922 priomm
655 3843 808 3923 cujuslibet
817 3843 925 3903 ordinis
941 3843 996 3903 suh
1006 3860 1095 3923 poena

313 3944 581 4006 excomunicationis
602 3946 626 4004 si
649 3963 706 4007 nou
734 3946 936 4015 convenerint,
958 3943 1009 4003 nisi
1031 3944 1096 4020 quis

315 4045 442 4125 legitime
459 4043 718 4124 impeditusiuerit,
729 4046 764 4106 ad
782 4044 946 4117 videndum,
963 4044 1096 4122 cogitau-

314 4143 383 4203 dum
397 4154 426 4204 et
436 4146 706 4206 communicandum
722 4156 823 4207 utrum
837 4145 931 4206 omnia
941 4154 971 4205 et
984 4144 1096 4222 singula

318 4242 483 4322 supradicta
502 4255 657 4305 serventur
678 4263 730 4325 per
749 4243 928 4316 Pontificem,
948 4243 1020 4303 etsi
1040 4260 1095 4303 uon

315 4353 479 4416 servantur,
500 4343 670 4405 admoneant
687 4363 755 4405 eum
775 4344 941 4431 caritative,
962 4353 991 4403 et
1010 4341 1095 4403 iiiam

315 4443 353 4502 ad
373 4443 491 4521 illotpm
506 4442 737 4505 observationem
751 4444 941 4506 exhortantur
955 4462 1047 4525 usqua
1060 4446 1095 4504 ad

315 4543 432 4603 tertiam
458 4543 696 4618 admunitionem
724 4544 832 4624 ipsique
859 4544 1024 4608 Cardinales
1051 4557 1096 4608 te·

316 4654 438 4705 neantur
455 4644 551 4705 omnia
572 4645 727 4705 observare
745 4646 800 4705 sub
815 4664 905 4725 poena
920 4665 1096 4709 ›excommu-

317 4744 476 4817 nicationis‚
491 4762 543 4805 nec
557 4761 684 4822 unquam
698 4757 798 4806 votum
813 4758 915 4807 coutra
929 4749 1095 4828 supradicta

317 4842 398 4917 dare,
419 4843 554 4922 quodque
575 4846 599 4905 si
619 4864 701 4906 secus
721 4847 769 4908 vel
790 4848 883 4927 gratia
915 4850 962 4909 vel
993 4850 1096 4912 timore

316 4945 439 5006 iecerint
457 4955 537 5005 extra
565 4945 714 5006 vinculum
737 4947 1017 5021 excomunicationis,
1038 4968 1096 5028 quo

317 5044 555 5122 seipsosexnunc
577 5045 729 5107 accedente
757 5049 842 5108 etiam
863 5049 1095 5114 determinatione

316 5143 410 5204 iuturi
423 5143 580 5218 Pontiiicis,
591 5145 730 5226 obligant,
744 5148 881 5210 similiter·
893 5150 1032 5228 quidquid
1043 5170 1096 5232 per

317 5245 412 5325 ipsum
430 5261 576 5306 summum
597 5244 766 5309 Pontificem
785 5259 896 5321 eontra,
917 5250 961 5309 vel
981 5262 1096 5330 praeter

356 5463 392 5523 (t)
406 5462 454 5513 llic
469 5463 564 5517 desiuit
580 5465 735 5531 liaynaldus.

359 5544 395 5600 (t)
409 5542 466 5605 llic,
477 5557 510 5592 ex
528 5547 720 5596 amanuensium
738 5544 846 5602 incuria,
857 5544 952 5608 aliquid
961 5546 1098 5597 desidera·

318 5623 380 5678 tur,
395 5625 501 5682 tamen,
521 5637 553 5673 ex
572 5627 711 5681 contestu,
733 5634 827 5673 seusus
852 5637 901 5672 non
927 5625 1012 5674 minus
1038 5639 1097 5687 per·

320 5712 432 5761 sprcuus.

1846 602 1961 689 (Μ)

1162 743 1309 824 praedicta
1324 742 1633 821 quacumque—ratione
1646 750 1757 815 anum,
1773 742 1828 803 ael
1843 754 1959 823 gastun

1152 844 1261 918 ‘liseria
1279 845 1316 905 sit
1332 844 1394 924 ipso
1407 843 1481 922 jure·
1492 841 1609 902 irritmn
1627 841 1767 916 etiuans,
1786 843 1959 923 nulliusque

1162 947 1299 1007 momenti
1327 956 1357 1006 et
1388 944 1510 1013 aalma,
1535 953 1565 1003 et
1583 959 1640 1021 pro
1659 940 1772 1003 ‘iniecto
1800 942 1957 1003 habeatur.

1163 1043 1349 1123 Pontifexque
1377 1043 1497 1104 iuturus
1521 1057 1679 1121 numquam
1704 1042 1899 1103 sonnacium
1923 1045 1958 1102 ab

1162 1145 1202 1205 eis
1222 1156 1317 1225 petet3
1337 1143 1414 1222 qnod
1435 1146 1458 1202 si
1478 1142 1603 1222 petierit,
1615 1162 1651 1202 ax
1672 1158 1752 1202 nunc
1771 1142 1856 1215 vuit,
1877 1143 1957 1220 quod

1163 1243 1286 1304 viriliter
1311 1245 1526 1317 resistentem
1545 1252 1696 1303 tencantur
1716 1241 1812 1305 tneo
1830 1258 1913 1303 uaso
1933 1245 1957 1304 ei

1152 1343 1288 1406 obedire.

1198 1444 1289 1514 item,
1299 1439 1377 1520 quod
1396 1439 1432 1501 de
1449 1440 1588 1501 onatilius
1602 1452 1725 1520 rogetur
1739 1442 1892 1513 murias,
1909 1441 1956 1519 qni

1165 1545 1283 1624 stipulat
1303 1542 1414 1613 ornum,
1434 1552 1464 1601 et
1483 1541 1597 1619 staqvta
1616 1540 1752 1621 ‘capitula
1772 1541 1906 1601 momina
1926 1539 1956 1599 S.

1156 1643 1204 1706 tt.
1226 1643 1261 1705 E.
1280 1640 1416 1704 etSacri
1437 1639 1560 1720 collegii
1580 1638 1835 1715 cardinalium-et
1856 1640 1896 1700 de
1914 1640 1956 1699 itis

1166 1747 1400 1815 instrumentum,
1415 1752 1471 1801 aut>
1484 1741 1673 1801 instrumenta
1685 1740 1784 1803 iacere
1800 1740 1956 1821 publicare

1154 1841 1483 1919 ·tenaatur,-cedulaque
1497 1857 1641 1920 praesens,
1652 1842 1699 1902 vel
1712 1840 1836 1902 ceduloe
1849 1842 1955 1902 onata

1167 1943 1291 2014 dandae,
1311 1939 1517 2020 subscriptione
1534 1951 1571 2001 at
1597 1939 1691 2018 siqlllo
1712 1940 1831 2001 anulari
1858 1938 1953 2002 futuri

1167 2041 1307 2124 pontificis
1339 2040 1518 2114 muniendae,
1548 2040 1671 2101 habeant
1703 2041 1763 2101 vim
1785 2040 1899 2102 ¹bullae
1927 2040 1954 2101 in

1167 2159 1248 2217 casu,
1269 2160 1328 2221 quo
1356 2142 1393 2201 ad
1414 2140 1546 2201 triduum
1569 2140 1878 2220 post-coronationem
1898 2159 1954 2203 non

1154 2241 1279 2303 dederit
1294 2240 1388 2302 Sacro
1403 2239 1534 2320 Colleqio
1550 2251 1611 2303 tras
1623 2241 1717 2301 bullas
1730 2241 1897 2303 manutium
1911 2254 1957 2304 ta·

1167 2360 1267 2404 norem
1294 2341 1560 2421 suprascriptorum
1584 2341 1794 2420 capitulorum,
1814 2353 1909 2420 prout
1928 2342 1955 2403 ἰι

1155 2441 1294 2523 capitulo
1311 2442 1417 2521 primo,
1438 2441 1499 2502 sive
1519 2440 1845 2519 proemiaeomtaamr.

1208 2545 1289 2615 item,
1306 2542 1384 2621 quod
1401 2541 1583 2602 haecomnia
1600 2542 1761 2622 stangan
1786 2540 1955 2613 ratificabit,

1166 2657 1195 2708 et
1209 2643 1378 2725 approbabit
1392 2654 1457 2702 anta
1476 2641 1695 2720 publicationem
1713 2641 1862 2703 electionis
1874 2659 1955 2714 sans,

1167 2745 1305 2805 mediante
1325 2743 1501 2822 provisione,
1518 2754 1600 2817 voto,
1621 2738 1804 2818 jurannnto,
1821 2760 1864 2803 ac
1883 2742 1956 2801 svab-

1166 2843 1319 2923 scriptione
1330 2859 1382 2901 sua
1395 2841 1423 2899 in
1438 2840 1493 2901 hac
1509 2841 1618 2903 forma:
1633 2864 1652 2897 ι
1665 2840 1734 2920 Ego.
1743 2840 1780 2901 ti.
1793 2842 1918 2916 eiectus,
1930 2853 1956 2904 at

1166 2953 1328 3021 assumptus
1360 2942 1388 3000 in
1418 2959 1564 3001 summum
1599 2939 1765 3002 Pontificem
1797 2941 1955 3021 praemissa

1112 3040 1114 3045 ’
1151 3042 1261 3103 amaia
1280 3053 1309 3101 et
1329 3040 1443 3120 singula
1464 3044 1611 3120 promitto,
1634 3059 1741 3115 voveo,
1757 3050 1787 3102 at
1803 3038 1879 3117 iuro
1899 3041 1955 3103 ab·

1150 3159 1296 3213 -sertara,
1318 3152 1347 3201 et
1365 3140 1521 3219 adimplere
1538 3139 1568 3202 in
1581 3141 1724 3213 omnibus,
1743 3151 1772 3201 et
1786 3155 1840 3220 pet·
1858 3140 1956 3203 omnia

1152 3261 1257 3322 pura,
1283 3252 1311 3303 et
1331 3240 1515 3319 simpliciter,
1533 3251 1562 3302 et
1578 3241 1660 3302 -bona
1686 3239 1752 3313 lida,
1778 3241 1900 3304 realiter
1928 3253 1956 3302 et

1165 3360 1234 3403 eum
1254 3343 1356 3403 effectu
1377 3339 1431 3400 sub
1448 3358 1540 3419 poena
1555 3338 1689 3421 perjurii,
1706 3352 1737 3406 et
1753 3339 1955 3404 amttemavts.

1165 3444 1301 3523 aquibus
1327 3461 1379 3505 nec
1406 3460 1452 3502 me
1476 3442 1570 3522 ipsum
1584 3441 1752 3516 absolvam,
1770 3459 1823 3505 uae
1842 3442 1956 3503 absolvi

1165 3545 1251 3605 alicui
1267 3543 1454 3606 committam.
1468 3543 1511 3602 lta
1530 3542 1668 3605 mellens
1683 3542 1812 3622 adjuvet,
1826 3553 1858 3605 ct
1882 3540 1955 3604 baec

1165 3656 1263 3706 saneta
1283 3643 1337 3705 tta
1358 3642 1529 3725 Evangelia
1544 3666 1562 3697 a

1207 3746 1277 3827 qu
1289 3745 1327 3805 ll.
1341 3743 1506 3823 episcopus
1518 3742 1703 3805 Portuencis
1716 3741 1956 3805 Vicesametta-

1166 3845 1234 3906 rius
1255 3844 1420 3924 proedicto
1439 3843 1543 3908 omnia
1561 3842 1708 3924 promisi,
1730 3842 1816 3913 cosi,
1839 3862 1882 3908 uc,
1895 3846 1956 3926 ja-

1165 3944 1254 4015 ruui,
1282 3953 1312 4006 et
1337 3943 1381 4004 ud
1406 3943 1496 4023 pidem
1521 3961 1612 4004 mona
1637 3943 1848 4025 propriome
1877 3944 1956 4006 sub·

1152 4028 1284 4126 aaran
1302 4040 1358 4126 (a).

1171 4191 1955 4222 ...w-*unm*

1208 4287 1396 4349 (atscqmntur
1407 4286 1499 4336 eadem
1510 4286 1593 4337 torma
1604 4286 1812 4350 susbcriptiones
1820 4285 1953 4339 cardina-
1966 4342 1969 4347 ,

1167 4367 1227 4416 lium
1245 4365 1362 4423 careda,
1378 4364 1474 4423 Barba,
1494 4365 1565 4415 italia
1581 4366 1682 4417 Revera
1698 4364 1812 4428 (iuliani
1824 4369 1852 4425 t,
1868 4366 1956 4426 uno,

1166 4444 1287 4502 Nardiui,
1300 4444 1470 4502 arcimbotdi,
1487 4444 1560 4504 cibo,
1576 4443 1703 4508 ilgonetti,
1718 4444 1850 4503 litabatis,
1866 4444 1957 4503 Costa

1167 4522 1247 4574 liasso
1264 4524 1331 4573 datia
1348 4524 1459 4580 ltovere,
1474 4524 1598 4586 tangant,
1613 4524 1685 4573 Delia
1701 4525 1803 4574 itovere
1819 4521 1956 4585 (Domini-

1167 4606 1189 4652 ci
1205 4606 1225 4662 t,
1240 4603 1375 4666 aragona,
1391 4600 1465 4651 couti
1479 4637 1486 4661 ,
1501 4600 1707 4665 Dallargaritis,
1723 4599 1958 4661 Solatsmtml’ic·

1166 4682 1309 4741 salomini,
1332 4680 1439 4738 ittarta,
1459 4680 1574 4739 Saveiii,
1590 4680 1724 4739 Colouna,
1740 4680 1844 4737 Umtni,
1859 4681 1953 4731 Storna

1167 4762 1293 4812 Visuenti.

1206 4837 1358 4890 Cardinales
1372 4836 1452 4886 nasso
1464 4834 1536 4906 betia
1545 4836 1655 4896 ltovere,
1666 4842 1692 4887 et
1704 4838 1816 4901 tangant
1828 4849 1889 4888 cum
1900 4850 1953 4890 non

1166 4917 1389 4979 subscripsissent
1419 4913 1475 4963 aliis
1502 4916 1722 4967 conventionibus
1744 4917 1957 4980 suprascriptis,

1165 4995 1338 5052 credendum,
1353 4998 1414 5058 post
1430 4993 1499 5043 diem
1518 4995 1543 5044 in
1560 4996 1695 5059 collegium
1719 4990 1841 5047 intrasse·
1862 4996 1955 5047 Cardi-
1992 4990 1996 4999 “

1164 5077 1231 5127 natis
1255 5076 1292 5125 Da
1316 5074 1430 5125 Fotuaro
1452 5087 1501 5124 neo
1522 5077 1598 5126 novis
1618 5077 1740 5140 capitulis
1763 5089 1840 5128 suum
1856 5087 1956 5128 nonen

1167 5154 1295 5218 adjunxit
1428 5151 1436 5162 “

1207 5233 1325 5297 Capituia
1349 5234 1431 5292 haec,
1446 5237 1475 5283 ut
1496 5247 1578 5298 supra
1600 5235 1730 5298 vidimus,
1749 5248 1783 5285 ex
1801 5236 1956 5287 Barchardo
1993 5251 1997 5259 ·

1166 5315 1281 5376 suscepit
1300 5311 1466 5377 bernaldus,
1485 5316 1526 5372 et,
1542 5326 1575 5363 ex
1593 5315 1705 5365 maxima
1722 5318 1811 5377 parte,
1827 5317 1853 5366 iu
1870 5304 1957 5366 conti·

1165 5394 1289 5442 nuatione
1306 5392 1437 5441 annalium
1457 5391 1562 5442 baronii
1581 5394 1676 5445 intulit
1694 5393 1779 5443 Prima
1799 5393 1867 5444 iacia
1884 5395 1957 5457 quis·

1166 5485 1216 5534 que
1232 5471 1302 5521 videt
1318 5473 1395 5534 pacta
1411 5474 1440 5521 et
1455 5476 1582 5523 conventa
1601 5475 1625 5522 in
1643 5474 1806 5524 commodum
1829 5473 1957 5524 cardina·

1167 5549 1227 5598 tium
1244 5549 1320 5611 quasi
1337 5550 1499 5611 iniquitatem
1517 5563 1626 5613 sapere,
1644 5556 1722 5613 atque
1738 5565 1787 5615 per
1803 5564 1834 5602 aa
1851 5551 1957 5615 pontiti·

1166 5630 1231 5676 ciam
1243 5629 1424 5677 auctoritatem
1438 5641 1527 5691 magna
1542 5631 1646 5691 jactura
1665 5629 1797 5680 iuiirmari.
1810 5630 1875 5681 iiiuc
1884 5633 1957 5693 iure.

1166 5706 1261 5767 partim
1280 5716 1392 5768 aequas.
1408 5708 1503 5768 partim
1521 5710 1624 5770 iniquas
1642 5710 1778 5771 appellans
1796 5712 1881 5770 leges,
1898 5709 1958 5772 qui·
