4492 6859
227 654 338 739 (iiiii)

270 789 356 852 Faria
377 796 509 864 quarta,
532 784 562 843 6.
591 782 658 842 dicti
686 780 791 843 mensis
814 776 916 854 junii,
946 774 1020 836 liora

229 891 341 962 decima
361 898 476 955 nclava,
491 886 534 945 vei
547 886 638 952 cirea,
651 881 731 941 iiius.
747 877 885 955 Princeps
895 873 1020 953 cepnae

228 1112 296 1164 dare
311 1111 436 1163 Lucrszia
454 1125 469 1159 a
485 1109 559 1159 detto
574 1108 631 1158 lion
647 1106 727 1170 buigi.
744 1105 820 1157 Neiio
841 1108 930 1154 stesso
946 1113 1020 1152 mese

227 1192 255 1242 di
271 1192 366 1254 giugno
382 1191 400 1238 ii
416 1188 485 1251 Papa
501 1192 527 1236 in
543 1189 693 1236 concistoro
713 1187 817 1236 secreto
827 1183 905 1232 diede
923 1183 1021 1231 l’inve·

225 1271 323 1320 atitura
347 1269 467 1319 deii’una
489 1279 503 1316 e
528 1265 662 1316 deti'alira
684 1263 773 1314 Sicilia
792 1264 816 1313 al
841 1261 969 1323 Prencipe
992 1260 1020 1309 di

228 1346 328 1412 Capua,
345 1361 393 1411 per
410 1350 593 1396 mancamcnto
610 1341 753 1394 d'lllionso
770 1341 840 1393 iinca
857 1341 884 1391 di
900 1338 1020 1390 Calauria

228 1441 279 1479 sno
291 1428 374 1490 padre
390 1439 405 1476 e
422 1424 595 1475 diierrando
606 1436 654 1474 sno
666 1435 716 1472 avo
728 1422 844 1472 divolute
856 1419 906 1470 alia
916 1418 1019 1469 chiesa.

268 1507 325 1558 Due
341 1506 425 1569 giorni
441 1506 511 1566 dopo
528 1504 546 1553 ii
562 1503 682 1565 Principe
698 1513 778 1565 prese
801 1502 902 1550 ilcenza
920 1497 953 1548 da
968 1498 1019 1547 Sua

226 1584 336 1645 Santiti,
352 1582 551 1647 supplicandoia
567 1582 595 1632 di
611 1593 699 1631 nuovo
715 1593 732 1629 a
748 1580 821 1631 votet
839 1577 988 1641 perdonare
1004 1588 1020 1626 a

228 1675 276 1715 suo
294 1675 342 1713 avo
359 1675 373 1712 e
390 1661 490 1725 padre,
506 1672 521 1710 e
537 1672 590 1710 non
606 1659 751 1710 solamente
767 1671 782 1707 a
799 1669 850 1707 non
870 1657 946 1707 voier
964 1667 1021 1705 mo·

226 1752 294 1793 vere
311 1743 335 1792 ie
347 1744 411 1791 armi
423 1740 545 1790 Francesi
564 1741 657 1788 contro
674 1735 700 1787 di
717 1738 784 1797 loro,
795 1735 844 1786 ciis
856 1745 936 1786 erano
947 1736 1020 1784 tanto

227 1825 346 1881 temute,
379 1832 421 1869 ma
440 1833 454 1868 a
472 1819 547 1867 voisr
571 1818 654 1867 ancbe
675 1817 802 1867 ritenerie
817 1815 867 1865 ciis
889 1823 942 1863 non
958 1823 1020 1875 pas·

230 1911 337 1951 sassero
353 1913 370 1949 a
385 1898 496 1960 Nepoti,
516 1896 628 1948 dicendo
651 1896 701 1946 cbe
724 1892 890 1946 Ferrandne
913 1890 1020 1940 attonso

227 1978 254 2027 d'
265 1979 323 2043 ogni
340 1980 447 2042 passato
465 1987 557 2026 errore
574 1976 598 2025 ie
614 1973 778 2026 chiedevano
795 1972 948 2023 umiimeute
961 1980 1022 2031 per·

228 2057 305 2107 dono.
322 2053 342 2105 Ε
358 2057 401 2105 nei
418 2054 495 2104 modo
512 2054 560 2102 cbe
577 2050 653 2103 entrd
670 2052 695 2102 in
713 2051 792 2101 Roma
803 2046 878 2110 ,ussi
896 2057 944 2109 per
965 2050 1022 2096 lor·

227 2145 292 2184 nare
309 2145 324 2182 a
340 2143 401 2183 casa
418 2134 445 2182 in
461 2143 552 2182 mezzo
570 2143 585 2181 a
602 2129 734 2180 cardinali
752 2128 780 2178 di
796 2127 977 2178 beneventos
994 2113 1022 2174 dl

229 2217 308 2263 santa
334 2212 495 2271 Anastasia,
520 2212 569 2261 cbe
594 2212 612 2260 ι’
622 2201 868 2272 accom'pagnsrono
890 2205 942 2254 dno
972 2202 1022 2252 aila

228 2297 306 2356 porta
322 2290 512 2350 Laterancnac,
530 2289 633 2340 avendo
650 2290 692 2339 nei
714 2292 796 2351 puoto
813 2286 841 2336 di
859 2284 958 2348 partire
978 2294 1023 2331 as-

231 2373 349 2421 sicurato
361 2372 378 2419 ti
393 2369 473 2431 Papa,
489 2370 537 2417 cbe
555 2367 621 2417 detti
640 2366 698 2416 suoi
716 2377 765 2414 avo
783 2378 800 2427 e,
814 2364 897 2428 padre
912 2362 1022 2421 neil’on·

230 2448 338 2498 cesione
354 2446 423 2497 dolia
439 2457 533 2509 guerra
549 2447 642 2495 contro
659 2439 772 2502 Turchi,
789 2437 906 2492 che'Sus
922 2433 1023 2488 Sa'ntiti

229 2538 313 2578 aveva
324 2539 372 2589 par
384 2526 529 2589 principale
546 2527 651 2587 oggotto
662 2521 769 2572 de'snol
787 2519 913 2582 pensiori,
928 2515 1024 2566 a'vreb-

231 2605 304 2657 bono
318 2618 334 2656 a
349 2605 407 2656 tatii
423 2605 583 2654 smncaiiato
600 2604 618 2652 ii
633 2603 734 2663 passati
746 2594 922 2648 mancamenti
936 2594 970 2645 ed
982 2605 1023 2644 er·

231 2688 287 2735 rori
306 2706 328 2733 ·.
345 2684 477 2734 i'iacaan,
490 2694 517 2743 ρ.
534 2683 573 2732 52.

276 2760 340 2812 curn
358 2761 400 2810 bic
417 2757 584 2810 burchardus
601 2757 724 2820 loquatur
735 2754 768 2804 ds
781 2758 851 2806 nova
866 2753 1023 2824 investitura

237 2842 312 2904 regni
335 2840 454 2898 Siciliae,
471 2843 497 2888 et
513 2837 546 2888 de
563 2847 629 2900 pace
645 2840 672 2885 et
693 2834 811 2885 loedere
827 2833 897 2883 inter
912 2829 1023 2881 Domndi

237 2923 385 2983 aragoniae
401 2923 428 2969 et
444 2919 608 2977 Pontificem,
625 2916 659 2967 de
676 2917 753 2967 venia
765 2910 1024 2976 abdragonenaibas

237 3003 319 3062 petita
332 3000 365 3049 ad
381 2998 555 3062 supplendum
568 2997 638 3059 quod
647 3008 675 3057 p.
688 2996 741 3045 126.
758 2994 952 3050 adnotavimus,
968 2991 1026 3040 bui·

240 3083 289 3128 iam
312 3077 468 3128 i’rivationis
493 3080 520 3125 et
541 3074 702 3125 Caducitatis
725 3086 793 3122 anno
811 3070 1025 3122 1t89.abinno-

234 3159 322 3207 centio
339 3156 526 3218 promulgatam
548 3152 654 3202 adierre
671 3150 852 3200 necessarium
866 3147 1010 3197 credimus.

538 3230 650 3281 Omissis
667 3233 719 3278 etc.

277 3336 287 3359 .
307 3314 335 3365 in
345 3314 450 3363 nomine
462 3308 564 3360 Domini
577 3308 751 3359 unanimo
763 3305 797 3355 ab
814 3306 873 3367 eins
889 3301 1026 3354 saiutifera

236 3395 381 3449 Natiuitatis
398 3391 467 3446 tiss.
486 3389 629 3439 indictione
640 3386 751 3448 illl.,die
765 3399 829 3437 voro
846 3386 923 3435 lunae
936 3382 1026 3434 ultima

236 3475 335 3526 mensis
358 3470 488 3535 Augusti,
504 3467 672 3519 Pontidcstus
695 3466 861 3518 Sanctissimi
878 3466 905 3514 in
921 3463 1026 3514 cbristo

233 3554 336 3612 Patris,
359 3554 385 3602 el
410 3550 439 3599 D.
462 3547 493 3600 N.
511 3548 539 3598 D·
561 3547 708 3597 innocentii
740 3545 833 3595 Divina
853 3542 1027 3607 providentia

235 3634 320 3697 Papae
337 3631 444 3691 Octavi,
460 3642 528 3678 anno
545 3629 646 3692 quinto.
663 3625 728 3677 Cum
751 3624 889 3688 praetatus
911 3622 1027 3672 Sanctis·

234 3714 317 3762 simus
332 3710 362 3760 D.
378 3709 476 3761 Noster
487 3707 722 3765 animadverteret,
734 3705 806 3768 quod
822 3702 884 3752 licet
904 3701 959 3751 Ser.
973 3700 1026 3750 ilex

235 3787 416 3842 ferdinandus
432 3787 466 3838 de
482 3786 571 3851 iiegno
582 3785 686 3836 Siciliae
704 3788 730 3834 et
747 3782 830 3833 Terra
846 3781 913 3831 citra
930 3778 1025 3829 Parnm

236 3869 337 3921 ateiic.
359 3867 490 3918 recordat
515 3865 557 3915 Pio
580 3864 646 3927 Papa
670 3861 791 3913 &cundo
815 3859 1025 3911 praedecessore

237 3961 287 3999 sno
305 3947 456 4005 investitus,
470 3947 497 3994 et
508 3941 709 4006 quamplurimis
725 3938 861 3990 beneticiis
880 3938 914 3988 ab
932 3936 1023 3988 eodem

235 4033 263 4077 et
296 4029 353 4076 aliis
380 4023 503 4074 Romanis
530 4020 699 4071 Pontiiicibus
727 4017 847 4081 eiusdem
873 4018 1025 4068 Sanctitatis

235 4103 566 4171 praedecessoribusque
582 4111 688 4163 qnoque
701 4098 867 4149 beatitudine
885 4097 1027 4147 decoratus

236 4185 340 4241 inerit,
357 4182 427 4232 idem
453 4184 544 4231 tamen
570 4181 624 4230 ilex
646 4178 768 4241 capitulis
784 4183 810 4228 et
832 4176 1028 4244 conditionibus

238 4264 415 4313 investituras
433 4273 485 4311 non
501 4259 633 4322 impletis,
649 4271 680 4307 ac
697 4260 775 4307 etiam
793 4259 951 4320 praetensae
967 4254 1029 4304 Six-

236 4346 308 4392 tinse
326 4340 475 4390 donationis
496 4340 585 4387 cotors
602 4338 672 4386 omni
690 4346 801 4399 prorsus
818 4333 936 4393 extinto,
955 4334 1029 4396 pacis

237 4425 308 4474 inter
323 4421 496 4472 sanctitatem
515 4419 592 4469 Suam
610 4421 637 4467 et
653 4415 775 4467 eumdem
792 4416 885 4479 iiegem
907 4413 1030 4475 capitulis

238 4506 266 4552 et
282 4502 391 4552 loedere
408 4499 542 4562 abruptis,
557 4496 702 4561 juramenti
721 4496 827 4558 saepius
844 4494 964 4560 praestiti
986 4505 1030 4542 re·

239 4581 336 4645 iigions
353 4583 454 4643 spreta,
469 4580 599 4638 censuris,
614 4574 710 4639 quibus
726 4576 850 4625 astrictus
867 4586 900 4624 ex
918 4574 1031 4623 investi·

238 4665 315 4713 turae
333 4664 425 4711 tenore
439 4693 448 4714 ,
464 4662 489 4707 et
507 4657 572 4707 alies
596 4655 708 4706 iniectus
733 4653 1030 4715 extinnoontemplls,

239 4742 412 4798 reverentia,
433 4749 511 4800 qnam
539 4733 654 4786 debebat
673 4735 750 4785 iiatri
766 4738 794 4784 et
816 4732 941 4783 Dominae
962 4731 1030 4782 Suae

238 4822 371 4873 [lomense
387 4817 529 4878 Ecclesiae,
540 4828 570 4866 ac
582 4828 631 4879 pro
649 4820 769 4878 tempora
786 4812 902 4864 Pontidci
914 4813 1030 4863 Romano

240 4899 403 4965 posthabita,
413 4909 463 4960 pro
479 4897 561 4959 gratia
579 4896 692 4959 cuipam,
708 4907 758 4957 pro
775 4892 877 4944 meritis
893 4891 1031 4955 iniuriam,

240 4990 320 5042 quam
336 4976 469 5027 talioniam
486 4977 595 5034 somni,
612 4973 697 5024 eidem
713 4973 827 5035 Sanctaev
844 4973 904 5024 Sedi
921 4977 948 5022 et
963 4973 1030 5023 Suae

240 5058 376 5108 sanctitati
393 5052 559 5117 rependens,
575 5054 695 5103 cervices
711 5054 814 5114 erigere
830 5056 858 5102 et
874 5064 973 5102 cornua
992 5056 1031 5102 at·

242 5138 336 5188 toliere
351 5138 443 5185 contro
460 5132 564 5182 Patrem
581 5135 608 5181 et
624 5130 762 5181 Dominum
785 5144 860 5181 sunm
878 5144 931 5182 non
947 5143 1032 5193 expa-

241 5216 288 5264 vit.
304 5214 406 5277 Quippe
418 5213 461 5276 qui
474 5223 588 5261 annuum
604 5222 730 5262 censuum
747 5214 808 5259 octo
825 5210 877 5259 mit.
894 5211 1030 5261 unciarum

242 5296 300 5346 auri
316 5294 377 5358 puri
393 5294 427 5344 ad
442 5292 547 5356 pondus
563 5291 721 5354 lingonenis
738 5290 902 5353 temporibus
918 5291 1031 5354 legitime

242 5374 446 5437 interpellatus,
463 5379 489 5423 et
506 5371 648 5435 praecipue
665 5385 678 5420 a
698 5371 812 5421 tmennio
827 5372 909 5430 citra,
925 5376 954 5422 ut
976 5375 1030 5421 tum

242 5467 277 5504 ex
293 5453 469 5503 investiturae
485 5450 638 5514 praedictae
654 5446 822 5513 obligatione,
841 5454 894 5499 tum
907 5462 940 5500 ex
958 5450 1031 5511 pacis

242 5533 365 5593 capitulis
375 5536 403 5582 et
419 5531 526 5581 ioedcre
544 5528 729 5593 superioribus
741 5532 817 5581 annis
828 5531 898 5582 inter
908 5529 1032 5581 eumdem

241 5610 379 5663 Dominum
396 5609 488 5674 Papam
506 5614 533 5660 et
549 5612 634 5673 ipsum
650 5608 853 5671 Fordinandum,
868 5611 941 5663 Duce
957 5610 1033 5662 Cala·

241 5690 315 5744 briae
332 5692 391 5753 elus
407 5690 582 5754 primogenito
595 5690 620 5739 in
633 5687 780 5752 obsidione,
795 5704 843 5743 seu
855 5692 1031 5756 oppressione

714 639 998 709 nouissimus
1018 633 1241 701 innccniicii
1263 632 1415 697 octavi
1813 630 1873 691 lsi

1089 768 1198 830 medius
1221 763 1461 829 intertincti.
1482 762 1648 825 cardinales
1680 763 1834 825 &nemean
1861 783 1879 823 a

1089 869 1219 940 sinistris,
1239 877 1268 928 et
1291 866 1555 926 Rerieventsnums
1574 863 1693 937 dextris,
1713 862 1763 942 qui
1786 880 1877 942 usque

1087 1026 1150 1039 un-

1089 1113 1173 1163 aimae
1191 1110 1266 1161 Urbis
1283 1115 1310 1161 et
1326 1108 1522 1173 expugnatione
1539 1110 1688 1157 castrorum
1711 1108 1881 1157 circumvici-

1087 1201 1181 1240 norum
1205 1201 1264 1238 cnm
1290 1187 1413 1251 gentibus
1431 1186 1568 1249 armigeris
1586 1189 1648 1236 tnnc
1668 1189 1779 1248 agente,
1801 1186 1882 1235 Sere·

1088 1271 1257 1320 nisstmorum
1282 1267 1451 1318 Dominornm
1478 1266 1555 1328 liegis
1573 1269 1600 1315 at
1619 1265 1732 1328 Reginae
1751 1265 1881 1316 castaliae

1091 1360 1120 1397 ac
1138 1345 1311 1396 illustrissimi
1328 1348 1357 1393 b.
1372 1344 1452 1394 Ducis
1475 1344 1614 1395 Mediolani
1639 1342 1792 1393 interventu
1809 1347 1836 1393 et
1852 1342 1881 1392 n·

1090 1424 1288 1488 deJ'usslonibus
1305 1424 1386 1474 initae
1403 1427 1430 1474 et
1446 1422 1574 1483 drmetao,
1591 1428 1646 1472 tum
1663 1435 1696 1472 ex
1714 1424 1818 1473 vinonio
1839 1435 1881 1473 re·

1088 1504 1166 1567 petiti
1182 1503 1337 1567 iuramenti,
1353 1506 1382 1552 nt
1398 1503 1586 1565 praemittitur,
1597 1502 1729 1564 praestiti,
1739 1500 1881 1551 tenebatur

1088 1584 1213 1634 Gamerae
1230 1583 1406 1645 spostolicae,
1423 1595 1474 1633 non
1492 1583 1576 1632 scium
1594 1595 1647 1632 non
1664 1582 1811 1643 persolvit,
1831 1580 1881 1630 sed

1090 1664 1229 1713 manifesta
1246 1663 1410 1712 contumacia
1426 1662 1582 1727 persolvero
1600 1674 1667 1712 vana
1683 1663 1838 1723 argumenta
1854 1662 1880 1711 et

1089 1743 1273 1793 cavillationes
1290 1745 1415 1793 causatus
1432 1740 1588 1803 denegavit,
1606 1742 1657 1791 eila
1674 1740 1748 1802 pacis
1765 1738 1881 1798 foedera,

1089 1823 1208 1886 aliasque
1225 1821 1398 1884 obligationes
1416 1820 1542 1880 violavit,
1559 1819 1782 1881 maniiestamque
1809 1816 1882 1880 inlu·

1090 1902 1157 1952 riam
1175 1902 1200 1952 in
1217 1901 1337 1963 piurimis
1354 1900 1413 1950 buic
1429 1899 1539 1950 Sanctae
1561 1898 1621 1949 sedi
1646 1899 1744 1948 intulit.
1765 1897 1796 1946 Et
1818 1896 1882 1960 quia

1090 1981 1216 2045 pastoraii
1241 1979 1417 2039 solicitudini,
1434 1981 1476 2029 oui
1493 1979 1561 2029 ideni
1577 1978 1618 2028 SS,
1634 1977 1759 2028 Dominus
1782 1976 1880 2029 Noster

1090 2061 1180 2111 divina
1205 2059 1372 2122 providentie
1400 2070 1527 2121 pracesse
1547 2058 1730 2121 dignoscitur,
1751 2054 1881 2106 incumbit

1089 2152 1196 2204 gregem
1212 2138 1372 2189 dominicum
1389 2142 1416 2188 et
1436 2139 1522 2201 gregis
1544 2149 1665 2200 pascua,
1681 2137 1816 2199 ipsiusque
1833 2146 1884 2197 pa·

1091 2222 1172 2270 eteris
1189 2221 1333 2283 peculium,
1350 2216 1427 2281 cujus
1442 2219 1614 2280 praecipuam
1634 2218 1747 2279 partem,
1764 2215 1881 2278 Regnum

1091 2304 1118 2350 et
1135 2299 1255 2358 Terram,
1272 2296 1418 2360 dequibus
1436 2296 1530 2359 egitur,
1548 2308 1608 2345 ease
1619 2297 1740 2354 constat,
1762 2294 1825 2344 lotis
1842 2294 1884 2343 vi·

1092 2378 1167 2428 ribus
1184 2378 1319 2430 custodire
1337 2378 1364 2426 et
1380 2387 1558 2435 conservare3
1577 2375 1757 2437 scriptumque
1774 2374 1881 2434 iegitur,

1091 2456 1165 2518 quod
1180 2468 1232 2504 non
1249 2466 1391 2517 numquam
1413 2454 1478 2503 vitia
1495 2466 1525 2504 sc
1542 2457 1654 2504 virtutes
1671 2464 1731 2502 essa
1748 2452 1882 2500 mentiun-

1092 2539 1149 2595 lur,
1165 2539 1192 2585 ct
1215 2546 1282 2596 quae
1307 2532 1414 2582 nimiunn
1437 2531 1570 2582 excedunt
1594 2530 1699 2580 modum
1722 2528 1879 2587 clementia,

1091 2615 1194 2675 pietas,
1212 2615 1239 2662 ct
1260 2610 1387 2674 patientia
1410 2609 1527 2659 sedentis
1553 2611 1578 2659 in
1602 2613 1698 2668 trono,
1714 2608 1886 2671 negligentia,

1093 2693 1208 2755 ignavia,
1226 2694 1304 2753 atque
1320 2689 1442 2739 socordia
1460 2701 1522 2739 vere
1539 2693 1567 2740 et
1587 2688 1726 2739 maniteste
1753 2698 1813 2736 esse
1841 2685 1886 2735 di·

1092 2775 1264 2836 gnoscuntur.
1288 2767 1384 2819 videns
1403 2767 1533 2818 Sanctitas
1548 2766 1599 2817 Sua
1615 2764 1780 2829 deprehendi
1801 2775 1883 2827 possa

1092 2864 1127 2902 ex
1154 2848 1301 2913 praedictis
1327 2848 1426 2898 dictum
1453 2848 1546 2911 ilegem
1568 2845 1762 2897 ferdinandum
1784 2857 1799 2895 a
1818 2847 1882 2910 lure

1092 2930 1172 2992 iiegni
1197 2932 1223 2978 et
1246 2928 1420 2978 investiturae
1444 2926 1598 2982 excidisse,
1622 2924 1882 2987 sicqnepraotatnm

1095 3009 1212 3071 Regnum
1235 3005 1339 3056 Siciliae
1355 3008 1382 3056 al
1398 3005 1506 3055 Terram
1525 3016 1558 3054 ex
1577 3005 1697 3066 legitimis
1722 3005 1810 3054 causis
1830 3004 1886 3066 jam

1093 3088 1244 3138 devolutam
1271 3096 1332 3134 esse
1359 3083 1393 3133 ad
1418 3084 1512 3134 sedem
1537 3083 1703 3146 praelatam,
1725 3086 1753 3133 et
1779 3084 1888 3145 insuper

1094 3164 1225 3230 aliquibus
1243 3164 1302 3213 aliis
1318 3164 1420 3214 caussis
1437 3162 1585 3225 praelatum
1605 3162 1799 3213 cardinandum
1810 3162 1888 3213 dictis

1094 3246 1182 3308 iicgno
1207 3247 1234 3294 et
1258 3243 1341 3293 Terra
1367 3254 1397 3292 ac
1421 3244 1494 3294 omni
1518 3242 1596 3293 tendo
1621 3244 1700 3292 eliam
1717 3243 1816 3303 privari
1839 3252 1888 3302 per

1094 3321 1266 3372 sanctitatem
1283 3322 1361 3372 Suam
1376 3322 1438 3384 iure
1457 3334 1545 3384 posses
1567 3321 1688 3372 decrevit
1703 3319 1891 3371 uraedecesso-

1096 3415 1155 3452 rum
1173 3414 1282 3451 suorum
1300 3401 1428 3464 exemptis
1445 3402 1594 3458 excitatus,
1610 3402 1655 3463 qui
1672 3401 1744 3462 regni
1761 3398 1890 3462 praedicti

1096 3485 1271 3543 occupatores
1295 3480 1442 3530 severitate
1466 3479 1621 3542 disciptinae
1643 3479 1840 3530 ecclesiasticae
1861 3483 1889 3527 et

1094 3560 1242 3623 privatione
1265 3557 1345 3619 {tegni
1370 3559 1464 3620 punire
1481 3570 1534 3608 non
1551 3558 1745 3620 neglexerunt,
1763 3555 1797 3606 ad
1821 3556 1892 3606 uite·

1097 3643 1195 3690 riorem
1208 3638 1276 3700 iuris
1292 3637 1364 3687 Rom.
1387 3635 1458 3686 Ecci.
1475 3642 1502 3686 et
1518 3638 1559 3686 ani
1576 3639 1801 3698 prosecutionem,
1813 3639 1890 3697 proni

1097 3718 1201 3781 justitia
1230 3716 1378 3774 suadebit,
1403 3715 1436 3765 ds
1464 3716 1574 3765 consilio
1599 3715 1889 3766 llererendissimorum

1096 3794 1267 3846 Dominornm
1290 3792 1316 3843 S·
1342 3793 1371 3842 it.
1390 3791 1420 3844 E.
1437 3791 1629 3853 cardinalium,
1647 3798 1673 3843 et
1689 3795 1761 3843 Sacri
1778 3793 1890 3844 sonatan

1096 3874 1252 3938 procedere.
1267 3871 1307 3924 tie
1322 3872 1402 3934 igilur
1419 3874 1536 3931 interea,
1552 3873 1704 3933 buiosmodi
1726 3871 1819 3933 culpas
1840 3871 1891 3921 sub

1097 3953 1219 4011 silentio,
1237 3955 1282 4001 aut
1296 3950 1508 4000 dissimulatione
1530 3952 1678 4012 praeterire
1696 3949 1835 4009 videatur,
1857 3961 1890 3999 ex

1097 4045 1151 4095 qno
1167 4030 1226 4080 sedi
1246 4028 1412 4091 spostolicae
1429 4028 1620 4089 praejudicinm
1633 4028 1724 4078 infarri
1737 4031 1829 4091 posset
1839 4040 1890 4090 pro

1098 4109 1303 4168 conservatione
1327 4105 1424 4163 jurium
1441 4105 1689 4161 eiusdemrsanctae
1706 4105 1794 4164 sedis,
1816 4110 1844 4155 et
1859 4104 1895 4155 ii.

1096 4188 1138 4248 ii..
1160 4188 1231 4238 idem
1254 4185 1297 4235 ss.
1323 4183 1450 4233 Dominus
1474 4188 1567 4235 noster
1590 4186 1617 4235 in
1639 4195 1687 4235 suo
1711 4183 1792 4233 Sacro
1813 4182 1892 4233 solito

1100 4264 1263 4316 Consistcrio
1284 4262 1393 4312 Secreto
1409 4262 1437 4312 ii.
1455 4261 1484 4312 D.
1500 4262 1524 4311 S.
1540 4262 1569 4314 ii.
1584 4262 1613 4313 ii.
1630 4262 1707 4314 card.
1727 4261 1760 4312 de
1782 4272 1889 4312 eorum·

1099 4344 1160 4395 dem
1171 4341 1223 4391 iiii.
1234 4340 1313 4391 card.
1327 4341 1441 4390 unanimi
1452 4340 1564 4390 consilio
1581 4345 1608 4392 et
1624 4342 1650 4392 in
1673 4343 1825 4404 praesentia
1841 4352 1890 4390 no·

1100 4427 1217 4472 strorum
1234 4421 1407 4477 notariorum,
1423 4423 1450 4469 st
1466 4421 1575 4470 testium
1592 4418 1896 4482 intrascriptorum,iiac

1099 4500 1210 4551 solemni
1237 4497 1429 4548 Protestatione
1456 4500 1619 4559 protestatur
1645 4510 1676 4550 an
1700 4500 1787 4560 palam
1815 4496 1894 4555 tacit,

1099 4579 1171 4643 quod
1195 4589 1243 4641 per
1269 4580 1407 4647 parentem
1424 4577 1600 4628 nominatione
1618 4582 1663 4628 ant
1680 4579 1701 4628 si
1724 4576 1819 4638 quovis
1841 4577 1893 4626 aiio

1100 4657 1178 4710 modo
1205 4656 1239 4705 de
1262 4658 1352 4705 celero
1376 4654 1526 4717 praeratum
1544 4655 1621 4707 Fsrd.
1638 4657 1755 4720 Regem,
1772 4656 1814 4706 vei
1837 4656 1896 4717 elas

1099 4737 1167 4787 iiiios
1183 4742 1210 4785 et
1229 4746 1401 4785 successores
1419 4733 1496 4797 {tegis
1514 4734 1591 4794 lilios,
1607 4738 1635 4785 st
1652 4747 1836 4793 successores,¹
1851 4735 1894 4783 vai

1100 4817 1310 4880 quibuscumque
1323 4813 1404 4864 titulis
1416 4812 1583 4876 dignitatum,
1600 4815 1634 4865 ad
1651 4815 1676 4865 id
1694 4812 1892 4864 iovaantacien·

1103 4897 1175 4948 tibus
1193 4891 1383 4958 appellaverit,
1396 4893 1508 4956 eiusque
1526 4895 1582 4944 sivo
1600 4905 1690 4944 eorum
1702 4890 1893 4951 Nuntioacro-

1100 4980 1260 5032 curatores,
1273 4976 1304 5029 ,at
1321 4972 1448 5022 Oratores
1465 4985 1514 5035 pro
1530 4973 1617 5035 itcgiis
1632 4972 1752 5029 Nuntiis,
1768 4970 1897 5021 Procura-

1102 5054 1224 5113 toribus,
1239 5052 1297 5102 sive
1314 5051 1471 5102 Oratoribus
1488 5051 1639 5112 admiserit,
1654 5050 1829 5113 eumdemque
1845 5050 1893 5101 iic·

1101 5146 1158 5198 gem
1169 5137 1197 5182 nt
1210 5134 1277 5182 aiios
1287 5130 1459 5193 praedictos,
1475 5143 1523 5182 seu
1540 5143 1631 5182 eorum
1648 5129 1793 5193 quemlibet
1809 5129 1892 5179 verbo

1103 5214 1145 5263 vei
1157 5211 1226 5261 iacto
1243 5210 1339 5260 litteris
1357 5211 1437 5260 etiam
1454 5209 1505 5260 sub
1521 5208 1639 5272 plumbo,
1651 5219 1696 5259 sut
1712 5210 1790 5259 annio
1807 5208 1897 5270 pisca-

1103 5291 1170 5341 toris
1191 5301 1240 5352 pro
1256 5301 1286 5340 se
1304 5289 1345 5338 vei
1363 5290 1442 5340 etiam
1460 5302 1510 5341 una
1526 5302 1586 5341 cnm
1603 5302 1681 5340 sacro
1701 5290 1834 5352 collegio,
1851 5296 1896 5341 aat

1100 5371 1167 5422 Suae
1184 5369 1337 5419 sanctitatis
1349 5368 1478 5419 Officiaies
1486 5370 1630 5429 consuetis,
1646 5371 1707 5420 ante
1724 5373 1894 5433 praesentem

1103 5449 1324 5501 Protestetionem
1342 5447 1393 5498 iliis
1410 5448 1539 5507 exbiberi,
1558 5448 1642 5512 Regiis
1658 5448 1802 5498 bonoribus
1817 5452 1844 5499 et
1861 5451 1896 5500 ti·

1104 5531 1167 5580 tulis
1183 5529 1378 5587 nominaverit,
1390 5530 1565 5583 tractaverit,
1581 5538 1628 5578 sen
1655 5527 1765 5578 eosdem
1794 5527 1897 5578 admitti

1104 5611 1267 5675 contigerit,
1293 5609 1392 5658 nultum
1425 5606 1617 5670 praejudicinm
1643 5608 1808 5659 devotationi
1835 5608 1899 5659 dicti

1103 5691 1194 5755 iicgni,
1211 5688 1291 5741 etiam
1308 5688 1427 5742 iacuitatl
1444 5688 1575 5752 privandi,
1592 5702 1641 5740 seu
1657 5690 1790 5754 privatam
1809 5688 1897 5741 decia·
