4492 6859
243 611 353 697 (ιιιι)

246 746 349 827 Legati
365 748 461 825 quiete
476 749 663 828 assignatum3
680 752 728 810 ubi
746 751 885 832 laegatus,
905 752 1030 833 peractis

247 850 330 925 prius
350 850 452 927 gratiis
473 849 563 928 Regi,
579 861 609 911 et
626 860 658 909 ut
679 853 772 912 abir-ct
801 873 836 914 eo
860 863 974 932 rogato,
996 863 1031 913 ιι·

247 966 323 1025 equo
343 950 498 1019 descendit,
514 959 543 1009 et
563 970 629 1010 cum
645 952 724 1029 Rege
741 953 860 1012 introvit
880 954 1030 1014 ecclesiam

248 1058 277 1109 et
297 1060 433 1127 porrecto
456 1049 508 1108 sibi
537 1070 589 1128 ρει·
611 1051 866 1131 ιιιιιιιιριιιοριιιιι
895 1059 1030 1130 puratum
1055 1099 1058 1106 .

250 1151 425 1228 aspersorio,
438 1150 556 1228 Regem,
569 1171 608 1220 sc,
618 1160 646 1210 et
657 1153 729 1211 alios
739 1154 869 1231 aspersit:
883 1162 956 1225 tunt,
971 1153 1031 1211 im-

248 1251 340 1327 posito
355 1252 479 1323 incenso,
492 1252 547 1311 luit
568 1254 625 1331 ipse
647 1251 773 1330 Legatos
794 1256 954 1313 incensatus
973 1268 1030 1311 nou

249 1349 325 1422 Rex,
339 1350 418 1429 Rege
434 1360 527 1412 tamen
542 1357 622 1432 prius
638 1353 769 1412 invitato.
781 1353 979 1414 hscettdevunt
995 1349 1032 1409 ad

248 1451 342 1511 altare
363 1448 473 1526 majas,
493 1454 541 1512 ahi
558 1473 644 1532 super
660 1454 826 1514 faldistoriis
846 1452 956 1534 paratis
976 1471 1032 1531 gc·

251 1551 453 1613 nullexerunt:
475 1555 542 1614 dicti
568 1568 635 1614 sunt
658 1556 793 1615 versiculi
817 1566 846 1615 et
866 1555 960 1613 oratio
981 1570 1032 1631 per

251 1651 519 1733 hichiepiscopam,
541 1667 570 1715 et
593 1655 700 1734 antiph.
725 1675 791 1716 cum
818 1655 961 1716 versiculo
982 1671 1033 1731 per

251 1749 397 1826 chorum,
412 1764 440 1813 et
455 1755 550 1814 oratio
571 1754 605 1815 de
628 1755 734 1815 Sancto
747 1755 886 1815 latinario
900 1773 951 1833 pet·
971 1750 1033 1813 lae-

251 1862 353 1928 gatum
375 1853 425 1929 qui
447 1854 525 1915 dedit
544 1854 657 1915 tandem
679 1854 916 1926 benedictionem,
937 1863 966 1913 et
983 1853 1033 1912 in-

254 1951 414 2029 dulgentias
437 1955 526 2012 trium
548 1972 689 2015 annornm
710 1964 781 2032 quas
799 1955 957 2034 publicavit
974 1953 1035 2013 Sa-

253 2052 341 2110 crista
362 2052 454 2113 dictae
474 2056 609 2115 ecclesiae
628 2075 661 2115 ex
681 2057 795 2127 cedula,
814 2076 859 2116 me
881 2055 961 2114 illam
982 2051 1035 2113 sibi

257 2152 379 2229 legente,
395 2154 460 2231 qnia
479 2154 591 2226 videre,
612 2174 661 2216 seu
679 2157 772 2234 potins
785 2174 848 2216 eam
864 2156 958 2234 legere
980 2172 1035 2214 ne-

254 2254 374 2313 sciebat.
394 2256 455 2316 Rex
474 2259 626 2317 associavit
639 2255 781 2336 Legatum
797 2275 886 2334 usque
899 2256 936 2315 ad
952 2256 1035 2336 pola-

255 2355 329 2412 tiutn
351 2342 598 2437 drchiepiscopale
624 2369 653 2418 et
679 2377 822 2419 cameram
843 2376 949 2430 suam,
971 2358 1037 2417 licet

253 2466 322 2515 ante
343 2458 434 2517 altare
452 2455 569 2533 majus,
590 2467 619 2519 et
641 2460 669 2518 in
690 2461 781 2537 capite
802 2460 945 2518 scalarum
965 2456 1036 2517 dicti

255 2557 354 2634 palatii
388 2555 516 2635 Legatus
550 2569 582 2618 ut
613 2558 705 2619 abiret
732 2561 826 2638 ipsum
856 2568 1034 2637 rogaverat:

257 2656 421 2715 Cardinalis
447 2659 598 2719 associavit
617 2658 726 2738 Regem
749 2678 838 2738 usque
863 2660 899 2718 ud
922 2641 1036 2738 portam

258 2758 368 2835 primae
390 2776 521 2820 camerae
550 2779 639 2838 prope
666 2761 778 2832 aulatn,
801 2760 867 2832 ubi,
889 2760 970 2840 Rege
995 2762 1036 2820 sic

261 2860 384 2929 volente,
405 2863 507 2920 mansit
528 2860 679 2932 Carthnal,
706 2872 734 2920 ct
761 2860 822 2921 Rex
843 2863 984 2939 equitavit
1002 2861 1037 2920 ad

261 2958 421 3019 Castrum:
443 2962 537 3019 otnnia
558 2964 614 3021 alia
639 2962 757 3022 luerunt
784 2961 1038 3022 observatumque

259 3065 356 3136 solito,
371 3076 459 3143 prout
478 3067 609 3143 superius
631 3064 688 3123 dixi
709 3065 885 3124 ordinatum.
908 3062 967 3122 Pro
986 3082 1040 3123 co·

262 3165 410 3225 ructatione
446 3162 611 3240 hujusmodi
644 3176 744 3244 parata
771 3175 801 3223 et
830 3164 964 3242 deputata
985 3164 1041 3223 luit

262 3249 382 3326 ecclesia
404 3266 643 3346 metropolitana,
665 3284 739 3343 quae
762 3265 846 3325 habet
862 3275 919 3323 tres
940 3282 1042 3337 naves,

262 3368 385 3428 mediam
411 3366 564 3441 videlicet,
585 3386 658 3445 quae
674 3366 766 3445 major·
780 3377 838 3438 est,
860 3376 888 3426 et
909 3365 980 3424 duas
996 3368 1042 3426 la·

265 3470 385 3542 terales3
403 3469 510 3528 chorus
532 3468 736 3529 canonicorum
757 3480 799 3529 cst
816 3469 843 3525 in
858 3466 953 3525 media
975 3465 1041 3525 novi

265 3568 295 3627 in
313 3570 406 3647 capite
425 3568 531 3627 hahens
546 3588 651 3648 corpus
670 3568 864 3628 transversale
881 3567 907 3624 in
923 3565 1042 3625 modum

264 3672 363 3730 crucis
381 3669 418 3728 ιιι
436 3672 524 3729 instar
539 3670 676 3731 Bastticae
692 3669 789 3729 Sancti
805 3669 883 3729 Petri
898 3666 932 3727 de
947 3665 1043 3740 Urbe,

264 3773 409 3832 tribunam
432 3772 540 3831 habens
561 3770 766 3849 amplissimam
785 3787 852 3828 curn
866 3769 957 3827 altare
979 3785 1045 3826 ma·

260 3870 336 3948 jori,
358 3873 436 3949 quod
456 3874 582 3949 positum
601 3882 643 3932 est
658 3873 732 3929 intra
749 3869 898 3928 tribunam
919 3867 954 3926 ιιι
975 3885 1043 3946 spa·

267 3978 343 4033 tium
363 3973 466 4050 pedum
493 3988 548 4032 xx.
580 3974 624 4031 vel
653 3970 740 4030 circa.
769 3967 855 4028 Navis
882 3969 975 4029 medic
1003 3981 1045 4029 est

261 4072 420 4133 latitudinis
441 4072 543 4151 pedum
566 4089 617 4132 ιιι.
637 4072 682 4131 vel
701 4072 779 4130 circa
803 4080 833 4129 et
849 4069 990 4146 quaelibet
1010 4088 1043 4129 ex

262 4174 428 4234 lateralibus
449 4174 553 4253 pedum
575 4192 669 4236 xxvi.
694 4172 751 4233 Sed
774 4183 832 4232 tuta
855 4172 974 4232 ecclesia
998 4173 1043 4231 la·

262 4274 392 4334 titudinis
413 4274 519 4353 pedam
534 4292 678 4348 cxxvrn;
692 4277 855 4347 columnae,
868 4292 954 4332 naves
970 4275 1043 4333 late·

263 4378 340 4434 tales
366 4393 383 4433 a
405 4375 497 4435 media
519 4376 692 4447 dividentes,
714 4376 819 4435 distant
845 4374 961 4435 anach
988 4376 1041 4434 alia

263 4475 382 4554 pedibus
401 4493 465 4536 vro:
482 4496 499 4533 a
521 4488 604 4554 porta
619 4478 754 4537 ecclcsiae
772 4495 863 4555 usqae
878 4478 914 4536 nd
929 4490 1042 4558 portam

262 4578 345 4637 chori
366 4588 433 4636 sunt
456 4576 542 4655 pedes
562 4594 697 4650 ccxvii,
720 4579 827 4640 chorus
848 4591 892 4639 est
914 4580 1044 4657 longitu-

263 4680 335 4738 dinis
357 4679 462 4758 pedum
484 4697 532 4739 ιι.
554 4690 583 4740 ει
605 4679 765 4739 latitudinis
787 4696 852 4752 ux,
875 4700 928 4758 pro
949 4699 1044 4757 quun-

264 4782 346 4841 titnte
368 4782 497 4841 videlicet
519 4782 605 4859 ipsius
626 4784 722 4840 navis:
743 4802 793 4861 per
816 4783 943 4841 medium
963 4783 1044 4843 chori

263 4896 328 4945 erut
348 4885 464 4962 planum
486 4883 547 4942 sive
566 4885 689 4961 spatium
705 4900 768 4943 xit.
785 4884 888 4961 pedum
909 4903 963 4962 pro
980 4885 1045 4943 lon·

263 4984 393 5062 gitudinc
414 4983 519 5055 chori3
540 4994 569 5045 et
588 4987 616 5044 in
640 4987 731 5064 capite
749 4983 812 5061 ejus
833 5004 934 5047 versus
950 4986 1047 5046 tribu-

266 5105 332 5145 nam
363 5098 426 5146 erat
459 5104 593 5147 ascensus
625 5098 692 5147 octo
719 5087 861 5165 graduum
889 5088 1047 5147 altitudinis

265 5190 353 5247 utrius
380 5187 459 5267 pedis
489 5190 534 5249 vel
561 5189 641 5248 circa
669 5202 697 5250 et
725 5190 910 5267 longitudinis
943 5190 1047 5268 pedum

185 5356 189 5361 ,
266 5289 418 5351 duodecim
442 5290 562 5367 quilibet
584 5291 691 5369 gradus
710 5303 791 5364 erat;
813 5301 841 5351 ct
864 5289 965 5351 ibidem
986 5302 1049 5350 erat

266 5409 357 5452 unum
373 5393 492 5470 planum
509 5409 646 5471 magnum
670 5413 705 5453 es
726 5394 833 5453 tabulis
849 5393 1049 5471 compositum,

266 5493 424 5553 latitudinis
457 5511 547 5570 usque
572 5494 607 5552 ad
635 5494 783 5553 tribunam
814 5494 919 5572 pedum
945 5510 993 5553 cv.
1020 5501 1049 5552 et

268 5615 321 5675 per
337 5596 439 5669 aliam,
454 5595 585 5655 videlicet
605 5596 842 5668 transversaiem,
864 5593 1049 5673 longitudinis

265 5698 327 5759 sive
349 5696 505 5784 latitudiuis
525 5695 632 5777 pedam
649 5715 768 5761 uxvttt.
791 5696 883 5758 choro
904 5694 1051 5777 proedicto

725 616 1007 682 ront'tvtctvtts
1028 615 1251 677 mttxnnnttt
1272 615 1396 677 SEX'l'l.
1820 611 1882 672 tat

1071 800 1073 804 .
1099 748 1183 829 juxto
1209 751 1327 832 planum
1355 767 1412 812 xtt.
1444 748 1549 829 pedum
1586 748 1622 808 ab
1653 759 1779 826 utraque
1804 756 1885 827 parte

1101 852 1170 915 lacti
1202 853 1321 914 luerunt
1353 852 1459 931 gradus
1493 869 1546 913 xv.
1578 848 1739 909 altitudinis
1779 847 1884 927 pedam

1102 954 1223 1033 quilibet
1248 972 1300 1034 per
1327 953 1531 1031 longitudinem
1562 950 1644 1011 chori
1675 968 1729 1029 pro
1760 946 1887 1007 locandis

1102 1054 1238 1133 gentibus
1265 1052 1300 1112 ad
1324 1052 1486 1113 videndum.
1512 1050 1608 1129 Supra
1636 1052 1801 1118 introitum,
1825 1047 1887 1107 sive
1979 1066 1981 1069 ·

1102 1165 1218 1233 portam
1240 1153 1366 1232 ejusdem
1386 1151 1482 1224 chori,
1504 1153 1591 1211 etiam
1614 1151 1762 1229 compositi
1784 1160 1812 1210 et
1838 1148 1885 1207 lo·

1104 1256 1161 1315 coti
1180 1256 1300 1315 luerunt
1322 1254 1406 1313 multi
1434 1251 1559 1330 gradus,
1587 1250 1622 1309 ad
1649 1250 1802 1311 sedendum
1828 1241 1884 1328 pro

1105 1355 1212 1416 visione
1233 1355 1302 1433 apti.
1324 1355 1356 1413 ln
1377 1353 1504 1430 quolibet
1530 1353 1623 1432 capite
1638 1351 1767 1430 corporis
1790 1362 1888 1410 traus-

1107 1456 1226 1515 versalis
1253 1454 1412 1527 ecclcsiae,
1441 1456 1518 1531 quod
1540 1463 1582 1513 est
1604 1455 1677 1513 inter
1708 1451 1831 1512 chorum
1860 1462 1889 1511 et

1106 1557 1253 1616 tribunum
1276 1556 1452 1635 praedictam
1468 1565 1550 1614 extra
1575 1555 1647 1614 illud
1663 1554 1781 1633 planum
1800 1571 1890 1631 supe·

1108 1658 1169 1717 rius
1184 1656 1374 1735 descriptum,
1387 1655 1464 1733 quod
1479 1667 1522 1716 est
1536 1673 1624 1734 supra
1644 1656 1708 1713 illos
1723 1652 1832 1732 gradus
1844 1668 1888 1728 tx,

1106 1777 1122 1817 ι
1156 1758 1252 1817 tribus
1283 1756 1414 1836 partibus
1448 1755 1599 1835 compositi
1630 1755 1749 1815 luerunt
1782 1751 1886 1812 Anides

1107 1860 1216 1939 gradus
1235 1877 1288 1932 xv,
1303 1857 1463 1917 altitudinis
1484 1856 1610 1915 duorum
1633 1855 1737 1934 pedum
1759 1850 1888 1930 quilibet.

1108 1960 1167 2021 Pro
1190 1959 1315 2020 locandis
1337 1958 1374 2016 ιιι
1397 1956 1549 2017 videndum
1577 1957 1605 2014 in
1632 1957 1718 2034 plano
1740 1952 1890 2032 proedicto

1108 2063 1137 2121 in
1160 2063 1268 2140 angulo
1289 2060 1325 2119 ad
1346 2059 1492 2119 sinistram
1515 2057 1684 2117 ascendente
1717 2055 1890 2133 compositus

1107 2162 1164 2222 luit
1187 2161 1330 2221 thalamus
1351 2162 1446 2237 regius
1462 2160 1631 2236 quadratus,
1653 2176 1703 2235 per
1720 2157 1839 2233 longum
1860 2165 1889 2213 et

1110 2264 1199 2322 latum
1221 2276 1276 2321 xx.
1302 2259 1385 2338 pedes
1406 2257 1530 2331 habens,
1557 2267 1586 2318 et
1606 2254 1689 2333 juata
1717 2273 1837 2315 murum
1858 2254 1889 2313 in

1109 2364 1200 2443 capite
1216 2362 1311 2432 chori,
1325 2361 1432 2438 regalis
1453 2358 1533 2420 sedes
1555 2370 1615 2419 tres
1636 2356 1744 2437 gradus
1766 2356 1888 2426 hohens;

1109 2474 1138 2524 et
1170 2481 1301 2522 ascensus
1329 2462 1365 2520 ad
1396 2462 1490 2539 ipsum
1522 2460 1684 2520 thalamum
1722 2468 1785 2518 erat
1810 2457 1888 2516 circa

1109 2564 1235 2624 medium
1257 2564 1293 2622 ad
1307 2563 1452 2622 sinistram
1473 2560 1649 2621 ascendentis
1670 2560 1705 2617 ιιι
1728 2559 1892 2630 tribunam,

1109 2677 1139 2727 et
1159 2676 1223 2725 erat
1245 2664 1391 2741 graduum
1412 2681 1459 2722 sex
1474 2644 1660 2732 ,altitudinis
1697 2661 1782 2718 unius
1815 2659 1894 2737 pedis

1113 2767 1246 2844 quilibet;
1265 2765 1292 2822 in
1309 2763 1439 2843 opposito
1454 2761 1572 2821 thalami
1586 2760 1622 2820 ad
1632 2760 1760 2820 eamdem
1778 2778 1894 2819 manum

1112 2868 1142 2925 io
1163 2867 1272 2945 angulo
1293 2864 1361 2925 dicti
1395 2864 1471 2943 plani
1501 2860 1586 2938 juxta
1620 2862 1766 2922 tribunam
1795 2870 1895 2939 perata

1112 2979 1176 3028 erat
1194 2979 1222 3027 et
1243 2965 1348 3025 tabulis
1369 2966 1494 3035 elevata,
1510 2966 1637 3043 cappella
1655 2962 1690 3022 ad
1712 2960 1894 3023 vestiendum

1113 3068 1222 3147 Regem
1255 3084 1309 3126 suo
1339 3074 1468 3143 tempore
1495 3063 1621 3123 vestibus
1655 3062 1828 3142 regalibus:
1859 3061 1895 3120 ab

1114 3170 1171 3228 alia
1187 3178 1268 3247 parte
1284 3165 1402 3225 thalami
1418 3164 1447 3223 in
1463 3164 1573 3241 angulo
1590 3164 1625 3221 ad
1642 3162 1772 3223 dextram
1787 3161 1895 3221 dictum

1115 3271 1231 3348 planum
1253 3264 1433 3336 ascendente,
1453 3264 1480 3322 in
1502 3262 1599 3324 eodem
1625 3265 1709 3341 plano
1730 3271 1794 3322 erat
1815 3263 1897 3321 locus

1102 3369 1241 3430 'eminens
1278 3386 1331 3446 pro
1359 3366 1549 3438 cantoribus,
1573 3365 1759 3444 longitudinis
1791 3364 1895 3443 pedum

1116 3488 1190 3530 xtrtr.
1210 3481 1238 3529 et
1259 3467 1420 3529 latitudinis
1441 3467 1548 3546 pedum
1575 3485 1637 3528 xtt.
1666 3466 1823 3526 altitudinis
1845 3484 1897 3543 pe·

1116 3572 1185 3631 dunt
1208 3588 1239 3631 x.
1263 3571 1307 3630 vel
1336 3570 1425 3628 circa.
1448 3568 1489 3627 De
1514 3569 1600 3646 plano
1622 3568 1771 3646 praedicto
1792 3562 1897 3641 majori

1117 3671 1325 3732 ascendebatur
1347 3690 1397 3748 pet·
1426 3670 1554 3745 quinque
1583 3666 1694 3747 gradus
1720 3666 1758 3723 nd
1781 3667 1900 3745 planum

1119 3773 1275 3843 tribunae,
1297 3770 1374 3847 quod
1398 3781 1490 3830 tamen
1511 3771 1595 3828 etiarn
1629 3768 1688 3825 init
1708 3778 1787 3826 extra
1810 3768 1898 3845 ipsam

1119 3873 1263 3933 tribunam
1290 3871 1463 3948 ampliatum
1486 3886 1540 3947 pro
1561 3868 1719 3946 capacitate
1746 3868 1898 3926 locorum:

1118 3972 1197 4049 quod
1231 3971 1349 4048 planum
1373 3967 1506 4026 tribunae
1527 3978 1590 4026 erat
1623 3966 1807 4044 longitudinis
1829 3982 1899 4026 uxtt.

1120 4073 1226 4151 pcdunt
1247 4080 1275 4129 et
1299 4067 1457 4128 latitudinis
1484 4084 1575 4143 usque
1603 4066 1638 4124 ad
1665 4066 1774 4144 gradus
1798 4066 1899 4126 altaris

1118 4172 1222 4253 pedum
1245 4186 1309 4230 xvv.
1337 4187 1403 4228 cam
1425 4167 1567 4239 dimidio,
1597 4185 1647 4227 seu
1676 4163 1783 4241 juxta3
1803 4177 1832 4227 et
1852 4167 1900 4226 ol·

1118 4285 1180 4334 tare
1196 4272 1293 4331 adhuc
1309 4268 1473 4330 continebat
1491 4267 1576 4347 pedes
1595 4284 1652 4327 xx.
1669 4267 1715 4325 vel
1729 4267 1822 4326 circa:
1840 4277 1901 4347 post

1117 4375 1208 4435 dictos
1229 4390 1325 4435 xvtn.
1348 4370 1431 4450 pedes
1453 4367 1627 4448 incipiebant
1646 4379 1705 4428 tres
1732 4366 1839 4445 gradus
1855 4369 1902 4426 ιι-

1118 4478 1205 4548 toris,
1228 4493 1355 4554 quorum
1378 4471 1481 4532 tertius
1507 4473 1625 4550 planum
1648 4469 1810 4530 continebat
1831 4469 1901 4528 lati·

1118 4580 1226 4642 tudinis
1243 4577 1347 4657 pedum
1363 4584 1492 4653 quatuor
1505 4591 1573 4633 cum
1584 4572 1720 4643 dimidio,
1731 4583 1758 4632 et
1772 4571 1901 4650 longitu-

1118 4680 1191 4740 dinis
1213 4679 1317 4757 pedum
1329 4692 1380 4735 xv.
1392 4693 1459 4733 enm
1475 4673 1605 4744 dimidio,
1617 4682 1646 4733 et
1661 4691 1751 4753 prope
1769 4672 1901 4732 eumdem
1997 4719 2000 4724 .

1119 4793 1183 4843 erat
1204 4782 1289 4841 etiam
1313 4778 1406 4837 altare
1431 4777 1558 4854 ligneum
1581 4775 1684 4834 ibidem
1702 4774 1902 4852 compositum,

1120 4896 1148 4944 et
1171 4881 1327 4943 latitudinis
1350 4879 1454 4958 pedum
1478 4878 1567 4937 trium
1590 4895 1658 4935 curn
1679 4875 1818 4946 dimidio;
1839 4884 1903 4933 erat

1120 4986 1206 5044 etiarn
1228 4983 1322 5061 posita
1351 4981 1378 5037 in
1404 4980 1490 5058 plano
1517 4978 1605 5055 primi
1635 4974 1744 5054 gradus
1772 4992 1903 5034 ascensus

1122 5085 1221 5145 altoris
1243 5082 1369 5159 predella
1391 5078 1550 5138 altitudinis
1577 5095 1625 5136 sex
1654 5074 1758 5153 pedum
1787 5084 1816 5134 ct
1838 5075 1905 5133 lon·

1123 5184 1257 5265 gitudinis
1280 5182 1384 5263 pedum
1404 5191 1471 5240 octo
1488 5196 1543 5257 pro
1560 5176 1725 5236 faldistorio
1746 5174 1906 5236 cardinatis

1122 5285 1223 5366 Legati
1238 5304 1272 5345 eit
1291 5282 1396 5342 tabulis
1417 5280 1586 5357 composita3
1600 5295 1690 5354 prope
1707 5277 1793 5337 etiam
1814 5257 1905 5335 altare

1123 5388 1313 5468 praedictum,
1329 5393 1409 5443 retro
1424 5380 1531 5440 dictam
1545 5378 1701 5457 predellam
1715 5375 1798 5453 juxta
1814 5392 1906 5435 cornu

1123 5490 1258 5568 epistolae
1276 5485 1375 5544 altaris
1394 5493 1495 5561 parata
1522 5480 1576 5539 luit
1591 5498 1686 5540 mensa
1708 5497 1761 5555 pro
1783 5476 1906 5540 credam

1125 5591 1163 5648 ιιι
1188 5586 1375 5666 longitudinis
1397 5584 1501 5663 pedam
1524 5600 1555 5642 x.
1575 5591 1604 5640 et
1625 5579 1780 5640 latitudinis
1801 5578 1905 5659 pedum

1128 5701 1281 5770 quatuor,
1310 5688 1354 5749 vel
1383 5686 1472 5746 circa.
1488 5683 1611 5743 Planum
1628 5681 1683 5743 hoc
1698 5681 1844 5754 tribunae,
1869 5679 1905 5738 ob
