4492 6859
301 647 411 733 444444

301 785 389 846 414414
402 786 468 848 41144
482 799 617 866 coperta3
637 787 762 867 desuper
777 790 948 869 portabatur
968 787 1088 849 baldac-

299 886 419 947 cbinum
437 905 488 966 per
509 888 588 950 cives
609 887 768 961 1144444444,
785 889 835 967 qui
849 907 906 950 xu.
925 890 1038 951 vicibus
1058 910 1088 952 se

301 998 463 1060 mutarunt,
484 988 539 1051 boc
559 1001 603 1050 est
623 990 697 1050 alius
719 991 784 1051 loco
804 994 926 1055 alterius
949 993 1088 1072 portavit,

299 1100 389 1164 prout
409 1099 438 1149 et
458 1089 506 1151 elii
527 1090 564 1150 ad
590 1090 813 1153 baldaccbinum
840 1093 935 1174 Papae
959 1093 1087 1173 deputati

297 1187 451 1248 iaciebant.

339 1287 480 1362 Sacrista,
494 1292 617 1370 pluviali
635 1294 702 1354 albo
723 1306 842 1373 paratus
859 1309 889 1358 et
911 1295 997 1356 mitra
1015 1297 1088 1355 sirn-

297 1388 376 1464 plici,
387 1408 497 1468 equum
513 1392 670 1456 buccaciuo
686 1396 764 1468 albo,
784 1398 844 1456 sive
861 1397 997 1476 iustagno
1016 1414 1088 1455 coo·

297 1501 414 1565 partum
436 1490 491 1551 sub
517 1512 546 1553 se
567 1494 689 1566 babens,
710 1494 847 1556 baculum
867 1495 966 1556 album
990 1494 1087 1574 longi·

297 1591 405 1650 tudinis
419 1593 537 1654 circiter
560 1605 684 1673 quatuor
700 1596 865 1675 palmorum
884 1613 972 1656 manu
987 1593 1087 1655 dextra

298 1691 445 1768 portabat.

340 1791 467 1871 Baptista
484 1791 518 1852 de
536 1793 701 1854 1444411444
715 1806 746 1855 41
763 1795 926 1875 Stephanus
939 1795 1087 1856 Francisci

297 1889 378 1951 cives
396 1891 533 1963 Romani,
556 1893 606 1971 qui
627 1895 693 1956 loca
720 1895 846 1955 duorum
873 1895 1087 1976 praefectorum

296 1992 457 2063 4444411444,
478 1993 529 2070 qui
546 1993 706 2072 antiquitus
725 1995 824 2056 baberi
843 1997 972 2057 solebant
986 2008 1015 2057 et
1031 1996 1087 2058 1444

297 2101 427 2177 tempore
449 2110 505 2151 non
520 2104 599 2166 aunt,
613 2094 737 2155 ordinati
755 2095 873 2157 fuerant
890 2096 1004 2157 duobus
1018 2098 1088 2177 plu·

298 2192 499 2253 rialibusalbis
513 2194 615 2267 induti,
630 2207 784 2275 aperturas
796 2200 825 2256 14
842 2198 955 2277 spatula
970 2198 1087 2259 dextera

296 2289 444 2365 babentes,
465 2312 533 2354 cum
554 2294 669 2355 birretis
690 2298 750 2357 suis
770 2296 930 2372 consuetis,
950 2297 1004 2357 sub
1018 2298 1088 2378 plu-

296 2388 419 2451 vialibus
439 2393 526 2454 etiam
546 2412 615 2454 suas
637 2406 730 2457 restes
750 2396 850 2457 4411144
872 2396 1016 2459 habebant
1030 2398 1088 2458 bo·

294 2494 450 2566 44444144,
478 2504 574 2555 tamen
596 2496 683 2555 simui
704 2508 850 2574 equestres
869 2498 1044 2558 incedebant.

336 2590 477 2654 Centoras
498 2594 645 2673 cappellae
666 2607 785 2656 nostrae
806 2597 1016 2676 superpelliciis
1040 2598 1088 2657 iu·

295 2692 370 2752 duti.
403 2722 440 2737 -
470 2693 629 2755 secretarii
657 2705 687 2757 et
711 2694 845 2757 advocati
876 2699 985 2757 mixtim
1019 2717 1087 2758 cnm

293 2795 354 2854 suis
375 2793 562 2873 pluvialibus.
588 2828 629 2840 -
642 2796 787 2875 dcmlyti,
807 2796 913 2858 Clerici
935 2796 1087 2869 Gamerae,

293 2894 449 2955 auditores
468 2893 573 2967 Rotae,
595 2912 694 2955 omues
717 2897 745 2956 in
766 2896 848 2957 albis.
869 2930 904 2942 -·
922 2897 1086 2960 Subdiaco·

294 3014 349 3056 nus
373 2996 500 3067 1411444,
521 2995 667 3057 Diaconos
683 3009 713 3058 et
734 2997 937 3060 Subdiacouus
964 3000 1085 3077 graeci,

294 3098 386 3157 sacris
420 3096 547 3157 vestibus
579 3095 692 3167 induti,
719 3116 847 3175 quorum
878 3098 990 3159 taedius
1022 3111 1087 3160 erat

294 3198 486 3263 0144444444
506 3195 629 3257 14414414
648 3194 712 3273 ejus
734 3199 851 3269 latinus,
873 3210 903 3259 et
923 3216 939 3257 a
961 3198 1086 3260 sinistris

294 3317 419 3378 graccus
454 3297 633 3358 subdiaconi.
664 3331 704 3341 -
731 3298 855 3359 abbates
888 3303 1023 3361 lorettscs.
1047 3333 1084 3346 -·

294 3396 437 3479 Episcopi.
456 3433 495 3446 -
518 3398 744 3479 archiepiscopi.
769 3430 809 3442 -
831 3399 968 3482 Episcopi
991 3400 1086 3479 Papae

296 3500 465 3561 assistentes.
479 3531 517 3542 -
530 3498 653 3559 Abbates
668 3499 764 3563 Urbis.
780 3533 817 3548 -
834 3501 1031 3563 Patriurcliue.
1046 3534 1086 3548 -

296 3600 414 3660 Diaconi
425 3598 598 3661 cardinales.
614 3632 650 3644 -
667 3600 835 3681 Presbyteri
854 3602 1029 3663 Cordiaales.
1048 3639 1084 3650 -

300 3699 432 3779 Episcopi
449 3696 625 3762 cardinales.

337 3802 403 3862 Duo
414 3801 532 3862 Diaconi
548 3800 715 3863 Cardinoles
725 3802 821 3883 Papae
831 3802 1086 3873 assistentes‚iuter

297 3921 370 3981 quos
385 3902 518 3963 dominus
536 3902 668 3964 84444414
685 3902 775 3963 Prior
790 3922 905 3975 eorum,
920 3906 969 3983 qui
984 3904 1087 3963 Esau·

296 4004 407 4081 galium
420 4000 453 4062 14
475 4004 559 4061 missa
580 4002 701 4073 dixerat,
715 4002 826 4063 medius
845 4015 921 4076 erat,
936 4013 1086 4084 postquam

297 4102 511 4182 processionem
540 4100 613 4161 banc
636 4099 790 4161 ordinarit.
815 4138 852 4149 -
883 4100 982 4183 Papa,
1003 4100 1087 4181 cujus

295 4219 406 4279 equum
425 4200 572 4262 ducebant
593 4201 717 4263 Senator
738 4214 767 4263 et
781 4202 1010 4267 Consermteres
1024 4204 1087 4268 Ur·

296 4304 359 4376 bis,
381 4303 448 4381 quia
470 4303 534 4364 laici
554 4302 699 4383 digniores
719 4303 785 4383 ipsis
803 4323 860 4366 uon
882 4305 1087 4381 interfuerunt,

298 4405 354 4463 sub
375 4403 578 4475 baldacchino,
600 4403 679 4482 quod
700 4404 847 4465 41444114.
867 4404 968 4486 Capita
987 4408 1088 4487 regio·

298 4525 382 4578 444444,
401 4518 430 4566 41
450 4506 498 4564 ulii
527 4506 682 4566 nobiliores
710 4506 799 4578 eires,
825 4507 874 4585 qui
900 4506 1037 4568 continuo
1058 4508 1086 4568 in

297 4607 367 4667 satis
388 4608 507 4686 copioso
529 4626 653 4669 numero
678 4617 745 4667 aute
766 4606 875 4687 Papam
897 4608 1088 4684 incedebant,

299 4725 391 4785 nsque
413 4707 449 4766 ad
471 4706 649 4767 Lateranum
671 4707 834 4787 portabant.

339 4808 376 4868 tt.
390 4809 541 4890 Philippus
556 4808 590 4871 dc
602 4808 756 4870 Canonicis
777 4809 974 4882 bononiensis,
994 4809 1089 4871 scuti-

297 4910 342 4972 144
369 4909 488 4989 Papae,
514 4920 543 4971 et
571 4909 782 4984 illarescallus,
803 4910 911 4973 Curiae
941 4910 1087 4973 Soidanus

299 5022 495 5089 nuttcupatus‚
513 5022 658 5088 equester,
673 5012 745 5072 duas
763 5013 927 5085 scamellos,
944 5015 1088 5074 44144444-

300 5131 351 5171 cos
373 5123 514 5185 monetae,
538 5112 670 5175 videlicet
698 5113 831 5188 carlenis,
852 5114 990 5187 baiocbis,
1011 5133 1088 5194 qna·

299 5214 409 5285 tranis,
430 5224 460 5274 41
480 5212 605 5273 denariis
632 5216 731 5293 plenos
751 5215 788 5275 ad
808 5216 909 5276 4411444
935 5218 1002 5295 equi
1022 5227 1089 5279 aute

299 5335 329 5375 se
343 5312 462 5387 14414444,
476 5314 611 5393 pecunias
626 5312 793 5391 hujusmodi
806 5317 834 5376 14
850 5317 921 5378 14414
936 5315 1089 5397 deputetis,

299 5428 330 5477 et
344 5417 420 5488 aliis,
437 5415 485 5475 nbi
500 5417 714 5496 oppressionem
729 5416 852 5490 ridebat,
872 5418 981 5498 populo
995 5415 1090 5497 proji-

302 5517 409 5578 ciebat.

343 5619 380 5680 D.
404 5621 544 5680 Antonius
571 5620 606 5681 de
627 5617 763 5691 Grassis,
783 5618 916 5680 Decanus
938 5618 1041 5689 114144,
1062 5620 1089 5679 14

301 5722 529 5801 superpellicio,
551 5720 692 5782 tobaleam
714 5718 751 5779 ad
772 5720 882 5782 collum
911 5720 1017 5783 trabem
1036 5738 1090 5799 pro

771 649 1052 716 constaremus
1072 647 1295 715 illNOCiliiTii
1313 648 1462 714 octavi
1897 652 1943 716 ‘tt

1156 787 1267 861 mitra,
1294 787 1405 849 medius
1432 787 1507 848 inter
1533 786 1666 849 14441444
1692 786 1884 848 Laurentium
1911 788 1946 849 de

1156 886 1241 958 114441,
1256 886 1293 949 41
1305 887 1517 968 Hieronymum
1532 888 1729 969 Calagranum
1745 899 1872 951 secretos
1888 908 1943 950 cu·

1155 989 1312 1050 bicuiarios
1332 988 1435 1069 Papae.

1197 1088 1280 1151 Unus
1300 1087 1430 1149 44441444
1450 1105 1619 1159 armorum,
1641 1097 1793 1165 equester,
1821 1087 1942 1148 umbra·

1156 1190 1257 1249 cuium
1278 1199 1404 1269 portans.

1196 1287 1457 1361 Vlcecemerarius,
1480 1287 1617 1348 baculum
1648 1287 1678 1347 14
1704 1306 1791 1350 manu
1812 1299 1940 1369 portares,

1155 1398 1188 1447 ut
1209 1385 1346 1448 84441414.

1196 1486 1321 1556 Quidam
1342 1487 1464 1567 praelati
1484 1506 1540 1549 4444
1562 1486 1665 1566 parati.

1196 1586 1415 1668 Protbonotarij
1438 1591 1466 1651 14
1487 1608 1591 1653 eorum
1611 1591 1718 1672 cappis.

1195 1690 1319 1751 Auditor
1338 1690 1600 1765 contradictarum,
1620 1704 1649 1752 41
1661 1691 1821 1756 Corrector
1840 1692 1943 1752 111444·

1155 1809 1221 1852 rum
1243 1791 1480 1871 apostolicarum,
1500 1790 1558 1852 boc
1588 1792 1653 1853 loco
1674 1811 1731 1853 4444
1752 1792 1943 1862 incedebant,

1156 1909 1223 1951 cum
1244 1890 1361 1951 auditor
1378 1900 1454 1951 esset
1472 1889 1719 1972 archiepiscopus,
1739 1902 1768 1953 et
1789 1893 1864 1952 alius
1885 1908 1942 1951 4444

1155 1990 1274 2051 adesset.

1197 2089 1305 2152 Omnes
1325 2091 1416 2169 togati
1438 2092 1576 2164 curiales,
1595 2092 1645 2169 qui
1668 2092 1813 2165 volebant,
1835 2110 1941 2170 seque·

1157 2191 1273 2251 bantur.

1196 2291 1259 2354 lloc
1277 2292 1380 2354 ordine
1398 2291 1433 2352 ed
1456 2290 1634 2354 baleranum
1654 2303 1698 2354 est
1719 2304 1901 2371 per-reatum.

1196 2392 1359 2455 Recedente
1380 2390 1520 2456 Pontillce
1540 2393 1576 2454 14
1598 2394 1691 2473 platea
1713 2392 1745 2453 S.
1768 2393 1860 2463 Petri,
1881 2393 1943 2453 sol·

1156 2492 1246 2553 danus
1267 2493 1333 2554 iecit
1355 2504 1413 2554 tres
1429 2492 1526 2571 jactus
1552 2493 1743 2573 pecuniarum
1766 2493 1886 2573 populo,
1912 2505 1944 2556 ut

1155 2590 1233 2671 Papa
1256 2591 1373 2652 liberius
1395 2591 1555 2669 procedere
1575 2604 1678 2671 posset.

1198 2691 1272 2755 Cum
1292 2691 1370 2772 Papa
1388 2693 1565 2773 pervenisset
1579 2711 1669 2771 prope
1688 2704 1818 2753 castrum
1833 2691 1865 2752 S.
1881 2692 1945 2753 ,14-

1154 2794 1223 2873 geli,
1244 2812 1275 2853 se
1295 2791 1439 2863 14444411,
1459 2802 1488 2853 41
1509 2792 1627 2862 141441,
1648 2792 1698 2870 qui
1725 2792 1761 2851 ad
1787 2792 1939 2853 1414414444

1156 2896 1282 2957 merulas
1304 2895 1333 2953 14
1354 2893 1463 2972 angulo
1488 2892 1558 2953 dicti
1578 2892 1668 2952 castri
1696 2909 1797 2952 sersus
1820 2892 1943 2971 plateam

1154 3017 1184 3058 444
1206 3013 1273 3055 cum
1296 3006 1401 3055 ornatu
1428 3004 1456 3053 et
1479 2995 1542 3073 lege
1563 3010 1615 3053 sua
1637 3001 1828 3073 receperant,
1857 2990 1945 3052 obtu-

1156 3095 1253 3156 lerunt
1280 3094 1374 3173 Papae
1402 3094 1496 3172 legem
1522 3092 1720 3162 adorandam,
1747 3102 1777 3151 et
1797 3090 1946 3151 honoran-

1154 3196 1234 3270 dam,
1252 3195 1348 3257 verbis
1369 3194 1539 3265 haebraicis,
1559 3193 1587 3252 14
1607 3192 1681 3253 14444
1696 3191 1756 3252 1444
1777 3190 1944 3251 senteutiam

1155 3297 1263 3376 Papam
1284 3297 1486 3357 acclamantes.

1198 3421 1214 3453 a
1237 3397 1400 3457 beatissime
1415 3394 1510 3456 Pater.
1523 3393 1581 3455 1144
1601 3394 1655 3453 4141
1675 3390 1810 3463 1144414441,
1826 3387 1940 3449 nomine

1155 3501 1308 3578 sinagogae
1330 3508 1444 3558 4441444
1463 3497 1658 3576 supplicamus
1680 3494 1710 3554 S.
1734 3492 1768 3553 V.
1791 3501 1825 3551 ut
1847 3490 1944 3569 legem

1155 3598 1322 3678 blosaycam
1343 3596 1380 3656 ab
1408 3595 1592 3675 omnipotenti
1623 3593 1683 3655 Deo
1711 3592 1803 3672 Mopsi
1835 3590 1942 3671 pastori

1155 3709 1254 3759 nostro
1277 3698 1422 3758 1444444414
1450 3694 1541 3775 Syriai
1568 3693 1704 3754 traditam
1729 3692 1812 3753 nobis
1837 3689 1948 3753 condr-

1156 3817 1236 3859 mare
1257 3809 1286 3859 41
1306 3794 1469 3877 approbare
1496 3793 1673 3874 dignemini,
1701 3779 1944 3873 quemadmodum

1155 3900 1204 3959 alii
1219 3898 1323 3960 summi
1339 3896 1493 3958 Pontifices
1511 3895 1543 3956 S.
1563 3892 1597 3955 V.
1615 3894 1848 3973 praedecessores
1863 3891 1942 3952 illam

1156 3999 1391 4068 confirmarunt,
1418 4006 1447 4055 et
1476 3992 1685 4074 approbarunt.
1710 4017 1726 4047 s
1754 3991 1868 4061 Quibus
1892 4008 1945 4053 re·

1155 4099 1268 4181 spondit
1282 4097 1428 4158 Pontifex:
1451 4118 1468 4150 4
1492 4093 1732 4157 Commendamus
1757 4094 1848 4172 legem
1855 4112 1865 4164 3
1889 4109 1944 4150 re·

1155 4214 1246 4262 stram
1268 4210 1364 4260 autem
1382 4196 1623 4268 observationem,
1639 4205 1668 4256 et
1681 4193 1856 4255 intellectum
1871 4209 1944 4252 con·

1156 4302 1335 4373 damnamus,
1348 4298 1415 4378 quia
1431 4315 1517 4376 quem
1531 4307 1687 4356 venturum
1699 4293 1803 4363 dicitis,
1815 4290 1944 4352 Ecclesia

1155 4402 1239 4462 docet
1269 4398 1463 4479 etpreedicat
1484 4394 1651 4459 venissel).
1674 4392 1707 4453 tt.
1729 4390 1828 4471 iesum
1854 4388 1944 4451 Citri-

1155 4514 1232 4563 stum
1252 4513 1307 4563 etc.
1333 4524 1349 4555 s
1378 4496 1495 4560 Solebat
1523 4509 1616 4557 tamen
1646 4496 1715 4555 alias
1741 4489 1943 4553 1114114414

1155 4604 1283 4665 1441444
1304 4601 1377 4671 fleri,
1398 4598 1449 4662 sed
1472 4611 1591 4679 propter
1617 4594 1811 4664 insolentiam,
1831 4610 1942 4671 quaes

1156 4705 1293 4767 Romanis
1314 4714 1343 4763 et
1369 4702 1448 4772 aliis,
1469 4698 1584 4760 ludaeis
1605 4696 1700 4769 debat,
1715 4710 1882 4755 concessum
1900 4702 1943 4753 est

1156 4808 1222 4889 ipsis
1244 4806 1291 4866 1414
1313 4803 1386 4866 1441.

1198 4909 1276 4987 Papa
1295 4906 1359 4967 inde
1380 4901 1543 4976 recedente,
1563 4901 1707 4963 Soldanus
1727 4898 1833 4962 iterum
1848 4894 1944 4974 jactus

1156 5009 1347 5089 pecuniarum
1368 5002 1498 5065 iaciebat.
1519 5001 1686 5062 1144414411
1707 4992 1946 5059 14114414144-

1110 5101 1116 5116 ’
1157 5110 1247 5182 1444,
1268 5107 1344 5187 apud
1367 5108 1398 5168 S.
1419 5105 1571 5178 Marcum,
1592 5102 1629 5161 ed
1654 5102 1685 5161 S.
1715 5098 1893 5166 Adrianum,
1916 5106 1945 5154 et

1156 5211 1236 5283 411141,
1255 5209 1303 5269 4141
1323 5211 1422 5290 populi
1444 5204 1659 5286 oppressionem
1681 5199 1805 5261 videbat.

1197 5310 1272 5373 Cum
1282 5310 1361 5390 Papa
1378 5307 1555 5389 pervenisset
1564 5304 1648 5383 juxta
1663 5299 1813 5363 ecclesiam
1829 5294 1862 5357 S.
1877 5294 1947 5358 ete·

1158 5411 1271 5484 4444114,
1292 5407 1437 5471 descendit
1458 5406 1607 5483 deeque,
1632 5414 1662 5464 et
1681 5400 1809 5463 ascendit
1828 5396 1946 5462 441444.

1159 5514 1186 5574 14
1203 5531 1260 5593 qua
1281 5530 1333 5592 per
1350 5509 1561 5591 provisionatoa
1580 5505 1618 5565 ad
1638 5514 1753 5584 portam
1774 5499 1873 5582 palatii
1891 5496 1944 5559 de·

1159 5626 1296 5697 putatos,
1317 5611 1433 5672 dimisso
1464 5606 1675 5677 baldaccbino‚
1702 5613 1836 5685 portatus
1872 5610 1944 5669 est;

1159 5716 1237 5794 quod
1268 5716 1439 5777 factumest
1464 5729 1519 5793 pro
1538 5728 1596 5782 eo,
1618 5706 1697 5787 quod
1720 5706 1751 5768 iu
1773 5702 1946 5773 beremae,
