4492 6859
292 616 334 677 Β
744 605 1070 676 commentust
1092 607 1240 673 sixttili
1260 607 1460 679 waucort

289 752 368 833 gusti
384 752 478 813 laetae
490 760 558 811 sunt
577 749 707 812 diruam
734 746 879 828 practicae
892 743 938 830 (l)
949 757 979 808 et
1008 758 1077 808 tan·

291 854 357 915 dem
370 867 443 913 ιιιιι.
459 851 505 912 rel
527 850 618 922 eirca,
633 848 698 909 itit.
711 847 774 910 bo.
794 846 993 910 cardinalium
1007 858 1076 908 rota

289 952 411 1013 adducta
426 952 456 1011 iu
470 951 601 1012 iarorcur
614 949 651 1009 lt
666 950 702 1010 D.
718 948 886 1011 Cardinalis:
897 947 1077 1021 blelbtensis,

290 1054 382 1132 quiin
398 1062 483 1114 nocte
492 1050 632 1129 sequenti,
646 1061 713 1111 ante
727 1050 832 1111 boram
847 1061 955 1111 sextam
972 1048 1075 1122 noctis,
1110 1087 1114 1097 -

290 1151 396 1232 incepit
416 1153 446 1212 in
468 1169 585 1213 cumen
601 1168 659 1211 arra.
670 1151 784 1229 signare
801 1149 1023 1229 supplicationes
1039 1148 1077 1209 ed

289 1246 453 1308 instantiam
466 1244 660 1324 quorumdam
678 1243 877 1306 Cardinalium
882 1264 893 1316 3
913 1240 1080 1321 genuflexus

289 1366 378 1427 super
399 1362 459 1406 tuso
478 1362 573 1424 genu,
594 1343 818 1424 supplicationes
842 1358 931 1421 super
952 1340 1080 1419 quodam

289 1446 417 1508 lnrcerio
441 1454 507 1506 ante
527 1464 557 1505 se
579 1445 694 1524 posim
709 1443 856 1522 signabat,
878 1440 1080 1504 cudbuibus

289 1546 435 1624 aliquibus
450 1543 713 1615 circumstantibus,
726 1544 777 1622 qui
794 1544 958 1623 signatores
971 1539 1079 1619 hujus-

293 1648 370 1710 modi
393 1646 541 1728 petebant,
567 1656 597 1707 et
620 1644 826 1726 expectabant;
852 1642 1018 1723 surpervenit
1043 1639 1082 1700 ad

292 1748 363 1810 baec
384 1747 421 1809 it
442 1746 479 1808 D.
501 1746 663 1809 card‘urolis
682 1746 827 1819 Senemis,
843 1745 894 1823 qui
912 1740 1080 1821 bnjusmodi

292 1849 391 1910 ridens
409 1847 584 1911 subridendo
606 1847 692 1908 disits
713 1878 754 1892 -
776 1845 892 1917 Quarto
915 1863 956 1906 ou
985 1862 1006 1902 a
1027 1861 1081 1903 re·

292 1968 397 2021 nerem
415 1950 445 2010 el
463 1967 550 2030 popo
568 1948 785 2031 coaequando
807 1946 841 2007 iu
860 1943 1080 2026 qioocclaioae,

291 2061 322 2111 ct
342 2050 398 2112 noi
419 2050 474 2111 clue
495 2048 732 2121 comoediam,
752 2046 869 2109 etiumo
890 2043 973 2105 ritti.
995 2074 1036 2086 —

332 2321 368 2381 (t)
383 2317 447 2367 Cum
464 2315 631 2367 burchardus
648 2316 743 2373 omnia,
755 2313 788 2363 de
800 2312 849 2362 boc
861 2314 1029 2376 argumento,
1042 2308 1081 2359 si·

293 2396 373 2447 lentio
390 2398 550 2459 praetereat,
566 2394 599 2445 ab
616 2392 750 2444 lolessura
767 2393 890 2442 enarrata
908 2390 1031 2452 adiiciam
1048 2387 1081 2438 ad

293 2476 430 2525 historiam
448 2473 645 2524 absolvendam.
662 2473 699 2523 lla
717 2474 808 2523 relatis
824 2482 889 2521 raro
904 2468 938 2520 ab
950 2468 1080 2518 lnlessura

292 2554 378 2605 dicam
391 2558 499 2612 tantum,
510 2552 709 2615 quamplurimis
720 2552 802 2601 literis
815 2550 954 2600 Oratorum
971 2547 1081 2598 Floren-

296 2637 409 2687 linnrum
426 2638 453 2684 in
469 2632 599 2683 tabulario
616 2629 734 2681 Mediceo
757 2629 904 2680 Florentiae
932 2628 1081 2679 adservatis

294 2713 476 2775 undecumque
494 2709 652 2769 confirmari,
667 2709 829 2761 cardinalem
847 2709 874 2758 S·
888 2707 957 2759 Petri
974 2707 1007 2756 ad
1023 2705 1082 2755 Vlu-

293 2795 351 2843 cula
374 2791 432 2841 aire
453 2790 522 2840 della
545 2790 668 2848 llorere,
688 2803 737 2852 pro
762 2800 859 2853 posse,
876 2788 901 2836 ln
922 2786 1080 2836 electionem

294 2871 440 2923 cardinalis
455 2869 636 2931 llaalpbiteusis
654 2879 760 2940 oparpm
786 2866 956 2929 impendisse.
974 2865 1082 2925 Exque

295 2950 504 3000 Florentinorum
520 2948 599 3009 legati
616 2948 741 2998 continuo
758 2946 914 2999 asserebant
930 2948 1013 2998 literis
1024 2948 1083 2999 suia

295 3025 455 3090 primoribus
466 3026 642 3088 Reipublicae,
654 3030 680 3076 et
691 3027 831 3077 laurentio
848 3026 880 3075 da
899 3026 1002 3082 lledici,
1011 3036 1083 3077 enm·

298 3104 358 3155 dem
376 3105 555 3165 cardinalem,
572 3106 722 3156 innocentio
737 3104 789 3155 vili
812 3104 949 3162 Pontillce,
966 3107 1083 3167 omnipo·

295 3186 386 3243 tentia,
402 3185 517 3234 romania
528 3184 619 3242 rebus,
634 3184 689 3235 iere
705 3187 791 3248 potiri.
803 3183 853 3234 Sed
863 3183 1023 3234 insessurum
1035 3198 1083 3234 au·

294 3263 397 3314 diamns
414 3276 496 3327 super
512 3262 657 3314 innocentii
673 3263 811 3314 electione.
829 3284 839 3305 ·
860 3263 891 3313 Et
901 3264 994 3313 modus
1005 3276 1083 3314 orsa·

297 3344 384 3402 lionis,
401 3342 451 3393 luit
466 3346 533 3403 iste,
550 3342 673 3394 videlicet
689 3343 749 3405 qnia
771 3355 851 3406 quum
868 3343 910 3392 dia
928 3343 1031 3392 sabbati
1057 3345 1082 3393 iu

295 3422 358 3471 bora
368 3425 518 3484 vespertina
529 3425 630 3471 starent
638 3422 791 3473 cardinales
804 3424 829 3470 in
847 3422 975 3471 scrutinio
987 3419 1083 3471 caussd

295 3502 401 3552 creandi
419 3499 568 3549 l’outiflcem
586 3501 612 3549 in
628 3498 760 3558 Concleri,
776 3506 819 3562 qui
836 3504 911 3550 eraut
922 3512 1031 3549 urimern
1043 3502 1084 3548 ri·

295 3580 493 3643 antiquiorque,
509 3577 656 3628 Cardinalis
672 3578 759 3628 Sancti
775 3577 843 3627 Petri
859 3578 892 3627 ad
907 3578 1034 3637 Vincula,
1053 3584 1084 3630 ul

297 3660 389 3715 lectur,
404 3658 471 3708 dixit
487 3655 615 3706 cardinali
632 3656 719 3707 Sancti
734 3656 826 3712 llarci.
843 3658 888 3719 qui
904 3659 949 3707 illo
962 3661 1084 3719 tempore

297 3735 412 3786 babebat
433 3734 553 3785 undecim
580 3747 678 3793 voces,
694 3735 716 3785 si
733 3735 839 3785 volebat
856 3735 1013 3796 promittere
1037 3735 1084 3784 do·

298 3829 368 3866 mum
393 3826 465 3865 suam
488 3811 618 3864 Cardinali
643 3814 804 3877 aragonensi
820 3811 872 3863 bilo
895 3813 971 3876 Regis
992 3812 1084 3864 Fordi-

297 3893 395 3952 nandl,
411 3897 438 3943 et
454 3894 510 3956 ipse
526 3893 699 3956 promittebat
714 3904 775 3943 esse
792 3904 821 3942 se
838 3891 961 3943 daturum
983 3890 1007 3941 ei
1025 3894 1081 3941 tres

296 3974 361 4023 allus
377 3983 476 4029 rocca,
492 3972 529 4021 ita
545 3970 620 4034 quod
637 3974 729 4021 essem
751 3972 963 4034 quatuordecim.
983 3971 1018 4021 at
1040 3972 1084 4022 itte

298 4051 443 4115 respondit,
459 4064 488 4102 ss
505 4052 611 4100 minime
627 4051 677 4100 boa
694 4050 823 4101 iacturum
836 4070 845 4108 a
860 4064 921 4102 nem
937 4050 960 4101 si
983 4053 1033 4101 buc
1050 4049 1085 4099 ia·

298 4131 397 4188 sisset,
413 4142 465 4179 non
482 4133 553 4179 esset
569 4129 713 4186 canonice,
730 4132 757 4177 ut
774 4128 867 4188 decet,
888 4131 998 4179 electus.
1020 4130 1083 4179 liena

297 4210 358 4272 quia
374 4208 467 4257 domus
484 4219 531 4256 sua
548 4210 590 4256 cst
605 4204 699 4256 lortioc
714 4206 808 4256 Castro
829 4206 916 4255 Sancti
934 4207 1040 4269 angeli,
1058 4210 1084 4256 et

299 4288 320 4337 sl
338 4288 386 4335 boo
410 4284 538 4343 lecisset,
562 4284 657 4333 luisset
680 4284 748 4333 lorte
768 4297 862 4334 caussa
886 4284 1085 4336 disturbationls

300 4364 385 4421 Urbis,
401 4366 429 4411 at
444 4364 525 4412 totius
541 4361 612 4412 Fidei
628 4360 803 4420 christianae,
819 4365 878 4424 quia
896 4366 984 4424 posset
1000 4362 1033 4413 de
1049 4363 1087 4414 la·

299 4442 342 4492 cili
359 4441 396 4491 ibi
413 4442 467 4490 llex
485 4441 593 4498 venire,
610 4445 636 4490 et
652 4439 739 4490 lacere
757 4453 786 4491 se
802 4441 934 4491 dominum
953 4442 1042 4502 llrbis,
1060 4449 1087 4495 el

302 4519 453 4569 disturbare
464 4517 564 4567 Statum
581 4517 720 4568 Ecclesiae.
736 4518 834 4571 Deinde
848 4523 981 4584 praelatus
997 4522 1088 4573 Cardi-

302 4598 369 4647 nalls
386 4596 500 4646 accessit
517 4595 549 4644 ad
564 4595 822 4658 vicecancellarium,
838 4599 956 4662 dixitque
968 4602 991 4651 ei
1004 4602 1025 4649 si
1041 4614 1088 4651 vo·

301 4676 372 4725 lebet
384 4679 460 4725 simul
473 4676 560 4727 lacere
571 4690 651 4729 unum
668 4675 815 4728 Pontillcem
833 4680 866 4734 ad
883 4684 972 4730 return
983 4691 1083 4730 eorum.

301 4755 335 4805 At
361 4755 425 4816 ille,
441 4758 582 4807 dummodo
607 4757 805 4808 disturbaretur
828 4759 922 4809 electio
942 4758 1087 4810 cardinalis

301 4835 388 4884 Sancti
412 4835 500 4894 llarci,
517 4848 595 4897 quem
613 4837 696 4886 solum
714 4836 775 4887 odio
791 4836 909 4887 babebat
919 4870 928 4897 ,
945 4841 1085 4887 consensit.

301 4912 400 4964 Deinde
425 4914 629 4975 superveniente
645 4918 723 4964 noete
745 4914 896 4965 Cardinales
920 4926 1011 4964 omnes
1033 4917 1087 4964 ire·

302 4997 364 5044 runt
380 4993 530 5051 dormitum,
546 4992 643 5054 quibus
660 4992 852 5044 dormientibus
868 4994 1002 5057 praelatus
1022 4993 1088 5043 Car·

303 5071 397 5122 diaulia
412 5073 500 5122 Sancti
515 5072 585 5121 l’etri
600 5072 634 5121 ad
657 5071 761 5122 vincula
777 5085 829 5122 una
847 5085 906 5123 cum
931 5073 1001 5122 dicto
1017 5073 1089 5122 llice-

303 5148 462 5198 cancellario
474 5149 597 5197 tractarit
607 5160 666 5197 cum
683 5148 804 5198 omuibus
815 5148 1005 5206 cardinalibus,
1016 5150 1087 5212 quod

302 5224 396 5276 darent
411 5230 501 5275 votum
518 5237 608 5275 eornm
627 5224 735 5275 Domino
751 5226 879 5277 Cardiuaii
896 5228 1086 5289 blelpbitensi,

303 5305 461 5367 promittens
478 5313 507 5353 se
524 5304 605 5353 multa
622 5303 743 5354 daturum
761 5305 820 5355 illis.
838 5304 870 5355 lit
887 5304 935 5354 boe
947 5303 1023 5353 modo
1036 5308 1088 5354 tra·

303 5385 386 5434 clarit
401 5395 460 5432 cnm
478 5381 599 5432 omnibns
616 5382 812 5444 cardinalibus,
826 5387 1012 5446 praeterquam
1028 5396 1087 5434 cum

305 5474 354 5513 sax
370 5462 403 5511 de
419 5460 576 5522 senioribus,
594 5466 620 5510 et
637 5463 878 5524 principalioribus,
895 5464 1017 5514 videlicet
1028 5476 1087 5514 cum

304 5538 441 5589 Cardinalc
466 5539 551 5589 Sancti
567 5540 663 5598 biarci,
679 5540 713 5589 de
729 5539 891 5602 Comitibus,
907 5541 1032 5602 Girouae,
1047 5542 1088 5591 Li·

306 5618 415 5678 sbonae,
424 5618 558 5678 Senarum,
571 5618 702 5680 Neapolis,
713 5622 740 5667 ct
752 5620 830 5681 aliqui
847 5619 935 5669 dicunt
946 5619 979 5668 de
995 5623 1085 5671 Sancta

305 5697 384 5749 llaria
408 5699 434 5748 iu
455 5696 568 5748 Portica.
590 5698 639 5758 Qui
663 5698 814 5749 cardinales
830 5702 884 5748 tum
907 5698 1040 5751 dormiero
1064 5704 1088 5750 in

1827 602 1946 691 (⁴⁴⁸⁴)

1187 746 1336 808 Dominicc
1363 746 1405 808 99
1429 747 1546 826 augusti
1571 743 1737 826 praedicti,
1763 743 1860 808 laeua
1890 745 1949 810 dc·

1146 847 1308 909 collationis
1326 847 1358 908 8.
1378 847 1423 908 lo.
1442 846 1595 925 baptistae,
1606 864 1721 909 srmrmo
1740 832 1830 908 mane
1847 844 1886 906 ll.
1906 846 1945 908 b.

1145 943 1305 1008 Cardinalis
1322 946 1355 1008 S.
1371 946 1464 1009 Marci
1482 946 1640 1008 celebrarit
1653 948 1770 1008 missam
1785 946 1946 1027 privatam

1146 1045 1359 1123 ponderatione
1371 1066 1424 1107 sua
1445 1048 1473 1107 in
1489 1065 1580 1126 parre
1595 1048 1736 1126 cappella,
1747 1057 1842 1127 prout
1852 1047 1946 1110 etiam

1146 1143 1261 1207 duobus
1277 1147 1461 1225 sequentibus
1474 1146 1600 1220 laceram
1619 1146 1719 1209 deinde
1731 1149 1816 1209 eirea
1833 1147 1945 1210 boram

1146 1244 1297 1318 munium,
1308 1245 1647 1308 omnibusCardinalibus
1661 1247 1690 1309 in
1699 1247 1832 1328 cappella
1846 1265 1943 1328 perra

1150 1344 1316 1423 praedicta,
1338 1348 1369 1407 iu
1393 1346 1453 1408 suis
1477 1347 1646 1426 capuceis,
1670 1359 1700 1409 et
1722 1348 1878 1420 croculis,
1905 1368 1942 1411 ec

1146 1443 1228 1517 beri,
1254 1446 1355 1509 ordine
1378 1450 1471 1526 posito
1496 1447 1650 1519 suasibus,
1675 1447 1807 1510 Sacrista
1835 1459 1939 1511 noster

1147 1545 1306 1606 celebrarit
1326 1546 1440 1607 missam
1462 1546 1589 1627 spiritate
1600 1547 1699 1610 Sancti
1718 1567 1786 1610 eum
1802 1567 1942 1612 mmmc-

1147 1646 1324 1717 moratione,
1354 1645 1487 1719 utheri,
1511 1666 1568 1726 qua
1590 1645 1668 1708 linita
1693 1651 1941 1728 praeparavimus

1147 1764 1269 1824 parram
1285 1764 1412 1807 mersam
1426 1757 1456 1808 et
1469 1747 1594 1808 scabella
1609 1766 1677 1809 cum
1692 1750 1752 1810 sais
1766 1749 1946 1824 attinentiis,

1149 1855 1181 1906 ut
1203 1844 1470 1915 tantumdem
1488 1847 1648 1926 cappellam
1670 1849 1811 1909 exivimus
1827 1867 1944 1921 omnes,

1147 1943 1348 2005 Cardinalibus
1371 1944 1439 2005 solis
1464 1946 1566 2008 ibidem
1588 1946 1723 2022 dimissis,
1744 1959 1774 2012 et
1802 1951 1944 2012 omnibus

1147 2045 1331 2108 conclusistis
1356 2046 1391 2114 in
1417 2046 1547 2125 cappello
1573 2044 1685 2125 maiore
1716 2049 1850 2110 reclusis.
1881 2048 1943 2119 Qui

1148 2314 1238 2352 eorum
1266 2300 1392 2352 cubiculo.
1417 2302 1505 2352 ceteri
1527 2301 1657 2353 dederuut
1673 2313 1785 2360 vocem,
1800 2305 1829 2352 ot
1853 2304 1945 2367 elege-

1149 2384 1210 2431 runt
1233 2379 1332 2431 dictum
1357 2380 1515 2432 Pontillcera.
1539 2383 1614 2433 ldane
1629 2385 1716 2433 autem
1732 2381 1802 2431 lecto
1819 2396 1946 2437 vocare·

1149 2465 1210 2511 runt
1226 2460 1286 2510 illos
1302 2460 1464 2511 dormientes
1473 2493 1482 2519 ,
1497 2461 1675 2524 dixeruntque
1691 2462 1758 2513 illias
1774 2462 1877 2515 raaces
1894 2467 1946 2517 Po·

1146 2552 1209 2601 pom
1234 2538 1379 2601 suciamus.-
1394 2544 1420 2589 et
1437 2539 1580 2591 dixerunt:
1597 2540 1701 2603 (luem
1720 2542 1944 2604 Responderunt:

1148 2615 1342 2679 llelpbitmscm.
1357 2615 1534 2679 Dixeruntque
1552 2619 1600 2668 illi:
1616 2619 1770 2681 Quomodo?
1785 2620 1946 2684 Responde·

1149 2700 1225 2743 runt:
1242 2693 1295 2744 llcc
1312 2696 1385 2744 nocte
1400 2695 1461 2744 dum
1478 2698 1605 2746 domabile
1620 2700 1833 2761 conprepooimus
1855 2713 1946 2751 omnes

1147 2784 1222 2824 uoces
1242 2776 1344 2833 praeter
1365 2785 1443 2834 quum
1465 2778 1577 2826 metrum
1591 2778 1778 2828 dormientium.
1799 2781 1832 2829 At
1851 2782 1887 2829 llll
1906 2783 1947 2829 vi·

1149 2852 1253 2910 dantes,
1268 2852 1340 2915 quod
1355 2858 1431 2903 eraut
1447 2853 1540 2904 decern
1557 2859 1585 2904 ut
1601 2861 1672 2916 octo,
1689 2858 1731 2906 rel
1747 2858 1840 2908 decem
1854 2864 1881 2908 et
1892 2872 1946 2908 no·

1148 2942 1226 2987 rem,
1242 2929 1285 2991 qui
1304 2936 1512 2994 consenserant,
1530 2938 1555 2981 el
1576 2934 1626 2996 ipsi
1643 2938 1775 2996 tamquam
1796 2937 1943 2997 pauciores

1149 3020 1200 3056 non
1210 3011 1332 3069 poterant
1346 3012 1434 3057 actum
1448 3008 1609 3068 disturbare,
1626 3018 1823 3062 consenserunt.
1841 3013 1943 3066 Deinde

1150 3085 1193 3135 die
1210 3088 1332 3148 sequenti
1349 3086 1448 3135 dietum
1466 3087 1521 3144 luit,
1538 3089 1608 3150 quod
1624 3102 1673 3152 pro
1689 3088 1817 3139 bibendis
1830 3089 1945 3143 vocibus

1151 3166 1230 3215 multa
1249 3165 1317 3216 bona
1333 3165 1467 3218 Ecclesiae
1483 3169 1733 3230 promiseruntque
1745 3168 1861 3226 dederit.
1873 3183 1944 3232 quo-

1151 3256 1208 3294 rum
1225 3245 1311 3306 aliqua
1329 3245 1370 3295 bic
1387 3245 1547 3296 scribuntur.
1561 3248 1647 3298 Primo
1658 3248 1804 3298 cardinalis
1820 3249 1945 3302 Sabellus

1151 3321 1242 3371 babuit
1258 3320 1400 3384 Castrum,
1417 3324 1486 3386 quod
1503 3325 1600 3374 dicitnr
1616 3327 1754 3376 blcnlicelli
1773 3327 1797 3376 io
1820 3327 1945 3389 partibus

1150 3399 1271 3459 Insulae,
1298 3400 1360 3450 llem
1390 3402 1547 3464 legationem
1573 3403 1772 3472 Bononiensem.
1790 3403 1943 3457 cardinalis

1149 3479 1332 3530 Columueuals
1360 3478 1481 3530 Castrum
1498 3483 1627 3544 ceperani
1642 3519 1649 3539 ,
1666 3487 1693 3532 et
1710 3485 1871 3545 legationem
1895 3483 1947 3533 l’a·

1151 3558 1286 3617 trimonii,
1302 3563 1328 3607 et
1344 3571 1393 3621 pro
1410 3563 1603 3612 restauratione
1619 3562 1713 3612 domm
1729 3562 1898 3624 combustae,
1917 3568 1946 3616 el

1151 3636 1318 3695 damnorum,
1335 3636 1543 3702 vigintiquinque
1561 3640 1640 3690 millia
1658 3640 1824 3691 Ducatorum-
1841 3641 1894 3700 iit.
1915 3647 1946 3692 ut

1151 3716 1267 3772 dicitur,
1282 3714 1387 3765 luerunt
1405 3718 1427 3764 ei
1445 3719 1573 3778 promissa
1598 3718 1724 3783 bunellcia
1747 3720 1945 3783 quamprimum

1150 3798 1280 3843 vacatura
1299 3805 1347 3855 pro
1364 3798 1465 3857 septem
1484 3796 1598 3845 millibus
1615 3796 1782 3847 Ducatorom.
1794 3797 1945 3852 Cardlnalls

1151 3872 1258 3924 lleeiuue
1270 3874 1427 3936 legationem
1447 3876 1577 3925 Marcbiae
1589 3876 1690 3936 babuit,
1700 3890 1769 3939 quae
1785 3877 1834 3928 lbit
1850 3878 1946 3928 adem·

1151 3960 1196 4017 pta
1217 3954 1393 4011 cancellario,
1409 3956 1473 4005 item
1489 3959 1517 4005 et
1540 3956 1662 4007 Castrum
1678 3956 1845 4008 Cerreterae.
1866 3960 1946 4010 ilati-

1152 4035 1286 4083 aconensis
1300 4034 1390 4084 babuit
1406 4034 1526 4083 castrum
1544 4036 1713 4098 capranicae,
1724 4039 1750 4084 el
1762 4038 1945 4099 episcopatum

1151 4112 1373 4162 avenionensem.
1396 4111 1460 4162 mito
1484 4114 1557 4177 Regis
1583 4114 1738 4164 ferdinandi
1756 4115 1840 4165 lectur
1857 4116 1943 4166 luisse

1151 4201 1304 4241 concessura
1327 4190 1498 4240 eonteeorvo.
1520 4192 1582 4242 item
1599 4193 1660 4241 data
1678 4192 1725 4243 luti
1742 4194 1767 4242 el
1783 4193 1879 4243 domos
1899 4195 1944 4244 rel

1152 4271 1276 4320 Palatium
1289 4305 1297 4325 .
1312 4269 1384 4331 quod
1403 4270 1489 4320 tuerat
1506 4271 1569 4321 dicti
1585 4272 1677 4333 Papae,
1692 4272 1755 4323 duro
1772 4277 1830 4323 erat
1845 4273 1944 4324 Cardi-

1153 4350 1228 4407 nalis,
1246 4349 1369 4399 videlicet
1384 4348 1471 4400 Sancti
1489 4350 1621 4402 lsrureulii
1638 4354 1664 4400 in
1682 4351 1785 4402 Lucina.
1808 4352 1945 4406 cardinali

1152 4426 1282 4477 Parmensi
1294 4427 1415 4477 Palatium
1428 4429 1514 4478 Sancti
1526 4429 1653 4480 lobannis
1662 4431 1730 4481 della
1748 4433 1875 4496 llagliaua
1888 4448 1942 4485 uua

1152 4517 1210 4555 curn
1228 4508 1297 4555 omni
1315 4508 1371 4568 elus
1389 4507 1516 4557 aedilicio.
1528 4509 1714 4559 Mediolanensi
1734 4510 1873 4569 Cardinali‚
1891 4514 1945 4563 Ar-

1154 4585 1401 4649 cbipreabyteralus
1416 4586 1503 4635 Sancti
1520 4586 1645 4637 lobannis
1660 4588 1853 4648 lateranensis,
1864 4594 1892 4640 et
1903 4593 1946 4641 le-

1153 4665 1223 4727 gatio
1234 4664 1435 4717 avenionensis.
1447 4665 1578 4717 cardinali
1590 4668 1675 4718 Sancti
1693 4668 1761 4719 Petri
1777 4670 1811 4722 ad
1827 4670 1946 4734 Vincula,

1154 4750 1180 4795 el
1206 4744 1341 4798 Praefecto
1356 4744 1430 4796 Urbis
1448 4747 1504 4806 ejus
1521 4745 1596 4797 lralri
1605 4783 1613 4809 ,
1630 4748 1726 4798 Fanum
1743 4761 1802 4800 cum
1824 4752 1945 4816 quinque

1155 4825 1211 4874 aliis
1228 4824 1318 4873 Terris
1335 4824 1585 4884 circumstantibus;
1603 4829 1777 4891 promisitque
1795 4829 1882 4881 lacere
1903 4832 1946 4882 di·

1153 4909 1223 4954 etum
1239 4903 1400 4953 asserentum
1415 4907 1473 4967 elus
1485 4905 1593 4955 tratrem
1607 4908 1755 4969 generalem
1772 4908 1943 4971 Capitaneum

1154 4981 1294 5033 Ecclesiae.
1309 4982 1360 5032 Sed
1377 4984 1442 5032 baec
1459 4995 1527 5033 nunc
1550 4986 1619 5034 dicta
1636 4986 1762 5043 luerunts
1778 5001 1845 5052 qnae
1862 5003 1942 5053 quum

1154 5075 1207 5113 non
1223 5062 1318 5113 luerint
1335 5068 1440 5125 reperta
1457 5077 1563 5114 omniuo
1580 5079 1653 5126 rara,
1665 5067 1825 5120 credendum
1842 5075 1894 5129 est,
1911 5084 1943 5122 ea

1155 5140 1224 5189 dicta
1242 5141 1324 5192 luisse
1341 5146 1450 5205 propter
1467 5144 1590 5193 iuvidiam
1603 5149 1629 5194 et
1641 5150 1841 5200 aemulationem
1854 5155 1943 5213 potins

1155 5234 1232 5282 quam
1255 5234 1303 5283 pro
1326 5221 1440 5270 veritate
1463 5221 1582 5271 dicenda.
1608 5222 1639 5273 Et
1663 5226 1805 5277 secundum
1824 5230 1944 5291 aliquos,

1156 5312 1265 5361 quorum
1282 5300 1371 5363 opinio
1389 5301 1469 5363 magis
1487 5301 1661 5363 applauditur,
1678 5306 1736 5362 rite,
1755 5312 1836 5366 recte,
1851 5313 1877 5357 et
1894 5307 1945 5356 ab·

1156 5393 1221 5442 sque
1237 5381 1289 5431 ulla
1306 5382 1435 5431 calumnia
1451 5386 1557 5432 creatus
1574 5381 1638 5441 luite
1655 5390 1681 5434 et
1698 5386 1783 5437 bouus
1801 5389 1826 5437 in
1844 5400 1873 5437 ss
1885 5388 1943 5446 luit.

1156 5465 1183 5509 ct
1199 5472 1304 5522 semper
1317 5461 1446 5523 justitiam
1464 5463 1489 5509 in
1507 5466 1641 5523 proposito
1659 5465 1758 5522 babuit,
1774 5472 1801 5516 et
1813 5468 1862 5516 nisi
1881 5468 1944 5517 luis·

1157 5543 1197 5590 sel
1214 5539 1354 5603 impeditus
1373 5553 1387 5588 a
1404 5539 1480 5589 dictis
1498 5542 1555 5603 ejus
1572 5544 1680 5593 aemulis
1692 5549 1718 5593 ot
1736 5546 1856 5605 inimicis,
1869 5550 1944 5595 certe

1158 5619 1317 5669 ostendisset
1334 5619 1487 5680 qualitatem
1504 5623 1580 5669 animi
1595 5624 1633 5671 sui
1651 5637 1711 5686 orgo
1724 5622 1876 5675 Ecclesiam.
1893 5625 1943 5675 ·ln

1157 5699 1260 5749 Menae.
1280 5696 1333 5747 ilar.
1350 5696 1404 5746 llol.
1423 5698 1516 5762 Scrlpl.
1533 5700 1582 5750 loc.
1597 5701 1638 5749 rit.
