4492 6859
225 618 341 704 (teos)

227 758 404 840 proemium
425 754 522 817 Deum
546 755 709 816 authorem
731 756 867 817 omnium
882 768 1021 818 contem*

225 862 328 941 plari,
345 858 539 928 clarissime,
562 877 621 919 ora
643 877 703 937 pro
725 859 817 920 uobis
845 860 934 919 beate
960 857 1019 920 Ja-

227 962 338 1024 nuorii
352 995 391 1005 -
406 959 448 1020 Ut
465 960 556 1040 digni
572 961 751 1039 efficiamur
766 970 822 1021 etc.

270 1060 390 1122 lutariae
411 1060 490 1138 qaod
518 1061 680 1121 versiculus
702 1078 771 1121 cum
803 1060 841 1121 tt.
863 1060 1018 1140 praemissa

229 1162 378 1234 dicuntur,
397 1161 494 1240 surgit
516 1160 667 1240 Legatue,
687 1174 717 1225 et
738 1162 849 1223 accedit
870 1162 908 1222 ad
925 1177 1018 1223 cornu

229 1264 365 1342 epistolae
386 1262 499 1332 altaris,
533 1262 582 1322 ubi
603 1271 682 1322 stans
718 1270 832 1325 detecto
862 1264 953 1343 capite
982 1263 1018 1322 atl

228 1362 322 1439 ipsum
350 1363 442 1423 altare
476 1378 605 1436 versus,
631 1361 703 1424 dicit
724 1382 761 1424 ex
783 1364 858 1423 libro
880 1363 909 1422 in
930 1364 1017 1423 altari

227 1464 320 1542 posito

270 1561 406 1623 (iremus.
423 1595 460 1608 -
480 1562 626 1625 Gloriari
638 1564 808 1644 Pontificis'
825 1574 856 1624 et
867 1563 1019 1644 llartpris

228 1661 382 1724 Ianuarii
392 1663 531 1743 [idalium
544 1665 1018 1735 mentes,llomine,eacellentia

228 1766 532 1826 commemorationis
558 1766 720 1838 irradict,
747 1777 781 1827 ut
800 1766 885 1827 sicut
911 1765 1017 1847 gloria

229 1863 386 1945 ineffabili
402 1866 593 1925 sublimatur
601 1908 612 1939 ,
628 1866 676 1926 ita
696 1867 805 1929 aditus
818 1867 947 1946 patriae
961 1885 1016 1927 so·

229 1966 346 2027 lutaris
356 1968 424 2049 mass
436 1968 527 2027 nobis
541 1967 766 2030 intercessione
776 1968 950 2047 pandatur,
958 1981 1017 2045 per

231 2066 390 2130 Christum
406 2067 445 2128 lt.
460 2068 498 2128 N.
519 2067 643 2147 Respon.
660 2068 764 2128 Amcn.

270 2167 347 2227 'lum
367 2166 493 2247 lagatus
508 2168 647 2247 procedat
666 2168 702 2227 ad
724 2168 850 2230 mediam
869 2167 969 2227 altaris
986 2176 1017 2227 ct

228 2278 306 2328 stans
332 2268 444 2330 detecto
478 2270 570 2348 capite
595 2287 697 2329 versus
729 2268 766 2328 st
794 2286 912 2329 crucem
932 2285 1016 2328 suam

228 2367 326 2441 dicat,
347 2386 378 2428 sa
397 2368 540 2445 signando
569 2387 652 2430 more
673 2369 779 2439 solito,
800 2378 830 2427 et
851 2367 944 2427 cboro
965 2385 1017 2427 re·

227 2467 393 2545 spondente:
411 2468 464 2528 Sit
478 2486 589 2528 nornen
603 2467 736 2529 Domini
751 2468 946 2528 benedictum
959 2476 1016 2527 eta.

270 2565 470 2628 Benedictione
500 2566 590 2639 data,
621 2563 750 2646 Legatos
775 2566 914 2628 concedat
941 2566 1018 2627 inte-

229 2666 404 2725 ressentibus
437 2665 627 2746 indulgentias
649 2667 739 2727 trium
759 2677 926 2738 annorum,
948 2681 1018 2743 quaa

232 2783 310 2826 unus
327 2785 362 2827 ex
376 2767 548 2845 cappellanis
561 2768 634 2839 suis,
651 2769 695 2828 rel
712 2767 856 2828 cmmuicis
881 2766 1018 2828 eeclesiae

228 2863 432 2945 Neapolitanae
461 2868 569 2946 populo
596 2867 751 2930 denunciet
785 2870 816 2928 in
848 2868 927 2929 bunc
953 2886 1020 2930 mo·

230 2964 324 3025 dum:

272 3089 289 3122 e
303 3067 326 3127 ll
340 3066 412 3127 Rer.
429 3068 459 3127 ia
474 3067 571 3130 Crista
584 3068 680 3130 Padre
695 3077 724 3130 et
740 3068 877 3149 Signat-e,
892 3069 1017 3148 Signore

229 3164 332 3225 loanni
353 3166 430 3227 tituli
452 3166 487 3227 da
521 3167 633 3227 Sancta
655 3168 788 3229 Susanna
823 3170 897 3231 dalla
931 3169 1019 3231 Senta

231 3265 361 3326 Romana
375 3265 477 3328 Chiesa
492 3268 666 3347 presbytera
683 3269 838 3332 Cardinale
852 3272 888 3331 ela
907 3271 1022 3333 Monte·

232 3364 351 3445 Regale,
366 3366 401 3429 tie
416 3368 443 3427 la
456 3366 529 3429 Sede
541 3370 708 3448 Apostolica
722 3370 842 3450 Legata,
853 3372 891 3432 el
906 3383 935 3434 et
948 3391 1021 3434 coa·

232 3466 301 3528 cede
322 3467 485 3530 eciaseuna
505 3483 625 3549 persona
645 3471 697 3548 qui
718 3482 849 3551 presente
870 3473 970 3533 banni
992 3474 1021 3533 di

233 3590 302 3633 rere
317 3569 494 3652 Indulgentia
509 3576 538 3634 in
553 3575 648 3637 iorme
664 3576 738 3636 della
754 3576 856 3638 Chieaa
871 3589 1016 3639 consucta.

231 3673 355 3753 Pregate
374 3677 455 3737 iddio
475 3695 526 3757 per
552 3679 571 3739 il
604 3681 694 3742 felice
716 3690 792 3741 stato
811 3682 887 3742 dalla
909 3681 1022 3744 Santiti

231 3774 277 3836 del
294 3776 383 3856 Papa,
402 3777 431 3836 di
450 3777 511 3837 Sua
527 3777 611 3838 Ruta
628 3778 755 3857 signs,
770 3780 815 3842 del
832 3782 1022 3845 Sarcnissimo

194 3961 197 3966 1
235 3875 280 3938 Re
293 3880 428 3950 attenso,
450 3891 480 3940 et
496 3880 571 3941 della
585 3881 676 3941 Senta
695 3882 825 3942 Romana
843 3884 945 3943 Cbiesa
963 3907 990 3943 a.

272 3978 324 4038 His
342 3981 541 4057 pronunciatis
565 3984 662 4059 surgit
687 3981 748 4041 Rex
768 3983 817 4060 qui
845 4002 937 4062 usque
951 3995 1021 4047 tana

232 4077 371 4140 continue
386 4080 414 4140 in
433 4099 488 4139 suo
509 4081 674 4142 faldistorio
688 4082 853 4161 genuflexit,
867 4093 896 4144 et
910 4084 1022 4145 accedit

232 4176 377 4256 Legatum
397 4199 432 4241 ac
452 4182 546 4260 ipsum
565 4199 658 4259 usque
675 4182 712 4241 arl
727 4183 868 4263 palatium
896 4183 1022 4246 Arabic-

232 4279 394 4358 piscopale‚
415 4281 443 4340 in
466 4299 526 4358 quo
544 4281 756 4361 hospitabitur,
775 4283 936 4343 associabit.

276 4378 359 4440 Ordo
392 4391 488 4440 autem
506 4382 718 4459 processionis,
742 4383 777 4443 de
795 4400 855 4461 quo
873 4401 962 4463 supra
990 4382 1022 4443 at

233 4481 358 4553 mantio,
379 4492 409 4542 et
428 4498 489 4559 qua
505 4481 555 4541 alii
576 4483 699 4555 veniant,
715 4483 762 4544 hia
783 4486 855 4545 erit:

273 4583 395 4644 Fratres
413 4582 538 4644 Sanctae
554 4583 663 4644 narius
688 4583 762 4645 della
786 4584 887 4645 Gratia
901 4583 1020 4644 lcsuati.

232 4691 278 4730 “-
300 4685 419 4745 Fratres
437 4682 561 4743 Sanctae
581 4682 690 4744 Mariae
711 4683 784 4744 delle
802 4685 925 4762 Vergins
940 4684 1020 4745 Cra·

232 4786 403 4848 ciierorum.
420 4816 459 4828 -·
476 4785 595 4844 Fratres
615 4783 738 4845 Sanatae
754 4785 864 4845 blaciae
878 4784 923 4846 del
943 4784 1019 4847 Car·

235 4888 325 4947 mina.
347 4917 384 4930 -
411 4885 531 4946 Fratres
549 4885 765 4945 Heremitaram
796 4885 896 4947 Sancti
917 4887 1023 4965 Augu·

234 4990 313 5048 atini.
335 5020 374 5033 -
395 4985 514 5047 Fratres
544 4985 667 5047 Sanctae
697 4985 805 5047 Mariae
832 4986 908 5048 della
937 4985 1019 5047 Nora

234 5092 382 5153 blinorum
413 5086 683 5149 dell'oaserrantia.
709 5120 747 5133 -
775 5088 894 5150 Fratres
922 5086 1022 5150 Sancti

233 5188 385 5253 Laurentii
404 5187 551 5248 Minorem
573 5186 824 5249 Conventuelium.
846 5190 1023 5249 -Fratres

235 5295 268 5354 S.
286 5292 436 5353 Dominiei.
451 5322 489 5334 -
504 5290 624 5350 Fratres
643 5290 741 5350 Sancti
757 5288 836 5349 Petri
852 5289 888 5348 ad
907 5278 1023 5367 ¹lilayel·

234 5397 295 5456 lam
313 5391 553 5455 coelestinorum.
564 5420 604 5435 -
623 5391 743 5453 Fratres
764 5389 863 5453 Sancti
886 5390 964 5453 Petri
985 5391 1021 5450 ad

236 5498 328 5556 Aram
349 5493 554 5554 canonicorum
577 5492 758 5570 regularium
788 5493 887 5554 Sancti
917 5492 1021 5572 lugu·

237 5597 313 5657 atini.
333 5630 372 5642 -
394 5596 513 5654 Fratres
546 5591 577 5652 S.
600 5592 709 5654 liariaa
740 5594 845 5666 llontis
876 5594 1020 5674 Vtrgtnti,

715 615 998 685 ronrarotrus
1018 618 1242 682 affixarum
1262 618 1395 682 auxta·

1811 622 1872 683 aar

1085 758 1148 821 riae
1168 737 1406 852 'arauris-otissa
1438 787 1478 801 -
1508 755 1628 815 Fratres
1659 754 1758 817 Sancti
1780 754 1874 817 Sere·

1086 861 1166 932 sini,
1198 856 1298 919 Sancti
1330 854 1476 917 Berndicti
1507 856 1737 935 congregationis
1770 855 1872 917 Sancti

1086 959 1170 1020 Pauli
1207 994 1246 1009 -
1284 958 1388 1019 Clerus
1425 956 1549 1018 civitatis
1586 955 1786 1036 Neapolitanae
1819 973 1894 1041 suo·

1085 1059 1246 1120 ordine-
1277 1057 1391 1118 Salmae
1425 1055 1526 1137 Legati
1559 1074 1620 1118 χιι.
1654 1060 1698 1119 rel
1731 1061 1810 1118 circa
1832 1083 1874 1106 -n

1085 1159 1249 1221 Coriallum
1282 1158 1370 1237 Regis
1392 1158 1568 1229 familiares,
1601 1167 1630 1218 et
1666 1158 1714 1217 alii
1752 1159 1872 1222 inlatio·

1085 1280 1188 1321 res-
1211 1259 1329 1321 Nobiles
1362 1256 1562 1338 Neapolitani,
1594 1268 1624 1318 et
1654 1257 1779 1320 curiales
1809 1258 1872 1322 Ra-

1085 1360 1129 1439 gis
1150 1389 1188 1405 -
1209 1360 1316 1421 Valisia
1346 1356 1448 1438 legati
1478 1389 1518 1403 -
1550 1358 1671 1419 Familia
1703 1356 1806 1437 Legati
1833 1393 1872 1408 —-

1085 1461 1212 1522 Raranes
1240 1459 1365 1522 Comitm
1385 1491 1426 1505 -—-
1447 1457 1623 1540 (Processio
1643 1458 1743 1521 ordine
1766 1477 1874 1540 supra·

1086 1562 1189 1636 dicto,
1216 1573 1250 1623 ut
1270 1563 1356 1621 citius
1377 1560 1556 1640 expedietur,
1582 1569 1719 1639 poterunt
1746 1572 1873 1639 quatuor

1084 1664 1172 1723 simul
1193 1659 1377 1745 incedere)·—
1391 1661 1472 1724 Crux
1490 1659 1594 1741 Legati
1611 1680 1700 1741 quam
1716 1672 1872 1741 sequentur

1084 1779 1181 1826 omnes
1202 1764 1338 1825 Canomci
1353 1762 1548 1843 Neapolitani,
1562 1773 1592 1825 at
1613 1763 1869 1843 Archiapiscopus,

1083 1860 1202 1945 piratas
1223 1876 1365 1945 utsupra
1386 1865 1519 1926 diximus.

1126 1964 1255 2045 legana
1288 1984 1356 2027 cum
1387 1965 1467 2045 Rege
1498 1966 1661 2027 asinistris
1681 1968 1737 2027 sub
1769 1965 1872 2027 balda·

1084 2068 1191 2129 abinoe
1353 2057 1356 2062 ’
1659 2127 1660 2131 ,

1126 2169 1190 2231 Dan
1221 2168 1388 2229 Fridesicus
1409 2169 1443 2230 da
1477 2169 1626 2249 tragonis
1647 2170 1739 2230 irater
1768 2168 1874 2248 Regis,
1916 2152 1919 2158 ’

1083 2271 1243 2332 asinlstris
1269 2270 1376 2330 babens
1409 2266 1571 2331 Oratorem
1598 2268 1686 2349 Regis
1718 2269 1873 2349 Hispania-

1083 2387 1151 2432 rnm
1168 2403 1206 2419 -
1226 2369 1283 2432 lelii
1297 2370 1420 2449 Regales
1432 2388 1486 2432 suo
1508 2371 1621 2443 cadim,
1636 2371 1742 2450 singuli
1760 2370 1873 2431 balen-

1083 2481 1126 2533 tas
1145 2491 1162 2532 a
1182 2472 1303 2531 sinistris
1318 2468 1457 2532 Oratores
1472 2473 1597 2532 aliorum
1618 2472 1788 2552 Principum
1806 2470 1870 2532 aire

1084 2567 1289 2634 Potantatttum
1311 2572 1341 2631 ln
1361 2571 1445 2632 curia
1460 2571 1548 2651 Regis
1562 2574 1720 2644 existentes,
1734 2584 1774 2646 et,
1788 2570 1870 2633 Ora-

1085 2673 1199 2735 toribus
1218 2671 1440 2744 tlelicientibue,
1459 2673 1535 2733 inter
1557 2690 1587 2734 se
1608 2672 1664 2731 bini
1686 2685 1715 2733 ct
1736 2670 1794 2732 bini
1825 2674 1873 2731 in-

1085 2775 1186 2837 cedam
1201 2774 1322 2854 praelati
1337 2789 1405 2832 aum
1427 2769 1540 2851 Legata
1561 2772 1722 2842 vestientes,
1742 2771 1873 2850 singulos

1085 2876 1157 2935 alios
1173 2874 1318 2954 praelatos
1337 2871 1365 2931 in
1384 2872 1497 2932 sinistra
1517 2871 1668 2944 habentes,
1683 2870 1768 2932 eiam
1782 2871 1807 2931 si
1823 2871 1873 2933 alii

1085 2975 1208 3056 praelati
1224 3018 1234 3047 ,
1253 2974 1317 3034 aliis
1339 2973 1506 3052 nigriores,
1527 2973 1572 3034 rel
1599 2974 1724 3035 seniores
1750 2972 1873 3033 existam

1083 3076 1167 3157 juxta
1194 3075 1326 3136 ordinem
1357 3075 1549 3154 promotionis
1569 3091 1696 3146 aarum,
1718 3090 1792 3151 quae
1817 3092 1874 3153 ego

1087 3187 1175 3255 prout
1198 3191 1380 3253 cognovero,
1399 3174 1549 3235 ordinabo.
1571 3174 1719 3236 Praeletoa
1744 3192 1876 3253 ecquan-

1086 3289 1138 3338 tur
1161 3276 1213 3337 alii
1235 3275 1368 3355 Regales.

1131 3376 1267 3437 Sarcniss.
1291 3376 1453 3456 Alpbonsus
1472 3375 1586 3437 Siciliae
1606 3372 1876 3446 statuminum·

1087 3490 1136 3539 cto
1156 3479 1284 3538 adventu
1304 3476 1377 3537 Rev.
1395 3477 1430 3536 Ι).
1447 3475 1610 3539 Cardinalis
1631 3473 1739 3535 Montis
1757 3472 1877 3552 Regalis

1087 3581 1125 3640 ad
1147 3580 1243 3660 ipsum
1265 3577 1461 3640 coronandum
1492 3586 1573 3648 etc,
1610 3576 1661 3654 qui
1694 3572 1811 3637 recessit
1840 3592 1875 3636 ee

1089 3679 1171 3743 Urbe
1201 3675 1342 3755 dicimis
1364 3694 1463 3739 xxun.
1485 3677 1585 3755 aprilis
1605 3677 1773 3755 praesentis,
1792 3689 1879 3737 eunt-

1090 3780 1156 3840 tlem
1178 3779 1254 3840 Rae.
1272 3778 1307 3837 l).
1326 3776 1469 3857 Legatum
1493 3777 1672 3838 convenienti
1695 3776 1805 3837 honore
1827 3795 1878 3835 re·

1090 3881 1187 3959 cipere
1212 3879 1330 3949 volem,
1350 3878 1466 3938 obviam
1487 3876 1513 3935 ei
1535 3875 1613 3935 taisit
1631 3875 1799 3953 magnificos
1814 3875 1878 3937 Do-

1089 3979 1184 4037 minos
1211 3977 1371 4037 lobennem
1392 3976 1581 4036 Thomasiam
1602 3975 1715 4036 Caraffa
1742 3976 1878 4036 comitata

1090 4077 1247 4150 Mataloni,
1262 4087 1290 4137 et
1307 4076 1498 4137 Francisaum
1514 4074 1660 4136 'l'urolum
1679 4074 1725 4158 (l)
1743 4077 1877 4138 comitem

1091 4179 1240 4251 biontorii,
1261 4178 1311 4256 qul
1332 4177 1426 4257 ipsum
1444 4175 1589 4255 legatum
1610 4178 1637 4237 in
1654 4176 1770 4238 civitate
1785 4174 1878 4237 Sues·

1089 4298 1157 4341 sana
1180 4279 1378 4350 bonorarent;
1398 4289 1464 4358 post
1484 4278 1548 4337 illos
1571 4276 1608 4336 R.
1630 4278 1658 4338 in
1678 4275 1796 4338 Cbristo
1817 4276 1878 4336 Fa·

1091 4393 1167 4441 trem
1188 4380 1224 4439 l).
1247 4378 1427 4459 Alpbonsum
1446 4377 1481 4438 de
1499 4377 1645 4456 Aragonia
1663 4389 1795 4457 nepotem
1816 4375 1879 4438 Ra-

1089 4482 1135 4561 gls
1155 4481 1207 4558 qui
1240 4479 1350 4539 dietum
1372 4476 1564 4557 [egatumin
1596 4478 1714 4540 civitate
1740 4477 1877 4558 Capuam

1090 4584 1251 4662 reciperent
1277 4580 1386 4640 bonore
1408 4578 1502 4639 debito
1520 4623 1529 4651 ‚
1550 4579 1713 4641 successies
1743 4578 1790 4639 lli.
1810 4578 1876 4642 Don

1089 4682 1273 4743 Fridericum
1292 4679 1326 4740 de
1343 4678 1488 4758 Aragonia
1506 4679 1628 4741 fratrem
1647 4679 1878 4753 suum,1'riaei-

1090 4803 1154 4864 pem
1175 4784 1345 4844 Altamuree
1362 4792 1417 4842 etc.
1440 4780 1534 4861 Regni
1551 4780 1764 4855 admirandum,
1784 4780 1877 4843 Rerv.

1089 4884 1258 4949 incertam
1279 4883 1380 4944 Patres
1402 4881 1543 4944 Dominae
1576 4882 1758 4944 vincentium
1778 4880 1875 4943 Ache·

1091 4984 1261 5055 reatinum,
1282 4994 1313 5046 et
1337 4980 1533 5045 Alexandrum
1555 4981 1678 5045 Sanctae
1700 4978 1877 5054 Severinae,

1092 5086 1355 5165 Areltiepisaopos,
1387 5084 1536 5145 Natheum
1558 5082 1788 5153 Gravinensem,
1811 5080 1879 5141 Sci-

1091 5190 1202 5268 pionem
1224 5188 1454 5250 'l'ricaricenscm
1475 5186 1643 5266 episcopos,
1661 5193 1690 5245 et
1709 5180 1877 5262 magnificos

1090 5290 1153 5349 Di).
1177 5288 1336 5351 iohannem
1358 5288 1394 5349 de
1414 5287 1524 5348 Gulara
1545 5286 1686 5348 Comitem
1708 5283 1877 5357 Potentiae,

1091 5390 1230 5453 Carolurn
1253 5390 1419 5450 Pannonem
1440 5389 1583 5450 Comitem
1600 5386 1741 5449 Venafrae
1759 5430 1767 5457 ,
1786 5383 1880 5464 bloy-

1090 5494 1166 5552 sium
1184 5491 1219 5553 de
1237 5489 1376 5553 Gisualdo
1393 5490 1535 5552 Comitem
1557 5489 1738 5560 Consanum,
1754 5498 1784 5548 et
1798 5486 1877 5546 Tra·

237 5696 359 5760 Ordinis
370 5698 607 5759 Humtltatorum.
624 5693 798 5763 -Fratres
817 5699 943 5761 &natae
955 5694 1021 5758 lla·
1055 5679 1060 5764 Ι
1132 5716 1167 5778 (t)
1183 5716 1239 5766 ntro
1255 5711 1483 5765 connumerem.
