4492 6859
361 756 476 832 msuais3
491 754 593 817 martis
607 770 665 815 xn.
680 750 809 829 ianuarii
829 763 896 813 ante
916 748 1071 829 prandium
1086 746 1151 811 Ur·
1180 744 1185 777 ¹

362 860 452 929 ainus,
468 856 545 936 jovis
563 873 631 917 xrs.
651 852 779 932 januarii
808 863 875 915 ante
896 852 1050 932 prandium
1072 849 1152 909 San·

362 960 403 1020 eli
421 957 566 1029 Severini,
576 966 642 1036 post
658 955 812 1035 prandium
834 954 934 1015 &neti
946 951 1059 1033 dnqeli.
1080 948 1153 1009 Sin·
1182 995 1187 1016 ,

364 1058 441 1140 gulia
474 1057 518 1117 bis
538 1054 742 1117 cardinalibus
777 1053 986 1124 uenientibus,
1020 1050 1154 1114 Senensis

363 1158 442 1220 veuit
462 1156 580 1219 obviam
613 1155 673 1218 sine
692 1152 849 1228 rocbetto,
871 1154 1043 1217 mantellum
1062 1151 1154 1214 breve

363 1276 456 1338 supra
478 1267 586 1319 restem
597 1255 715 1328 babens,
734 1274 824 1333 usque
838 1253 875 1314 ad
890 1252 976 1315 duem
990 1254 1154 1325 scalarum,

364 1357 417 1417 ubi
437 1355 605 1419 cardimles
620 1353 831 1416 descendebant
850 1372 885 1415 es
909 1354 1014 1432 equis,
1034 1364 1064 1414 et
1082 1352 1153 1413 illuc

364 1474 413 1519 eos
434 1457 463 1517 iu
488 1473 604 1518 recessu
636 1453 828 1518 reassociarit.
860 1452 1028 1517 cardinales
1055 1470 1154 1515 omues

364 1559 551 1620 retinuerunt
584 1576 690 1638 cappas
713 1574 780 1617 sum
798 1601 807 1629 ,
828 1573 900 1635 quas
922 1573 978 1617 non
999 1565 1154 1630 muerunt,

365 1656 485 1738 dempta
507 1659 570 1720 solo
590 1657 743 1719 cardinale
763 1655 865 1718 Sancti
891 1657 1014 1736 dnqu,
1035 1656 1086 1735 qui
1106 1655 1155 1716 di·

363 1759 443 1819 misit
465 1774 586 1838 cappam
617 1774 701 1817 suam
722 1757 938 1838 quamprimum
958 1773 994 1816 ex
1009 1773 1086 1835 equo
1099 1755 1155 1818 de·

367 1858 503 1933 scandit,
532 1866 562 1919 et
591 1856 694 1919 ibidem
717 1858 923 1936 inaquosam
946 1858 1155 1938 reassumpsit,

366 1969 481 2039 praeter
526 1957 631 2021 bonam
665 1956 911 2021 consuetudinem
947 1956 1041 2036 tingis
1078 1958 1153 2021 enim

364 2215 437 2267 rium
454 2216 492 2266 sio
508 2214 689 2278 subscriptum
706 2216 826 2266 mittatur
841 2216 949 2266 Romam
965 2214 1153 2266 adoratorem

362 2300 501 2348 nostrums
517 2308 548 2343 ac
563 2297 588 2344 ei
604 2297 785 2346 committatur
801 2294 873 2358 quod
893 2295 1006 2358 idipsum
1029 2296 1155 2348 ostendat

362 2377 391 2426 et
409 2372 623 2424 monstrubit.
641 2374 672 2426 n.
689 2376 717 2424 el
733 2374 791 2423 eltis
812 2374 874 2423 tier.
891 2371 1097 2432 cardinalibus,
1125 2377 1154 2424 ut

365 2453 444 2515 plene
455 2456 616 2514 cognoscant
627 2461 809 2503 rotuarsrarr
825 2463 860 2502 ar
879 2461 1067 2503 tarsartousss
1078 2451 1154 2515 laius

363 2529 518 2593 reipublicae
534 2542 612 2591 super
626 2529 674 2579 buc
691 2542 735 2580 re:
753 2531 779 2580 ln
790 2532 887 2581 ceteris
905 2535 991 2582 autam
1008 2532 1152 2594 propositis

368 2608 532 2660 confirmavit
548 2607 648 2658 dictum
664 2611 691 2658 et
707 2609 843 2659 consilium
856 2610 1039 2661 consultorum
1051 2609 1155 2673 praedi·

365 2692 476 2740 ntorum.

406 2765 434 2817 ln
460 2764 684 2817 confirmationem
712 2766 788 2829 cujus
811 2766 917 2829 quidem
935 2766 1054 2826 consilii,
1081 2766 1154 2819 neto

364 2849 391 2896 et
404 2845 548 2896 commisso
565 2845 676 2895 solemni
693 2848 720 2895 et
736 2845 852 2907 diligenti
869 2846 967 2908 partito
983 2858 1032 2909 per
1051 2845 1153 2898 dictum

365 2922 469 2974 Petram
485 2923 576 2984 adpeti
592 2922 708 2973 Priorem
725 2924 842 2974 Priorum
860 2935 919 2974 cum
935 2936 1068 2976 consensu
1090 2936 1155 2989 prs·

361 3004 452 3056 sentia
469 3006 495 3053 et
511 3004 648 3052 voluntale
664 3002 812 3053 deliberata
829 3014 937 3054 suorum
949 3004 1109 3065 collegarum
1126 3007 1154 3056 et

365 3083 549 3146 regenatorum
570 3114 672 3131 .....
690 3087 717 3132 et
736 3083 845 3133 coasilia
871 3082 975 3135 reddita
996 3097 1045 3146 per
1068 3083 1154 3138 motos

364 3160 435 3212 dom.
451 3160 614 3211 beonardum
624 3158 861 3212 aldomloannem
869 3159 1040 3214 Consultcres
1050 3163 1154 3226 praedi.

367 3244 425 3294 ctos
439 3242 472 3292 ad
484 3240 560 3302 lebas
576 3241 664 3305 nigrae
681 3241 723 3292 det
740 3243 777 3292 sic
793 3246 820 3292 et
832 3241 865 3292 ad
877 3243 951 3293 lebas
964 3243 1038 3294 albas
1050 3245 1091 3295 del
1102 3257 1154 3295 nou

366 3321 511 3372 meandum
539 3321 650 3371 lormam
672 3324 830 3374 statutorum
851 3323 975 3375 &munis
992 3324 1079 3383 Firmi,
1103 3325 1154 3375 boe

366 3405 408 3452 ast
425 3401 496 3463 quod
511 3401 672 3465 quicumque
688 3402 745 3452 sall
761 3405 788 3453 et
804 3402 855 3453 sibl
875 3405 962 3465 placet
979 3404 1090 3455 consilia
1110 3405 1156 3455 ui·

367 3483 472 3532 ciorum
498 3479 625 3534 leonardi
641 3485 668 3532 et
684 3480 785 3532 Domini
796 3481 835 3533 lo.
847 3481 1032 3534 Consultorum
1050 3485 1154 3545 praedi·

365 3565 478 3620 ciorum,
495 3560 589 3611 reddat
605 3565 632 3610 et
650 3562 736 3612 mittat
752 3562 811 3619 ejus
834 3562 920 3614 labam
937 3564 1037 3627 nigram
1053 3563 1096 3615 del
1113 3568 1154 3615 stc

368 3637 396 3688 in
417 3638 543 3697 bassulae
559 3640 679 3690 solentes
705 3652 769 3690 vero
785 3644 966 3701 contrarium,
989 3644 1100 3695 reddant
1128 3650 1154 3696 el

370 3719 475 3769 miltant
497 3731 588 3770 corum
613 3718 689 3770 lebas
708 3718 783 3770 albas
805 3719 848 3770 del
874 3734 932 3772 eos.
955 3722 1065 3774 iiussola
1092 3724 1154 3776 lade

369 3795 440 3848 datis
456 3799 483 3847 el
500 3798 648 3849 recollectis
663 3798 732 3850 tabis
748 3812 797 3862 per
812 3799 966 3854 domicellos
988 3802 1154 3854 dominorum

367 3874 485 3930 Priorum
502 3878 592 3940 populi
608 3878 786 3941 praelatorum
803 3883 830 3930 et
846 3879 951 3932 demum
968 3893 1070 3944 parma
1090 3884 1155 3936 Uel·

369 3955 485 4006 sbioreru
511 3956 698 4008 cancellarium
722 3961 750 4008 et
773 3960 904 4010 scuriam
921 3960 986 4012 slsis
1010 3952 1155 4014 numanatis

369 4047 450 4098 super
466 4035 580 4099 quodam
597 4035 674 4088 bacili
690 4036 725 4087 de
741 4046 858 4095 octono,
871 4039 968 4101 placuit
990 4043 1154 4105 septuaginta

368 4127 464 4165 norem
482 4115 638 4166 consiliariis
655 4117 681 4165 in
696 4116 768 4167 dicto
783 4118 894 4169 oonsilio
905 4120 1082 4171 existentibus
1094 4121 1154 4172 red·

365 4192 430 4245 dare
454 4208 547 4246 aarum
571 4194 648 4246 labae
667 4196 756 4259 nigras
778 4196 823 4248 del
847 4198 902 4248 sice
917 4204 944 4249 el
960 4200 999 4249 sio
1015 4201 1083 4251 ricta
1106 4200 1156 4251 ob·

366 4275 439 4324 lenta
468 4274 615 4338 approbata
639 4278 666 4325 at
693 4274 834 4326 reformata
859 4279 1005 4329 extiterunt
1031 4280 1102 4331 dicta
1127 4286 1155 4331 et

366 4352 477 4404 consilia
494 4354 596 4405 reddita
616 4365 665 4415 per
681 4354 766 4406 dictos
782 4353 819 4405 lo.
836 4354 1019 4416 leonardum,
1033 4362 1060 4408 el
1081 4359 1153 4410 dom.

366 4429 406 4481 lo.
418 4433 544 4484 deaceae
560 4433 727 4483 consultores
743 4432 893 4496 praedictos
909 4436 934 4484 in
951 4439 978 4485 et
995 4441 1154 4500 superactis

369 4509 524 4561 deliberatis
549 4515 576 4562 at
600 4512 762 4574 propositis,
783 4524 837 4563 noa
860 4513 1029 4565 obstantibus
1050 4516 1154 4569 duabus

361 4588 433 4640 labis
450 4588 517 4640 albis
533 4590 575 4641 del
592 4604 654 4642 aas.

407 4669 439 4720 tit
466 4671 502 4720 its
525 4682 617 4721 omnes
640 4671 766 4723 nominati
792 4672 866 4723 ciras
884 4673 917 4724 de
933 4674 1049 4727 concilio
1073 4676 1153 4739 bajas

365 4748 484 4800 civitatis
496 4751 655 4812 iuraverunt
671 4750 705 4801 ad
720 4752 814 4802 Sancta
836 4750 882 4802 Dsl
901 4752 1051 4818 Evangelia,
1069 4757 1154 4806 mani·

367 4828 418 4881 bus
434 4832 512 4881 tactis
528 4830 678 4891 scripturis,
694 4831 829 4893 praedicta
846 4834 931 4883 omnia
948 4838 975 4884 et
992 4836 1091 4897 singula
1109 4836 1154 4886 cb·

366 4915 511 4963 servarent
522 4911 666 4975 adimplere
682 4915 710 4961 et
726 4924 858 4974 nunquam
874 4912 908 4962 ab
925 4914 975 4963 boc
992 4916 1096 4977 incepto
1106 4927 1153 4967 seu

365 4990 481 5054 impresa
509 4990 641 5042 desistere
669 4990 814 5042 secundum
837 4996 955 5044 tenorem
973 4992 1036 5043 dicti
1051 4995 1153 5047 decreti

364 5076 393 5122 et
408 5072 638 5123 deliberationum.
657 5070 688 5122 lit
704 5083 733 5121 se
750 5072 831 5121 scribi
849 5073 1007 5123 mandarunt
1027 5095 1047 5119 ·.

405 5152 572 5214 (Sequuntur
588 5154 693 5202 nomina
714 5152 814 5203 Civium
832 5155 857 5203 in
875 5153 947 5204 dicto
963 5153 1078 5204 Consilio
1097 5157 1154 5206 exi·

364 5232 489 5279 stenlium
508 5244 577 5281 num.
592 5230 718 5283 amn.
736 5234 780 5295 qni
793 5233 953 5295 iuraverunt
973 5238 1000 5284 et
1022 5247 1051 5286 ss
1072 5236 1152 5288 scribi

367 5306 499 5359 lacerante
517 5311 641 5360 videlicet
659 5312 730 5373 etc.)

405 5387 479 5449 (inde
490 5393 638 5452 sequuntur
654 5393 759 5442 uomina
775 5391 875 5442 Civium
887 5391 973 5443 xblll.
992 5395 1152 5445 venientium

365 5470 427 5527 post
436 5469 623 5519 resolutionem
633 5471 676 5531 qui
683 5471 879 5532 iuraveruntet
887 5483 916 5523 se
925 5472 1005 5523 scribi
1013 5474 1154 5527 laceranti.

407 5544 478 5596 llaec
501 5554 670 5599 monumenta
694 5555 768 5602 certe
791 5551 906 5615 losepbo
929 5550 1045 5602 Catalanl
1066 5554 1153 5616 ignota

369 5638 431 5677 cum
448 5626 482 5678 de
498 5628 617 5680 Ecclesia
633 5629 772 5690 Firmaaa,
787 5630 821 5681 ad
838 5630 1013 5693 supplendum
1024 5636 1051 5681 st
1066 5632 1152 5682 corri-
1170 5636 1172 5640 ’

368 5710 483 5776 gendum
505 5706 666 5771 cabellian,
682 5709 799 5771 scripslte
815 5719 875 5760 nara
893 5710 933 5762 rir
956 5723 1021 5762 sans
1036 5710 1149 5773 doctus,

834 608 1121 677 contuleritis
1139 603 1364 670 mimici
1384 605 1513 671 Sfflb

1904 608 2015 694 (isos)

1217 744 1374 814 asnaenlre
1399 745 1538 818 ridetur,
1570 744 1650 823 quod
1679 744 1708 806 ln
1731 742 1909 823 bajusmadi
1942 751 2013 810 risi·

1219 846 1328 908 tetione
1364 856 1487 925 propter
1528 847 1664 920 luctum,
1700 846 1872 910 cardinales
1907 867 2013 929 cappas

1219 964 1277 1008 nou
1314 946 1500 1028 deponerem.
1540 945 1698 1009 Videbatur
1733 950 1823 1010 dmm
1867 950 2014 1029 aliquibus

1220 1046 1376 1109 eoncenlre
1408 1047 1486 1126 quod
1517 1046 1650 1108 Senensis
1678 1048 1816 1110 visitatus
1842 1048 2012 1114 cardinales

1220 1165 1277 1209 non
1299 1147 1451 1228 reciperet,
1473 1165 1565 1227 neque
1587 1147 1751 1212 recedentes
1771 1151 1945 1225 associaret,
1965 1154 2012 1214 sed

1222 1247 1252 1310 ln
1274 1268 1391 1311 camera
1411 1267 1464 1310 sua
1482 1261 1674 1329 permaneret:
1694 1250 1744 1314 sed
1764 1252 1877 1331 placuit
1898 1251 1937 1313 it.
1952 1253 2012 1315 Do-

1222 1347 1371 1411 minationi
1393 1349 1471 1411 Suae
1492 1351 1638 1412 venientes
1655 1353 1785 1432 recipere
1803 1362 1833 1415 at
1849 1353 2013 1415 recedentes

1220 1451 1363 1511 associare
1381 1449 1467 1511 modo
1482 1450 1641 1530 praedicto,
1655 1451 1733 1532 quod
1752 1471 1817 1514 rnen
1829 1449 1948 1530 judicio
1958 1454 2013 1515 luit

1222 1550 1316 1631 magis
1337 1549 1503 1624 laudabile,
1524 1561 1633 1612 attento
1654 1552 1734 1631 quod
1754 1556 1886 1616 naturali
1921 1568 2014 1617 morte

1221 1648 1293 1709 obiit
1311 1648 1414 1724 fratcre
1435 1669 1518 1713 secus
1538 1651 1655 1729 quando
1674 1664 1719 1714 est
1734 1672 1769 1714 ex
1783 1654 1971 1727 didurtunio,
1988 1668 2015 1717 et

1220 1749 1339 1811 sinistro
1358 1762 1464 1811 erman
1490 1753 1554 1829 quis
1573 1753 1755 1826 moriretur,
1775 1756 1845 1834 quia
1877 1766 1952 1816 tune
1980 1757 2016 1815 ab

1222 1846 1364 1926 majorem
1385 1851 1499 1912 laetum
1521 1852 1742 1930 ostendendum,
1763 1868 1862 1938 posset
1882 1858 2018 1918 visitatus

1222 1950 1251 2012 in
1273 1969 1389 2014 camera
1408 1971 1461 2014 sua
1483 1973 1662 2034 permanere.

1222 2205 1342 2268 inspecto
1359 2204 1499 2268 diligenter
1515 2206 1654 2258 Tabalario
1667 2208 1813 2271 episcopali
1841 2212 1870 2260 el
1887 2209 1951 2259 aliis
1971 2223 2016 2260 ec·

1222 2284 1380 2336 clesiastlcis
1403 2285 1537 2336 llicecesis
1554 2286 1746 2344 illustrandae,
1761 2288 1787 2337 ia
1804 2287 1884 2338 libris
1901 2290 2019 2339 cernita-

1223 2375 1281 2413 rum
1297 2363 1441 2427 quidquam
1459 2364 1493 2414 ad
1509 2377 1575 2426 opus
1593 2378 1670 2416 suum
1686 2366 1824 2416 ditandum
1843 2377 1874 2416 se
1891 2368 2017 2418 tarentu-

1221 2454 1280 2492 rum
1297 2455 1349 2492 non
1366 2444 1478 2505 putarit.
1493 2441 1627 2507 Quidquid
1637 2445 1686 2503 sit,
1701 2457 1772 2496 nunc
1788 2447 1930 2498 exaltatis
1946 2448 2017 2498 iudu-

1222 2520 1294 2572 bium
1312 2526 1353 2573 est
1369 2520 1514 2573 lobaanem
1530 2523 1677 2587 baptistam
1693 2523 1842 2588 Caprauica
1857 2527 2013 2589 episcopum

1221 2599 1369 2653 firmanum
1387 2603 1473 2654 rtrum
1489 2602 1575 2654 luisse
1595 2604 1790 2666 perditissimae
1806 2604 1902 2666 vitree
1928 2618 2016 2657 secum

1221 2680 1347 2731 babuisse
1364 2680 1491 2732 iamitiam
1511 2683 1586 2734 malis
1603 2683 1767 2734 iecinoribus
1782 2685 1937 2748 insignem
1953 2688 2016 2737 ciri·

1223 2765 1304 2813 tatem
1320 2762 1466 2814 Firmsuam
1483 2765 1509 2813 in
1521 2767 1607 2826 ipsam
1624 2767 1651 2815 et
1663 2777 1727 2815 suos
1738 2766 1936 2825 insurrexissee
1952 2766 2015 2817 Pna-

1223 2838 1319 2890 illicem
1343 2841 1496 2901 liemarum,
1513 2841 1639 2893 Firmanis
1661 2844 1887 2906 inclamantibus,
1901 2858 1965 2897 eum
1982 2860 2013 2898 ex

1223 2916 1286 2969 aede
1312 2930 1361 2970 sua
1386 2920 1493 2971 bamam
1519 2934 1647 2981 vocasse,
1673 2921 1811 2974 Cardinaie
1839 2924 1955 2975 senemi
1988 2928 2011 2975 ia

1222 2997 1469 3051 administratorem
1486 3000 1613 3061 auliectos
1630 3005 1691 3065 post
1717 3002 1824 3065 aliquod
1842 3008 1954 3068 tempus
1969 3007 2013 3055 ite·

1221 3091 1280 3129 rum
1305 3081 1421 3131 Firmum
1445 3093 1474 3130 se
1499 3082 1644 3132 contulisse
1661 3085 1688 3132 et
1711 3084 1867 3135 aecclesiis
1895 3086 2012 3137 moribus

1223 3172 1275 3210 non
1292 3159 1441 3219 deiecisse,
1458 3160 1564 3212 demum
1582 3164 1607 3212 in
1618 3162 1739 3223 dementi
1757 3164 1879 3215 taclnors
1893 3167 1920 3216 ia
1936 3166 2014 3216 domi·

1223 3237 1273 3290 bus
1298 3242 1354 3290 suis
1380 3240 1414 3290 ab
1438 3241 1545 3292 Artamis
1568 3247 1692 3304 ceptum,
1718 3246 1746 3295 ct
1769 3243 1899 3295 lanestris
1930 3247 2013 3309 prole·

1223 3322 1312 3379 ctum,
1324 3320 1402 3370 eitam
1416 3321 1512 3370 malam
1523 3331 1582 3370 cum
1595 3326 1681 3373 morte
1698 3322 1803 3374 lancata
1818 3330 2015 3376 commutasse:

1225 3398 1330 3452 undam
1348 3397 1399 3449 boc
1409 3410 1493 3459 anno,
1509 3400 1584 3449 annis
1595 3399 1643 3450 xit
1659 3414 1693 3452 ex
1705 3407 1791 3453 morte
1807 3402 1939 3466 Episcopi
1955 3416 2014 3455 esa·

1223 3477 1292 3536 ctis,
1319 3478 1389 3528 inter
1413 3477 1525 3529 tamillas
1550 3479 1681 3532 interlecti
1709 3485 1736 3531 et
1759 3482 1965 3535 interlectnrum
1988 3488 2012 3534 et

1223 3559 1357 3610 civitatem
1374 3559 1538 3620 firmanam,
1558 3560 1651 3612 ciliciis
1668 3562 1766 3614 babilla
1783 3563 1954 3615 acardlaals
1968 3564 2013 3615 Se·

1223 3638 1315 3696 nansi.
1330 3638 1498 3688 concordiam
1516 3640 1665 3689 restitutam
1683 3641 1775 3692 luisse.

1264 3715 1303 3766 Ex
1321 3717 1353 3767 iis
1380 3718 1492 3780 aliisque
1517 3722 1692 3771 monumentis
1707 3719 1841 3783 tosepbes
1852 3722 2012 3773 reserarent

1224 3797 1249 3848 in
1275 3795 1363 3850 libello
1383 3796 1439 3859 jam
1455 3801 1536 3849 citato
1562 3799 1662 3851 notizie
1684 3801 1793 3852 storicle
1815 3801 1887 3852 delle
1909 3800 1973 3852 eust
1989 3803 2015 3851 ci

1222 3875 1314 3928 remo
1329 3876 1421 3928 ebone
1436 3876 1463 3925 ia
1478 3879 1630 3939 conpendio
1640 3883 1693 3930 eto.
1710 3894 1769 3943 pag.
1781 3882 1828 3940 ta,
1838 3880 2013 3932 concludebat

1223 3957 1265 4008 bis
1281 3957 1372 4008 verbis
1389 3969 1470 4020 super
1486 3959 1612 4021 regimine
1623 3959 1739 4010 civitatis
1754 3959 1850 4020 Firmi,
1865 3959 2013 4011 decedente

1223 4038 1330 4087 saeculo
1346 4036 1399 4089 xv.
1418 4058 1430 4081 .
1447 4036 1482 4087 ba
1505 4038 1567 4088 cittl
1584 4051 1630 4089 era
1649 4037 1809 4090 tiberisatma
1833 4041 1879 4090 net
1905 4052 1955 4090 sno
1971 4053 2013 4103 go·

1224 4125 1316 4174 esraa.
1332 4116 1355 4166 sl
1373 4128 1487 4178 rsqgave
1503 4118 1571 4168 colla
1588 4118 1697 4179 proprie
1714 4130 1762 4168 soe
1780 4118 1858 4180 legal,
1874 4131 1960 4169 avesa
1972 4120 2013 4169 ael

1196 4191 1198 4197 '
1222 4206 1271 4245 auo
1288 4207 1351 4257 aran
1366 4195 1493 4257 coualglio
1510 4196 1518 4245 t
1534 4195 1608 4247 dritti
1620 4199 1681 4247 tutti
1697 4194 1725 4246 di
1743 4208 1846 4247 meroe
1863 4200 1946 4248 misto
1962 4200 2012 4248 tm·

1222 4274 1339 4335 perime
1355 4277 1491 4325 tautoera
1516 4274 1601 4326 libera
1617 4274 1686 4325 nelle
1702 4276 1822 4326 ateeione
1845 4275 1893 4327 det
1911 4278 2012 4340 proprii

1224 4352 1380 4413 magistrati,
1397 4352 1447 4404 cbe
1463 4353 1485 4403 sl
1502 4364 1667 4405 conservabo
1696 4355 1834 4405 ancorale
1851 4355 1950 4407 lettera
1966 4368 2013 4406 coa

1223 4431 1264 4480 cui
1281 4429 1324 4481 Pio
1340 4429 1374 4490 tl,
1391 4429 1500 4482 Paolnll
1517 4432 1690 4483 alnaoceuao
1701 4431 2012 4484 Vlliraccamandaaauo

1222 4510 1248 4560 al
1265 4512 1358 4561 nostro
1380 4510 1496 4562 comune
1519 4512 1596 4562 alcun
1620 4512 1730 4564 disliuto
1754 4514 1934 4576 personaqgto
1951 4525 2012 4576 pre·

1221 4588 1308 4653 gando
1325 4590 1374 4640 ebs
1391 4590 1553 4641 lassaeletto
1571 4591 1597 4641 tu
1609 4589 1728 4641 Podestd.
1747 4590 1974 4643 moneatisslme
1989 4595 2012 4641 ai

1221 4669 1343 4721 Fermani
1359 4684 1408 4721 son
1425 4672 1533 4735 purete
1545 4672 1747 4723 testimonianze
1762 4670 1789 4721 d’
1797 4668 1949 4722 innocense
1960 4669 2012 4721 thl

1222 4763 1272 4813 per
1288 4750 1385 4813 l'ajuto
1401 4749 1434 4801 da
1448 4751 1505 4800 toro
1522 4755 1641 4813 prestato
1652 4751 1705 4802 alta
1720 4750 1744 4800 S.
1756 4749 1823 4801 Sede
1840 4756 1938 4802 contro
1949 4752 2013 4802 bac·

1221 4832 1308 4881 cotiae
1325 4829 1484 4882 de'Garaoai
1500 4829 1549 4880 cbe
1560 4833 1667 4881 uotaas
1682 4829 1710 4880 di
1725 4830 1775 4880 dar
1785 4830 1877 4881 osimn
1894 4831 1921 4881 in
1933 4843 2010 4881 maso

1221 4909 1248 4960 dt
1264 4910 1373 4971 balazei
1388 4910 1432 4960 net
1449 4911 1527 4968 itai,
1543 4922 1558 4959 c
1574 4922 1623 4972 per
1640 4910 1665 4959 la
1680 4922 1760 4973 presa
1779 4909 1804 4957 di
1815 4908 1905 4961 Mona
1920 4909 2011 4961 littero

1221 4988 1271 5040 oba
1287 4988 1322 5040 da
1339 4989 1372 5040 lui
1390 4990 1414 5039 at
1429 4988 1537 5039 Sullam
1558 5001 1604 5038 era
1621 4989 1725 5052 apedito
1742 4988 1938 5040 ambasciatore
1957 5010 1978 5036 s.

1262 5068 1338 5129 Quod
1354 5068 1387 5117 de
1404 5068 1522 5119 Firmaua
1540 5070 1650 5120 civitate
1667 5082 1701 5119 ex
1718 5068 1835 5120 lontibus
1851 5068 2011 5120 solbsnticls

1222 5147 1326 5207 altatis,
1348 5146 1532 5208 adfirmatum,
1557 5148 1627 5199 idem
1651 5152 1707 5198 tera
1723 5148 1865 5199 dicendum
1891 5148 1926 5199 ds
1952 5150 2008 5198 attis

1221 5226 1422 5290 quamplurimis
1438 5228 1559 5288 eiusdem
1575 5229 1644 5278 aevis
1661 5229 1694 5278 ad
1710 5240 1780 5290 quae
1790 5229 1910 5279 animum
1926 5229 2010 5279 babe-

1220 5305 1269 5357 bat
1282 5305 1324 5358 SS.
1342 5305 1371 5356 b.
1388 5307 1420 5359 N.
1438 5306 1499 5357 Plus
1523 5306 1592 5370 Papa
1608 5308 1662 5364 ill,
1679 5311 1723 5370 qui
1753 5307 1888 5358 Ecclesiae
1911 5308 2011 5371 gaber·

1220 5389 1313 5438 nacula
1329 5388 1407 5450 repit,
1422 5399 1482 5437 cnm
1494 5386 1583 5450 siebat
1600 5386 1730 5438 ·aaoero
1747 5388 1773 5437 in
1786 5388 1877 5438 antico
1894 5387 1903 5437 t
1921 5388 2009 5441 Nostri

1221 5466 1331 5519 Comuoi
1347 5469 1365 5519 il
1382 5468 1520 5531 privilegio
1536 5466 1564 5518 di
1574 5468 1729 5530 governsrsi
1742 5480 1791 5518 con
1803 5466 1869 5531 tepet
1882 5471 1968 5520 scelte
1977 5470 2009 5520 da

1221 5548 1278 5599 toro
1296 5546 1451 5605 madasimi,
1468 5551 1539 5598 sotto
1556 5548 1580 5599 la
1597 5548 1722 5598 censione
1738 5560 1854 5598 sorrana
1870 5568 1882 5590 ·
1898 5547 2010 5612 (bueo

1219 5624 1404 5771 §onomate
1432 5626 1473 5689 pel
1500 5639 1613 5691 emerso
1639 5627 1778 5689 umbonis
1802 5627 1872 5692 deptt
1898 5629 1963 5681 stati
1986 5627 2013 5678 dt

1241 5708 1302 5761 .(lt
1339 5720 1385 5757 a.
1872 5735 1880 5751 .
