4492 6859
351 627 414 689 otu

354 763 383 823 in
405 761 519 825 nomine
541 758 649 834 Patris,
670 767 700 819 et
718 757 784 819 Filii
803 766 833 818 et
852 756 981 836 Spiritus
1002 753 1145 815 Sanctis:

353 872 384 925 et
403 862 474 922 nibil
498 861 672 941 excipiebat:
695 860 772 920 unde
794 857 875 918 nobis
896 855 1021 927 duobus,
1042 852 1147 916 videli-

354 972 400 1024 cet
420 961 456 1020 D.
478 961 645 1041 Stephano,
664 969 695 1019 et
715 977 762 1018 me
794 975 894 1018 coram
928 954 963 1014 D.
997 954 1090 1014 Paulo
1112 953 1147 1013 da

354 1062 480 1124 Castello
512 1062 664 1121 literarum
697 1058 933 1136 Apostolicorum
969 1054 1004 1114 dc
1036 1050 1147 1128 mojori

354 1163 545 1242 praesidentia
559 1159 781 1229 abbreviatore,
792 1175 880 1236 super
896 1152 1062 1232 hujusmodi
1076 1171 1148 1214 vcr-

352 1261 396 1322 bis
418 1260 653 1341 disputantibus,
674 1276 720 1319 me
743 1258 878 1328 dicente,
900 1256 977 1334 quod
1005 1258 1034 1315 in
1067 1253 1146 1314 bulla

354 1373 482 1442 excepto,
497 1359 584 1421 etiam
600 1359 720 1420 debeant
741 1359 769 1417 in
789 1358 960 1417 investitura
982 1353 1098 1434 excipi,
1118 1364 1148 1413 et

354 1460 404 1521 illo
426 1458 633 1538 respondente,
656 1459 733 1535 quod
754 1456 912 1517 consiliarii
932 1454 1022 1533 Regis
1044 1455 1147 1513 volunt

354 1560 557 1619 investituram
580 1576 631 1637 per
652 1574 705 1616 suo
726 1557 838 1628 verba,
860 1555 991 1615 videlicet
1018 1553 1147 1632 proxime

355 1664 449 1740 posito
470 1669 604 1731 tantum,
625 1656 688 1717 lieri
710 1657 826 1716 tandem
848 1654 1089 1716 concordavimus
1109 1651 1147 1711 od

359 1761 485 1821 sormam
513 1760 647 1839 superius
678 1760 708 1819 io
740 1758 918 1819 ordinatione
952 1755 1146 1815 caerimonia-

288 1935 291 1940 ·
354 1878 424 1920 rum
443 1860 567 1939 positam
588 1857 643 1941 (l).

404 1962 466 2021 Rex
487 1960 638 2022 investitus
660 1958 781 2020 tradidit
804 1957 941 2018 vexillum
963 1951 1147 2017 cancellario

354 2062 448 2141 Regni
470 2079 558 2120 nsonu
573 2058 674 2139 Legati
689 2061 741 2119 sibi
763 2069 865 2140 porato
887 2058 961 2117 inter
983 2073 1052 2116 suos
1073 2052 1146 2114 duos

351 2164 497 2244 praelatos
517 2162 701 2233 assistentes,
721 2172 749 2221 et
769 2160 804 2219 D.
822 2158 988 2237 Stephanus
1011 2156 1045 2216 de
1066 2153 1146 2213 tlar-

353 2264 398 2323 nio
421 2263 556 2323 Notarius
574 2261 714 2322 Cunieroc
733 2260 887 2338 requisivit
908 2267 1035 2317 astantes
1056 2253 1085 2313 in
1100 2263 1148 2315 te·

352 2373 410 2425 stes
431 2364 465 2423 de
487 2363 657 2422 investitura
680 2372 736 2421 etc.
758 2372 786 2420 et
820 2359 1002 2420 Procurator
1023 2353 1146 2415 Fisealis

356 2463 445 2542 Regis
459 2462 531 2521 nibil
547 2461 630 2520 dixit.
648 2460 819 2521 Processum
840 2460 897 2519 luit
919 2456 1020 2518 deinde
1041 2455 1076 2514 ad
1093 2473 1147 2515 co·

356 2564 535 2623 ronotionem
558 2560 658 2640 Regis,
680 2570 797 2621 servato
819 2555 920 2620 ordine
941 2558 1075 2637 superius
1087 2597 1096 2627 ,
1117 2567 1147 2616 et

358 2674 392 2724 ut
407 2664 436 2722 in
451 2660 610 2722 Pontificuli
627 2647 727 2741 posito.
739 2660 883 2721 l'errenio
898 2656 1038 2737 usquead
1060 2656 1148 2717 bene·

355 2762 507 2823 dictionem
526 2761 614 2841 Regis
635 2763 663 2821 in
684 2760 968 2839 Laetanio,Legotus
989 2777 1041 2839 per
1063 2755 1148 2815 inad-

355 2865 524 2923 vcrteutiam
547 2862 618 2921 dixit
634 2861 721 2921 bisin
744 2874 812 2922 tono
826 2859 994 2932 Laetaniac,
1016 2868 1050 2917 ut
1065 2856 1147 2916 bunc

355 2964 484 3024 electum
498 2962 532 3022 in
543 2963 655 3043 Reponi
667 2963 881 3022 coronandum
895 2958 1078 3020 benedicere
1094 2955 1150 3015 di-

356 3075 470 3146 gnetur
492 3074 645 3142 propterea
663 3062 826 3141 replicarit,
843 3072 872 3121 et
891 3062 976 3121 tertio
993 3056 1104 3117 addidit
1117 3066 1147 3117 et

357 3184 555 3227 cormecrure:
574 3182 673 3225 omnes
695 3161 860 3234 Orationes,
878 3162 978 3222 etalio
998 3159 1067 3236 legit
1088 3155 1149 3216 Le·

357 3267 446 3345 gatus
466 3265 637 3344 competenti
653 3282 732 3325 voce.
752 3264 842 3324 Facto
859 3259 1070 3322 consecratione
1089 3256 1148 3316 Re·

356 3368 411 3446 gis,
426 3367 496 3426 dum
511 3365 640 3445 Legatos
661 3366 866 3425 consessionem
883 3364 992 3424 laceret
1007 3379 1073 3420 cum
1088 3359 1148 3417 suis

359 3468 510 3539 ministris,
526 3466 657 3525 videlicet
678 3464 806 3524 Diacono
824 3473 854 3523 et
875 3461 1069 3531 subdiacono,
1086 3457 1148 3517 Rex

357 3570 387 3629 in
406 3567 567 3628 faldistorio
584 3584 637 3625 suo
659 3582 727 3624 cum
743 3562 867 3623 scabello
885 3579 988 3622 versus
1001 3560 1037 3618 ad
1055 3576 1147 3619 cornu

360 3668 524 3746 Evangelii,
546 3657 732 3744 geiiussexus,
755 3664 822 3723 lecit
844 3661 1047 3722 contessionem
1079 3676 1147 3719 cum

363 3770 422 3829 suis
444 3768 558 3827 duobus
579 3765 750 3845 cappellanis
772 3760 932 3838 majoribus
946 3762 1079 3839 superius
1095 3777 1149 3818 no·

362 3869 498 3942 minatis,
520 3879 548 3928 ct
570 3868 672 3926 mansit
687 3865 788 3926 ibidem
811 3862 978 3943 genuflexus
997 3876 1149 3937 quousque

361 3970 503 4050 Legatos,
517 3971 661 4030 incensato
672 3970 780 4037 altare,
792 3967 867 4045 apud
880 3963 1084 4032 faldistorium,
1098 3962 1150 4021 lu·

358 4073 480 4133 troitum
494 4115 502 4143 ,
516 4082 545 4131 et
560 4069 716 4148 Epistulam
732 4069 863 4147 legisset,
882 4078 912 4126 et
931 4065 1052 4136 sederet;
1070 4061 1149 4139 quod

357 4173 412 4234 ieci
433 4181 467 4231 ut
487 4188 598 4250 possem
614 4168 687 4247 Regi
704 4168 820 4228 liberius
841 4166 961 4227 servire.
981 4163 1043 4223 Rex
1062 4174 1148 4236 tuuc,

356 4272 438 4332 laetis
460 4271 640 4341 reverentiis,
662 4270 781 4329 introvit
797 4287 879 4329 suam
900 4268 1073 4337 sacristiam,
1097 4264 1149 4324 ubi

355 4372 495 4433 Dominus
530 4371 727 4431 Deruordinus
763 4367 909 4429 Gombara
947 4367 1148 4427 Subdiaeonus

354 4473 537 4552 Apostolieus
559 4473 674 4532 extersit
696 4473 722 4530 in
745 4470 876 4542 brachio,
897 4481 926 4530 et
940 4469 1071 4548 spatulis,
1093 4465 1147 4527 de·

357 4575 447 4654 posito
470 4572 552 4650 prius
574 4583 652 4632 veste
674 4573 759 4650 longa
780 4568 882 4651 (quam
905 4569 1046 4649 Legatus,
1064 4568 1147 4628 dietis

356 4674 478 4733 introitu
489 4682 516 4731 et
529 4670 733 4750 Kyrielepson,
748 4671 778 4729 in
794 4670 953 4730 faldistorio
969 4670 1078 4738 sedens,
1093 4686 1148 4726 on-

358 4782 476 4851 tequam
487 4771 595 4850 Regem
611 4771 638 4829 in
652 4772 813 4831 sacristiam
827 4772 964 4832 ducerem
981 4770 1050 4829 anilii
1066 4770 1148 4830 dixe·

357 4884 405 4935 rot
424 4873 477 4932 sibi
500 4891 534 4933 ex
557 4891 602 4932 me
623 4872 748 4933 lacerem
772 4916 950 4931 .......
967 4881 1027 4945 ,et
1046 4871 1147 4930 donari

357 4985 494 5051 tanquam
516 4974 552 5033 ad
574 4988 804 5036 consecratorem
822 4986 997 5054 spectantem
1017 4994 1051 5035 ex
1067 4975 1146 5057 usu)

358 5086 388 5137 ct
410 5075 472 5135 Rex
492 5075 591 5136 deinde
613 5078 669 5137 olio
693 5086 770 5138 veste
792 5078 826 5137 de
847 5078 975 5138 setonino
996 5080 1082 5156 nigro
1103 5089 1146 5136 est

357 5176 488 5249 indutus,
509 5194 659 5254 guarnano
682 5175 716 5238 de
737 5179 865 5239 setonino
886 5178 1044 5239 cremosino
1060 5180 1146 5255 longa

355 5276 505 5354 usquead
527 5288 635 5337 terram
658 5295 726 5338 curn
748 5279 867 5338 manicis
895 5279 1024 5352 strictis,
1046 5277 1145 5340 deinde

353 5377 508 5450 sandaliis,
530 5389 558 5438 et
576 5422 692 5437 .....
720 5397 807 5459 super
841 5378 948 5458 caligas
980 5378 1077 5458 nigros
1113 5389 1144 5440 et

354 5479 417 5539 aliis
436 5479 589 5555 omnibus,
622 5492 711 5560 prout
731 5483 866 5561 superius
900 5483 928 5542 in
961 5482 1141 5543 ordinatione

392 5701 427 5762 (t)
444 5698 506 5750 llida
523 5714 602 5765 supra
619 5715 677 5766 pag·
697 5704 752 5754 297.

851 617 1136 688 contumetiis
1156 616 1382 683 nautarum
1403 616 1530 683 saxol.

1863 692 1865 696 ¹
1895 619 2004 703 (aion

1213 756 1339 835 positum
1360 767 1417 817 este
1437 765 1467 816 et
1487 761 1599 815 retento
1612 753 1724 814 birreto
1738 753 1826 833 nigro
1848 768 1920 813 eum
1936 771 2003 814 mu-

1214 856 1353 927 nimento,
1370 856 1422 915 ivit
1436 855 1472 914 od
1488 854 1660 915 thalamumr
1676 855 1743 914 item
1759 854 1831 914 dixit
1853 853 1961 914 ibidem
1976 857 2003 917 in

1213 956 1318 1016 sediale
1333 954 1499 1034 genuflexus
1510 972 1577 1013 cum
1589 955 1647 1013 suis
1659 954 1833 1033 cappellanis
1844 950 2004 1030 majoribus

1212 1055 1405 1129 introitum,
1422 1068 1451 1117 et
1465 1057 1521 1116 alia
1538 1074 1619 1116 more
1633 1056 1727 1115 solito.
1744 1054 1863 1117 interim
1878 1054 2004 1133 Legatos

1214 1155 1300 1215 dixit:
1325 1157 1397 1218 Pas·
1413 1158 1502 1218 vobis
1517 1156 1552 1215 od
1568 1157 1658 1217 altore
1674 1174 1777 1216 sersus
1796 1175 1850 1235 per
1868 1157 2004 1218 inadver-

1214 1258 1331 1318 tentiom
1350 1275 1455 1329 suam,
1476 1266 1505 1317 et
1520 1255 1721 1316 ministrorum
1736 1273 1885 1329 suorum3
1901 1268 1931 1317 et
1946 1256 2004 1317 Rex

1213 1374 1282 1416 cum
1304 1358 1466 1417 sacristiam
1482 1369 1553 1418 esset
1568 1357 1712 1428 exiturus,
1732 1356 1768 1415 od
1790 1358 2005 1436 persuasionem

1214 1468 1340 1517 nostram
1362 1457 1437 1518 misit
1458 1466 1566 1517 vestem
1588 1457 1622 1517 de
1643 1456 1781 1518 bruccato
1802 1457 2000 1536 supradictam

1213 1575 1264 1636 per
1280 1575 1371 1616 unum
1385 1576 1420 1617 ex
1433 1558 1524 1636 pogiis
1535 1556 1605 1629 suis,
1617 1574 1668 1635 per
1685 1576 1730 1618 me
1742 1555 1855 1635 Legato
1871 1575 2006 1636 promen·

1213 1659 1342 1732 tondum,
1354 1661 1404 1736 qui
1419 1677 1481 1719 eom
1499 1669 1584 1736 grato
1599 1659 1694 1718 animo
1710 1661 1846 1737 suscepit.
1860 1659 2005 1720 Debebunt

1212 1771 1309 1819 autem
1323 1761 1407 1821 vestis
1422 1758 1602 1836 hujusmodi,
1614 1771 1643 1820 ct
1656 1760 1713 1819 alio
1723 1777 1814 1840 porro
1830 1759 1865 1820 de
1880 1761 2005 1821 setonino

1212 1861 1296 1939 nigro
1318 1861 1465 1932 demissae,
1480 1878 1559 1920 meae
1573 1859 1659 1920 tuisse
1680 1878 1736 1920 non
1753 1858 1881 1939 [egoti3
1905 1860 1956 1919 sed
1974 1880 2005 1922 ex

1214 1961 1385 2023 verecundia
1396 1980 1451 2040 ego
1463 1979 1584 2040 parvam
1596 1978 1652 2020 non
1665 1962 1743 2039 petii,
1756 1979 1809 2020 nec
1822 1963 1880 2040 peti
1896 1962 2023 2023 nomine‘

1212 2058 1313 2139 Legati
1331 2080 1375 2121 me
1390 2079 1532 2139 apponere
1549 2061 1636 2120 volui.
1649 2061 1728 2121 Dixit
1741 2072 1867 2121 steron
1880 2059 2004 2139 Legatos

1212 2160 1290 2238 quod
1305 2160 1448 2220 birretum
1461 2159 1548 2239 Regis
1562 2179 1629 2220 oum
1647 2161 1697 2222 illo
1712 2161 1814 2220 munili
1831 2162 1885 2220 sibi
1901 2162 2005 2223 laceoet

1212 2262 1402 2339 praesentari,
1414 2272 1561 2338 tamquam
1574 2262 1624 2321 sibi
1640 2261 1780 2321 debitum:
1794 2262 1944 2341 respondit
1954 2280 2004 2322 oon

1214 2361 1419 2422 verecundiam
1442 2360 1533 2421 videri
1557 2359 1723 2437 hujusmodi
1744 2363 1865 2434 locere,
1896 2380 1964 2421 eum
1983 2360 2003 2421 si

1213 2461 1248 2521 ad
1271 2463 1452 2541 propositum
1474 2480 1530 2522 non
1549 2462 1644 2534 daret,
1657 2460 1779 2523 delicere
1803 2463 1879 2522 velle
1891 2483 1902 2534 ;
1931 2462 2003 2539 quod

1214 2580 1268 2623 non
1292 2572 1427 2642 poterat;
1447 2563 1497 2623 sed
1518 2580 1574 2622 non
1590 2564 1653 2622 teci.
1670 2563 1738 2622 Fuit
1754 2561 1855 2622 deinde
1877 2561 1941 2623 Rex
1956 2580 2005 2622 suo

1216 2663 1319 2723 ordine
1340 2676 1507 2735 coronatus,
1526 2674 1554 2724 et
1569 2664 1623 2722 olio
1640 2663 1720 2742 regia
1736 2662 1848 2740 insigna
1870 2661 1928 2721 sibi
1943 2672 2003 2721 tro-

1214 2762 1283 2835 dito,
1304 2764 1405 2823 ordine
1426 2763 1568 2841 superiori
1585 2763 1661 2837 data3
1677 2762 1725 2823 sed
1742 2772 1807 2842 post
1823 2761 1936 2841 Regem
1952 2780 2003 2823 non

1214 2874 1373 2943 potuerunt
1393 2880 1492 2923 omnes
1509 2862 1653 2942 praelati,
1674 2880 1769 2939 neque
1787 2862 1899 2935 modo,
1918 2880 2005 2939 neque

1214 2966 1295 3042 prius
1308 3009 1315 3022 .
1330 3009 1336 3023 .
1349 3008 1356 3023 .
1372 2981 1541 3036 .eor·onam,
1553 2973 1640 3042 prout
1651 2963 1782 3024 ordinata
1794 2962 1879 3024 luere
1890 2974 2005 3043 propter

1215 3064 1428 3124 multitudinem
1444 3064 1596 3142 Regalium
1611 3108 1620 3137 ,
1637 3073 1667 3122 et
1686 3065 1816 3144 plurium
1834 3066 2002 3136 Daronum,

1215 3175 1243 3225 et
1264 3165 1428 3226 curialium
1450 3164 1539 3242 Regis
1560 3176 1589 3223 et
1607 3162 1792 3236 Oratorum,
1815 3166 1868 3243 qui
1891 3176 2004 3244 praeter

1215 3264 1368 3338 ordinem,
1389 3285 1423 3325 ex
1451 3284 1502 3324 suo
1526 3267 1686 3326 temeritate
1709 3266 1852 3344 praelatos
1888 3284 2005 3344 oppres·

1215 3377 1324 3426 serunt.
1359 3365 1438 3445 Rege
1460 3378 1598 3427 coronato
1622 3367 1780 3426 thalamum
1814 3367 2002 3438 ascendente,

1215 3478 1244 3527 et
1261 3468 1444 3540 intronizato,
1458 3468 1630 3527 acclamavit
1647 3467 1803 3528 multitudo
1819 3469 1921 3548 populi
1937 3469 2002 3546 plu·

1217 3567 1297 3626 ribus
1327 3568 1438 3627 vicibus
1463 3567 1607 3632 rivalte
1624 3569 1767 3648 Alsonso.
1801 3568 1930 3628 Praelati
1952 3588 2002 3648 pa·

1215 3668 1274 3727 rati
1296 3685 1352 3726 non
1366 3677 1433 3726 sunt
1452 3666 1543 3727 secuti
1561 3667 1668 3745 Regem
1691 3678 1866 3728 coronatum
1889 3669 1926 3727 od
1942 3670 2005 3728 tba·

1217 3767 1326 3826 lomum
1349 3776 1467 3846 propter
1488 3769 1700 3846 oppressionem
1731 3772 1867 3848 superius
1901 3770 2003 3830 dictam

1214 3878 1243 3929 et
1266 3868 1383 3927 thalami
1406 3869 1643 3946 incapacitatem,
1677 3869 1727 3945 qui
1755 3881 1850 3929 tomen
1874 3891 1930 3950 pro
1951 3873 2004 3930 situ

1216 3968 1273 4027 loci
1295 3966 1390 4043 tainjor
1404 3987 1465 4027 esse
1481 3985 1537 4027 non
1559 3969 1660 4046 potuit.
1684 3967 1767 4028 Dicto
1788 3989 1842 4048 per
1865 3969 2004 4049 legattm

1215 4069 1385 4139 offertorio,
1407 4069 1450 4128 lui
1474 4086 1584 4127 memor
1600 4068 1703 4129 debere
1718 4069 1818 4130 venire
1839 4070 1951 4150 Regem
1972 4073 2005 4131 ad

1214 4168 1408 4231 offerendum:
1423 4180 1575 4247 propterea
1592 4169 1668 4229 dicto
1685 4189 1735 4249 per
1750 4167 1896 4249 Legotrrni
1913 4173 1941 4231 in
1961 4175 2006 4231 ol·

1216 4282 1277 4331 tore
1296 4271 1367 4332 veni
1383 4268 1611 4347 Sanctificotor
1626 4270 1761 4330 omnium
1773 4282 1841 4342 etc,
1853 4284 2005 4349 antequam

1214 4372 1361 4432 incensum
1384 4371 1544 4448 imponeret
1577 4371 1605 4429 in
1628 4370 1804 4442 thuribulo,
1827 4374 1929 4450 reponi
1956 4373 2006 4432 ieci

1213 4473 1404 4532 faldistorium
1424 4481 1489 4530 ante
1505 4470 1632 4530 medium
1647 4471 1759 4543 altoris,
1771 4470 1800 4529 in
1817 4489 1889 4548 quo,
1901 4471 2007 4550 legato

1214 4591 1282 4632 cum
1304 4574 1390 4631 niitro
1414 4571 1548 4643 sedente,
1571 4572 1648 4630 vertit
1669 4571 1752 4643 Rex,
1785 4584 1815 4632 et
1835 4573 2006 4650 genuflexus

1215 4672 1371 4732 obtulitei
1394 4689 1444 4732 xit
1476 4672 1565 4749 petias
1587 4672 1652 4731 auri
1685 4681 1856 4742 monetatas,
1878 4691 2004 4749 quorum

1215 4771 1360 4850 quaelibet
1383 4772 1494 4831 valebat
1514 4782 1580 4831 octo
1596 4771 1706 4831 dtrcotis
1723 4772 1789 4831 ouri
1814 4773 1918 4850 lorgis,
1937 4792 2007 4851 quas

1212 4872 1343 4952 Legatus
1357 4872 1429 4932 mihi
1446 4870 1522 4931 dedit
1535 4872 1746 4932 conservandas
1759 4891 1768 4931 z
1782 4883 1811 4931 et
1825 4874 1921 4931 oninia
1937 4873 2007 4933 boec

1214 4988 1277 5037 octa
1310 4986 1378 5035 sunt
1401 4972 1503 5034 ordine
1525 4975 1656 5051 superius
1677 4976 1798 5053 scripto.
1825 4973 1926 5034 Dictus
1948 4992 2007 5036 xit.

1214 5080 1302 5157 petias
1332 5076 1397 5134 ouri
1430 5075 1559 5154 portavit
1579 5076 1730 5153 episcopus
1752 5074 1917 5154 Tropiensis
1945 5086 2008 5154 post

1213 5178 1321 5256 Regem
1344 5194 1433 5253 usque
1451 5175 1487 5233 ad
1503 5191 1640 5234 coronam
1658 5175 1825 5253 depositam
1842 5186 1914 5235 tunc
1931 5175 2008 5235 dedit

1212 5298 1260 5339 eas
1292 5278 1355 5338 Don
1386 5276 1561 5346 Friderico,
1595 5285 1624 5335 et
1650 5277 1698 5337 ille
1720 5276 1802 5354 Regi.
1837 5275 1899 5336 Rex
1927 5274 2008 5335 finito

1212 5379 1373 5458 Evangelio
1393 5380 1503 5457 occepit
1525 5394 1663 5437 coronam
1678 5396 1695 5436 a
1711 5377 1773 5436 Don
1793 5377 1963 5442 Friderico,
1980 5387 2008 5437 et

1212 5482 1286 5543 sedit
1303 5499 1353 5560 per
1370 5490 1466 5540 totum
1488 5476 1590 5539 Credo
1611 5497 1663 5557 per
1683 5476 1922 5538 inadvertentiom
1942 5476 2009 5556 epi·

1212 5585 1291 5661 scopi
1313 5580 1498 5659 Tropiensis,
1515 5596 1601 5655 quem
1622 5589 1716 5638 tomen
1731 5595 1819 5656 super
1836 5577 1894 5637 boc
1913 5581 2011 5637 doetr-

1213 5700 1368 5755 sorerom3
1391 5683 1443 5759 qui
1470 5680 1556 5742 etiam
1578 5680 1657 5741 circo
1687 5678 1830 5761 Legatum
1851 5678 2008 5758 impeditus
