4492 6859
348 623 408 689 lss
812 614 1099 681 Pouttrtuttus
1119 612 1350 676 lNNOCENTll
1370 609 1525 675 octtt‘t.

389 763 494 825 Circus
506 757 593 822 Urbis
610 774 663 817 suo
677 754 786 817 ordine.
796 789 831 802 -·
844 753 1020 816 Collectores
1035 753 1136 832 plum-

348 864 386 923 bi.
395 893 431 906 -
441 839 1082 934 SollicitatorosbitterarumApostolicorum.
1095 885 1136 898 —-

348 959 459 1025 Notcrii
480 958 514 1019 A.
527 957 561 1020 C.
578 988 618 1001 ·-
635 953 747 1018 Notaril
769 955 803 1014 h.
816 953 852 1013 ll.
869 986 907 998 —
924 953 1136 1012 Procuratores

349 1059 612 1124 Contradictarunr.
648 1090 688 1102 —
715 1054 938 1116 Abbreriatores
971 1053 1006 1114 de
1036 1052 1135 1112 Primn

349 1163 487 1233 visione,
517 1171 547 1222 et
578 1158 614 1219 de
645 1156 741 1218 Parco
765 1155 879 1217 minori.
906 1153 1134 1233 -Scriptores

350 1260 592 1342 poenitentiariae.
604 1292 645 1304 —
660 1256 825 1336 Scriptores
836 1255 1003 1335 Apostolici.
1017 1288 1053 1299 -
1070 1252 1136 1313 bln-

352 1362 439 1441 gistri
461 1359 612 1435 utriusque
645 1356 770 1436 registri.
797 1386 834 1399 -
854 1354 1080 1415 hbbrevlatores
1102 1351 1137 1413 de

355 1459 450 1521 Parco
464 1456 578 1536 majori.
593 1487 633 1500 —-
648 1455 821 1516 bullatorcs.
837 1490 878 1503 -
890 1454 1023 1533 Magistri
1039 1455 1139 1533 plam-

350 1558 389 1619 bi.
406 1592 446 1605 —-
462 1558 676 1619 Procuratores
696 1553 851 1615 Ordinum.
872 1588 909 1599 -
927 1553 1138 1613 Procuratores

350 1658 532 1738 Principum.
552 1686 590 1699 -
614 1654 791 1726 Secretarii,
811 1665 841 1717 et
864 1652 1004 1714 Advocati
1022 1684 1057 1696 -
1074 1651 1139 1712 Cu·

352 1756 498 1817 bicularii.
513 1787 552 1799 -
567 1753 740 1816 Camerarii.
751 1786 788 1797 -
806 1750 946 1815 Oratores
968 1752 1137 1831 Principum

355 1856 444 1929 laici,
465 1865 494 1915 et
514 1855 651 1914 Berones.
671 1887 710 1896 —
732 1853 871 1915 Cantores
888 1853 995 1933 Papae.
1017 1885 1056 1898 -
1078 1853 1139 1913 ‚hc-

351 1950 440 2011 coliti.
464 1982 502 1998 -
523 1946 630 2009 Clerici
650 1946 799 2009 Gamerae.
821 1980 862 1993 -
883 1947 1039 2008 tantares
1069 1945 1135 2007 Ro·

354 2057 408 2109 tae.
441 2081 478 2092 -
501 2047 623 2108 Accoliti
651 2065 718 2108 cum
744 2045 942 2117 candelabris,
975 2057 1005 2106 et
1037 2046 1138 2106 thuri·

354 2148 432 2210 bulo.
455 2181 493 2193 -
512 2147 688 2208 Subdiaeoni
709 2165 776 2208 oum
799 2148 909 2219 Cruce,
933 2159 962 2208 et
984 2148 1077 2209 sociis.
1099 2179 1138 2192 «-

354 2248 575 2309 Poenitentiarii.
598 2283 637 2294 -
665 2247 797 2310 hbbates.
818 2283 858 2296 —-
886 2248 1048 2328 Episcopi,
1079 2250 1140 2309 Ar-

356 2348 542 2427 cbiepiscopi,
558 2357 586 2408 ct
601 2348 736 2408 Praeiati.
749 2379 787 2393 -
803 2347 943 2410 Oratores
954 2349 1076 2429 praelati
1091 2367 1141 2408 as-

224 2534 228 2538 .
355 2449 488 2509 sistentes
510 2448 620 2529 Papae,
642 2450 744 2528 parsu.
767 2483 804 2494 -
832 2449 953 2511 Diaconi
975 2450 1142 2512 cardinales

355 2567 412 2610 non
433 2548 594 2611 assistentes
615 2548 658 2630 (in
684 2549 834 2628 digniores
854 2550 927 2612 duos
946 2562 1010 2614 erat
1032 2550 1143 2611 medius

357 2648 496 2729 Princeps
522 2648 660 2731 Capuae).
682 2682 722 2696 -·-
749 2648 918 2729 Presbyteri
951 2651 1142 2722 Cardinaies,

357 2760 387 2813 et
413 2749 556 2830 Episcopi.
587 2782 624 2797 —-
640 2750 708 2811 Duo
728 2749 849 2811 Diaconi
883 2752 980 2830 Papae
1010 2752 1145 2813 assisten-

280 2923 283 2931 .
357 2863 408 2912 tes.
425 2882 463 2898 --
481 2850 619 2912 scutit'erl
642 2850 738 2930 Papae
758 2869 826 2911 cum
848 2850 1007 2913 intorticiis.
1020 2884 1060 2895 -
1076 2853 1144 2913 Duo

355 2952 481 3013 Accoliti
497 2969 563 3012 cum
583 2949 774 3012 candelabris.
790 2984 827 2997 -
847 2951 914 3013 Duo
934 2952 1059 3014 Accoliti
1075 2971 1143 3014 cum

361 3052 582 3113 thuribulis-
600 3052 678 3131 Papa
697 3051 752 3112 sub
763 3051 943 3114 baldachino.
961 3085 999 3099 -
1016 3052 1143 3114 Auditor

357 3154 391 3214 da
406 3154 494 3213 mitre
513 3152 650 3226 serviens,
667 3152 787 3213 medius.
803 3184 843 3197 -·
859 3151 1079 3215 Protbonotarii
1094 3173 1145 3214 as·

360 3252 498 3314 sistentes.
520 3252 645 3313 Praelati
667 3255 842 3333 conparati.
862 3282 903 3296 ·-
924 3253 983 3314 hlii
997 3254 1144 3315 Protono·

361 3351 439 3430 terii.
461 3386 499 3398 —-
521 3352 676 3415 Generalcs
698 3350 854 3415 Ordinum.
875 3386 914 3399 -
931 3354 1034 3434 Togati
1048 3355 1144 3416 aulici.

399 3456 611 3517 Buldacbinurn
638 3467 794 3535 portarunt
814 3457 941 3517 llarones
961 3468 989 3518 et
1011 3455 1144 3529 Nobiles,

357 3562 500 3639 quicum
526 3556 661 3637 Principe
683 3558 799 3639 Capuae
830 3560 952 3621 Romam
982 3571 1145 3633 venerunt,

358 3677 416 3720 una
438 3677 506 3719 cum
537 3657 603 3718 aliis
635 3660 740 3720 uostris
767 3658 916 3720 Nobilibus
927 3682 938 3735 3
970 3661 1012 3722 sic
1041 3679 1144 3722 eorurn

356 3760 411 3821 luit
442 3777 565 3838 magnus
587 3777 735 3820 numerus.
756 3758 869 3820 Nostris
885 3759 1145 3821 conservatoribus

361 3860 459 3921 locum
480 3859 543 3920 dedi
565 3858 668 3920 ibidem
690 3870 755 3920 ante
777 3858 1000 3933 baldachinum,
1022 3871 1142 3940 propter

362 3960 528 4021 scandalum
549 3961 736 4032 evitandum,
764 3960 799 4021 dc
820 3960 954 4022 mandato
976 3959 1030 4021 ss.
1051 3958 1088 4019 D.
1110 3959 1145 4020 N.

360 4062 463 4141 Papae.
492 4060 524 4122 s.
546 4062 582 4122 u.
604 4059 638 4121 N.
668 4071 809 4122 statuerat
829 4062 873 4123 die
907 4060 1053 4140 praedicta
1076 4080 1146 4140 prc-

362 4162 513 4243 sbyterum
534 4162 571 4220 ad
592 4162 741 4222 ecclesiam
767 4160 871 4222 ibidem
905 4180 973 4222 oum
1000 4162 1080 4222 lerro
1093 4205 1100 4220 .
1115 4206 1145 4221 ..

270 4323 272 4328 .
361 4309 368 4323 .
382 4310 389 4323 .
402 4262 448 4345 (A)
467 4262 544 4342 quod
558 4273 733 4324 tamencum
746 4261 925 4341 superfluam
938 4260 1039 4323 etsine
1058 4278 1146 4321 causa

358 4363 467 4423 lactum
495 4361 617 4435 luisset,
638 4362 796 4434 omissum3
818 4372 912 4422 tamen
946 4372 1065 4442 propter
1087 4373 1148 4422 tu·

361 4465 501 4535 multum,
517 4471 546 4523 et
560 4463 701 4541 populum
716 4461 871 4520 maximum
880 4504 889 4535 ,
904 4472 1026 4540 propter
1041 4480 1147 4539 quem,

360 4575 420 4624 tam
441 4580 544 4642 magna
565 4561 734 4623 confusione
758 4560 903 4641 processio
924 4560 994 4622 haec
1013 4561 1146 4623 ordinata

362 4665 493 4743 incoepta
514 4662 590 4735 luit,
625 4662 826 4723 convenienter
856 4671 950 4721 tamen
984 4671 1146 4741 prosecuta.

361 4762 463 4825 Omnis
486 4764 530 4823 via
550 4782 566 4823 a
588 4762 701 4842 palatio
719 4762 754 4825 de
774 4763 914 4824 Martellis
929 4780 1019 4841 usque
1037 4762 1073 4822 ad
1088 4763 1149 4823 lle·

360 4865 471 4925 silicam
494 4862 525 4925 S.
548 4862 628 4925 Petri
662 4864 733 4925 bene
753 4863 891 4924 mundata
912 4863 988 4937 iuit,
1018 4881 1051 4924 cc
1073 4882 1150 4942 pan·

362 4965 407 5026 nis
427 4975 554 5040 ornata,
575 4977 605 5026 et
624 4975 691 5026 ante
716 4965 878 5045 praedictas
898 4964 1020 5035 domos,
1043 4962 1150 5024 videli-

362 5078 410 5128 cet
428 5066 587 5129 Gurdinalls
600 5066 761 5129 Parmensis
771 5076 800 5127 et
817 5067 942 5128 aliorum
953 5065 1052 5145 pannis
1073 5083 1147 5126 coo-

363 5178 467 5247 perta,
488 5179 516 5228 et
537 5166 573 5226 ab
605 5166 727 5229 ecclesia
748 5166 781 5228 B.
800 5164 911 5227 blariae
931 5165 959 5224 in
981 5164 1150 5245 Transpon·

363 5270 422 5327 tina
446 5287 538 5346 usque
565 5267 602 5328 cd
622 5267 778 5329 Basilicam
808 5263 986 5345 praedictam
1008 5264 1099 5338 binc,
1119 5275 1151 5325 et

364 5368 428 5427 inde
449 5368 549 5447 pannis
564 5367 765 5429 Cardinalium
781 5374 883 5426 ornota
902 5363 1010 5442 quibus
1032 5364 1149 5445 viaipsa

402 5605 439 5656 (tt
455 5600 482 5649 tn
499 5600 589 5650 codice
607 5599 702 5661 legitur
728 5598 812 5647 radice
821 5614 829 5660 ,·
846 5598 934 5648 nescio
963 5610 994 5647 en
1012 5596 1094 5647 redire
1109 5595 1150 5645 tc·

364 5678 483 5738 gendum.

1886 601 1999 683 (tros)

1203 770 1254 831 per
1277 750 1322 811 lo.
1345 748 1476 809 blnriam.
1493 791 1500 806 .
1517 791 1524 805 .
1542 791 1548 804 .
1565 744 1656 804 divisa
1678 742 1739 822 ipsa
1765 740 1823 801 luit
1845 758 1898 820 per
1918 756 1993 799 can·

1202 871 1261 914 nas.
1281 851 1387 922 Divisi,
1410 848 1540 910 venimus
1558 863 1609 924 per
1627 860 1691 905 eam
1712 842 1791 903 riam
1810 839 1867 901 hoc
1886 839 1924 900 ad
1947 840 1997 900 dl-

1202 963 1278 1014 ctarn
1305 950 1457 1011 basilicam
1463 969 1474 1022 ς
1496 945 1622 1025 cognovi
1655 945 1694 1004 ibi
1727 942 1783 1003 ss.
1806 940 1841 1001 l).
1865 940 1900 1001 N.
1923 959 2000 1020 gra·

1203 1061 1320 1124 vatum,
1340 1067 1376 1109 ac
1396 1048 1516 1109 debilem
1538 1066 1609 1120 esse3
1631 1053 1806 1124 propterea,
1827 1058 1885 1103 nou
1907 1043 1998 1119 longe

1202 1172 1218 1213 a
1240 1153 1327 1214 domo
1347 1149 1507 1212 Cardinalis
1521 1149 1554 1209 s.
1569 1146 1735 1217 Clementis,
1753 1143 1811 1203 dixi
1842 1141 1998 1203 sanctitati

1203 1252 1280 1315 snae
1301 1250 1482 1313 commodius
1502 1250 1636 1309 luturum
1656 1248 1680 1306 si
1699 1256 1779 1307 recta
1801 1245 1848 1305 via
1876 1241 1997 1304 benedi·

1203 1350 1304 1413 ctlonis
1325 1349 1458 1431 publicae
1478 1351 1577 1410 locunt
1597 1346 1784 1419 escenderet,
1807 1345 1917 1425 populo
1942 1342 2001 1402 ibi-

1204 1452 1267 1513 dem
1286 1452 1451 1512 solemniter
1472 1447 1652 1509 benediceret
1679 1456 1708 1507 et
1729 1445 1795 1506 inde
1816 1444 1853 1503 ad
1855 1486 1988 1502 .....

1204 1564 1232 1614 et
1254 1551 1370 1631 quidem
1390 1551 1578 1612 Sanctitatem
1611 1547 1704 1608 Suam
1726 1545 1857 1617 rediret,
1886 1541 1996 1605 Csrdi-

1204 1654 1319 1714 nallbus
1336 1652 1373 1711 ad
1391 1652 1505 1711 hlissam
1524 1648 1701 1711 venientibus
1719 1648 1749 1707 in
1764 1644 1888 1707 Basilica
1904 1659 1994 1722 prac-

1205 1754 1281 1816 dictc
1304 1751 1505 1814 celebrandam
1517 1772 1528 1823 3
1556 1748 1635 1827 quod
1656 1746 1808 1808 sanctitati
1830 1743 1910 1805 Suae
1931 1746 1996 1823 plc-

1206 1856 1276 1915 cuit.
1305 1854 1426 1914 Dimissa
1460 1850 1552 1930 igitur
1575 1848 1773 1929 processione,
1805 1846 1859 1906 sub
1879 1845 1997 1924 portlcu

1207 1956 1348 2019 basiliere
1363 1952 1548 2034 praedictae,
1570 1950 1692 2029 praelati
1708 1959 1738 2009 et
1754 1945 1923 2009 Cerdinales
1944 1963 2000 2023 ps-

1208 2057 1266 2118 rati
1289 2067 1352 2136 post
1376 2053 1502 2116 Crucem
1533 2050 1723 2132 pontificalem
1760 2050 1858 2110 locum
1879 2046 1999 2127 praedi-

1208 2168 1289 2218 ctum
1310 2153 1523 2225 ascenderunt,
1546 2152 1596 2213 ubi
1628 2151 1759 2211 Pontilex
1781 2149 1890 2228 populo
1919 2147 1997 2208 sole·

1209 2257 1313 2316 mniter
1335 2272 1425 2315 manu
1440 2272 1493 2314 sua
1515 2271 1596 2314 more
1617 2253 1706 2314 solito
1725 2249 1888 2321 benedixit,
1911 2248 1998 2310 Vlce-

1209 2356 1384 2418 cancellario
1417 2355 1638 2415 tabernaculum
1672 2370 1739 2414 curn
1768 2351 1862 2410 Perro
1882 2350 1999 2409 interim

1208 2457 1285 2537 apud
1315 2453 1484 2516 Pontillccm
1506 2463 1640 2525 tenente,
1669 2463 1698 2515 et
1719 2451 1863 2532 plenarias
1896 2450 1998 2510 indal-

1210 2559 1319 2638 gentias
1341 2557 1467 2630 ibidem,
1488 2565 1519 2616 et
1541 2555 1569 2614 in
1590 2555 1710 2616 ccclesia
1739 2552 1927 2615 existentibus
1944 2551 1997 2629 qui

1209 2656 1385 2741 processioni
1410 2655 1621 2728 interfuerunt,
1640 2653 1800 2727 cortoessit3
1822 2670 1897 2731 quas
1927 2650 2000 2711 ller.

1209 2760 1245 2821 ll.
1264 2756 1451 2821 Camerarius
1471 2754 1582 2827 latine,
1600 2754 1682 2815 etde
1703 2752 1845 2818 Columna
1856 2750 2003 2813 Cardina-

1211 2865 1251 2925 lcs
1264 2858 1426 2939 vulgariter
1438 2855 1641 2936 publicarunt:
1651 2854 1756 2933 quibus
1778 2852 1861 2913 lectis
1870 2850 2006 2911 Pontiler

1212 2981 1279 3023 curn
1301 2958 1491 3022 tabernaculo
1517 2957 1669 3033 Ferroque
1693 2954 1808 3033 signum
1826 2950 1932 3013 Crucis
1948 2968 2001 3009 su·

1212 3083 1263 3144 per
1285 3061 1428 3143 populum
1449 3057 1595 3139 produxit.

1252 3162 1378 3225 Accessit
1388 3160 1487 3222 deinde
1498 3155 1669 3221 Pontificem
1688 3153 1880 3231 Casimbuerg
1892 3149 2004 3212 Orator

1211 3263 1307 3343 blagnl
1322 3262 1425 3333 Puroi,
1444 3278 1495 3340 per
1513 3277 1599 3337 quern
1623 3257 1739 3317 Turcus
1760 3256 1886 3316 Ferrum
1909 3253 2004 3331 ipsum

1211 3362 1391 3443 praedictum
1406 3359 1534 3431 miserat,
1554 3369 1584 3419 et
1599 3356 1751 3417 sanctitati
1768 3355 1846 3415 Sace
1861 3352 2003 3431 quasdem

1212 3465 1310 3525 literas
1321 3464 1561 3543 praesentantes
1572 3476 1622 3539 per
1633 3457 1794 3536 Georgium
1804 3454 2003 3516 Bocciardum

1213 3567 1397 3645 interpretem
1426 3579 1513 3622 suum
1542 3559 1702 3640 exposuit,
1729 3557 1894 3636 Principem
1916 3572 2004 3615 suurn

1211 3667 1337 3727 Ferrum
1367 3658 1533 3738 hujusmodi
1552 3660 1604 3721 sibi
1627 3659 1751 3731 misisse3
1772 3669 1802 3718 et
1823 3657 1942 3735 rogarit
1971 3663 2006 3714 ut

1212 3767 1333 3828 tratrem
1355 3762 1499 3841 Principis
1525 3755 1735 3841 virtuensis)
1756 3767 1908 3838 persecet
1923 3754 2002 3833 quod

1213 3865 1358 3927 Sanctitas
1379 3864 1441 3925 sua
1462 3863 1555 3943 ipsum
1575 3862 1633 3923 cito
1646 3859 1809 3939 expeditam
1830 3856 2004 3928 remitteret,

1213 3964 1356 4027 Sanctitas
1388 3963 1448 4025 sna
1481 3961 1627 4042 respondit
1653 3980 1683 4021 se
1716 3961 1813 4020 literos
1843 3957 2006 4024 visurum,

1212 4065 1313 4128 deinde
1333 4064 1388 4126 sibi
1409 4081 1577 4144 responsum
1592 4061 1747 4132 daturum3
1768 4060 1866 4119 literas
1881 4053 2003 4117 tradidit

1213 4164 1430 4245 archiepiscopo
1467 4161 1627 4224 hrelctemi
1659 4156 1895 4228 conservandas,
1930 4170 2008 4232 quse

1215 4278 1284 4328 tunc
1295 4272 1414 4346 apertae
1422 4283 1478 4326 non
1493 4264 1629 4336 luerunt;
1638 4261 1790 4322 dicebatur
1804 4258 1882 4319 enim
1894 4254 2006 4315 dictum

1215 4364 1373 4430 Oratorem
1391 4365 1583 4445 quadraginta
1614 4363 1703 4422 millia
1725 4359 1847 4420 ducatos
1867 4351 2005 4418 Pontifici

1214 4469 1343 4530 sttulisse
1370 4467 1400 4527 ln
1426 4468 1516 4529 literis
1548 4461 1721 4543 specilicatis
1752 4457 1819 4541 (3),
1849 4466 2005 4538 propterea

1257 4720 1292 4780 (2)
1307 4716 1455 4781 legendum
1472 4715 1561 4782 potius
1578 4712 1691 4764 uisitare.

1256 4799 1291 4861 (³)
1308 4817 1319 4839 ·
1333 4794 1554 4847 b'ambsssadeur
1564 4791 1599 4843 du
1611 4788 1837 4851 Grand-Seignaur
1852 4789 1862 4840 l
1869 4785 1910 4836 sic
1922 4785 1949 4834 lu
1962 4795 2010 4833 rc·

1217 4878 1312 4928 latione
1327 4888 1376 4927 sas
1391 4874 1425 4925 da
1441 4874 1590 4937 brequigny
1609 4873 1673 4921 atlas
1689 4871 1786 4919 citatus
1810 4870 1838 4916 et
1859 4865 2005 4922 laudatus)

1216 4958 1343 5018 presente
1363 4954 1413 5005 das
1430 4954 1523 5005 lettres
1539 4965 1572 5002 au
1587 4950 1674 5013 Pspe,
1699 4962 1747 5011 par
1764 4946 1906 5009 lesquelles
1923 4946 1951 4995 le
1968 4956 2008 4993 re·

1216 5036 1295 5100 tiquta
1312 5034 1347 5083 lut
1368 5035 1433 5086 etott
1445 5032 1586 5083 adrasssa=
1602 5026 1719 5079 Buroard
1735 5026 1773 5076 dit
1788 5024 1900 5090 qu'ctles
1917 5036 1952 5074 ue
1968 5022 2011 5073 hr-

1217 5118 1277 5166 rent
1302 5113 1375 5176 point
1392 5112 1448 5161 tries
1464 5110 1677 5173 publiquement,
1698 5110 1725 5157 et
1747 5104 1835 5169 qu’ou
1855 5103 2010 5167 pretendoit

1217 5205 1269 5257 que
1296 5191 1382 5242 o'etoit
1406 5202 1487 5253 parce
1514 5188 1624 5250 qu’ettes
1657 5185 1779 5235 tstsotant
1809 5184 1926 5233 mention
1948 5183 2010 5232 d'ua

1217 5272 1325 5334 present
1341 5269 1375 5321 de
1391 5271 1520 5333 quaranta
1543 5266 1612 5315 mille
1635 5264 1728 5316 ducsts
1744 5261 1809 5313 dont
1825 5263 1891 5313 altas
1908 5263 2010 5312 stoiaut

1218 5350 1431 5417 accompagudes.
1455 5348 1548 5398 C'eloit
1570 5346 1631 5395 bion
1655 5358 1689 5394 uu
1714 5343 1790 5414 molit
1811 5354 1880 5405 pour
1908 5353 1941 5390 ue
1959 5353 2008 5403 pas

1217 5429 1365 5480 incidenter
1382 5440 1428 5478 sur
1445 5430 1469 5477 te
1486 5425 1649 5478 vsrillcation
1672 5421 1705 5473 de
1729 5422 1754 5471 la
1779 5420 1897 5483 reliqum
1922 5420 2008 5477 mets,

1218 5512 1244 5559 et
1270 5509 1295 5558 le
1325 5508 1424 5570 relique
1448 5508 1475 5555 et
1496 5505 1606 5567 l’ergcnt
1631 5501 1735 5551 avaient
1757 5500 1906 5563 egatement
1940 5510 2008 5561 pour

1217 5589 1283 5649 but,
1300 5588 1334 5637 de
1350 5600 1379 5637 sc
1397 5586 1493 5635 rendre
1510 5585 1534 5634 te
1545 5582 1613 5645 Papa
1630 5580 1775 5639 lavorabis,
1791 5578 2007 5629 relativcmeote

1217 5670 1307 5729 zirim,
1317 5669 1386 5718 trere
1402 5665 1435 5717 do
1447 5664 1562 5728 selant,
1574 5662 1637 5725 qu’il
1653 5660 1723 5711 avoit
1736 5672 1769 5711 aa
1786 5672 1816 5710 sa
1832 5660 1975 5721 patescere
1986 5678 2006 5703 ·.
