4492 6859
302 622 362 687 too
781 622 1064 689 routmtostus
1085 620 1306 685 innocuum
1328 619 1479 684 Dchil.

346 759 398 820 Die
416 760 571 832 mercurii,
592 770 695 821 octava
715 762 819 823 mensis
837 763 983 835 octobris,
1007 760 1079 822 Rev.

301 860 330 920 in
350 859 467 922 cbristo
484 860 571 921 Pater
591 870 620 923 et
637 861 777 922 Dominus
796 863 832 922 D.
851 862 990 925 Ascanius
1003 861 1080 923 San·-

300 959 340 1019 cti
360 957 416 1021 vta
438 959 466 1019 in
486 960 609 1021 blarello
628 962 773 1024 Diaconos
791 963 950 1024 Cardinalis
971 960 1079 1023 Stortia

298 1059 463 1121 vicecomes
481 1060 566 1122 rediit
586 1060 622 1121 ad
641 1060 749 1125 Urbem
770 1082 804 1124 ex
832 1066 963 1145 partibus
987 1062 1080 1125 nom-

300 1158 426 1232 bariire,
437 1170 465 1219 et
478 1160 619 1239 legatione
638 1181 689 1223 sua
709 1163 877 1224 Bononiensi
891 1181 960 1225 curn
975 1181 1078 1242 magna

298 1260 453 1332 comitira3
474 1272 607 1340 receptos
626 1262 681 1324 luit
693 1282 711 1323 a
725 1263 788 1324 titt.
804 1263 865 1325 DD.
881 1264 1079 1329 cardinalibus

299 1370 367 1418 tunc
392 1360 422 1418 in
443 1359 522 1428 Urbe
539 1362 718 1424 existentibus
739 1377 821 1425 extra
839 1377 953 1445 portam
978 1368 1007 1426 ln
1033 1368 1079 1427 dl·

299 1458 390 1518 rersis
406 1459 485 1531 locis,
500 1464 717 1539 particulariter
732 1477 837 1538 tamen,
849 1484 906 1527 non
919 1468 1079 1547 cottegtstta

299 1569 352 1619 ter.
371 1559 536 1622 lionoriliee
551 1573 594 1621 est
613 1561 650 1620 ad
667 1564 785 1625 domum
806 1584 889 1626 suam
905 1570 1079 1628 associatos:
1101 1593 1103 1597 ’

301 1660 360 1739 ipse
374 1658 419 1721 die
437 1677 470 1721 x.
485 1662 588 1721 mensis
608 1662 768 1725 novembris
784 1684 815 1727 n.
832 1683 917 1728 cccc.
934 1683 1079 1729 cxxxvii.

298 1759 376 1820 circa
398 1758 499 1822 horum
511 1778 553 1821 xt.
569 1776 723 1827 recesserat
737 1784 771 1827 ex
781 1766 877 1841 Urbe,
888 1767 1080 1829 Mediolanum

296 1859 399 1920 buras.

336 1959 422 2020 Feria
442 1972 565 2039 quarta,
582 1979 637 2022 xv.
648 1966 750 2025 mensis
771 1968 908 2042 octobris,
922 1968 961 2028 li.
982 1970 1011 2029 in
1025 1969 1079 2040 cb.

298 2057 384 2121 Pater
399 2070 427 2121 et
441 2060 581 2122 Dominus
599 2062 635 2124 D.
652 2064 825 2127 Sanctorum
839 2068 958 2131 cosme
974 2080 1003 2130 et
1017 2068 1082 2130 Da·

298 2162 384 2221 miani
406 2160 549 2224 Diaconos
575 2161 733 2226 cardinalis
758 2165 793 2229 de
818 2168 899 2231 Foro
918 2154 1081 2248 vulgariter

298 2273 489 2341 nuncupatos,
499 2282 534 2325 ex
546 2282 636 2343 regno
654 2264 839 2346 Neapolitano
851 2269 886 2328 ad
905 2269 1014 2331 Urbem
1030 2289 1081 2331 re-

297 2379 398 2421 verens
414 2373 465 2423 est.
487 2361 511 2423 Α
529 2362 592 2424 lili.
610 2363 672 2425 DD.
683 2366 881 2429 cardinalibus
896 2369 945 2447 qui
961 2374 990 2430 in
1000 2371 1081 2433 Urbe

299 2472 383 2520 erant
400 2461 555 2538 aliquibus,
574 2464 652 2525 ultra
671 2467 742 2527 alios
768 2486 838 2529 vero
852 2480 932 2530 extra
954 2484 1080 2551 portam,

296 2561 509 2637 particulariter
531 2575 702 2627 tamennon
724 2569 912 2648 collegialiter
930 2584 1079 2652 receptus,

297 2671 326 2720 et
340 2679 431 2740 usqua
451 2663 488 2721 ad
501 2663 621 2725 domum
639 2686 721 2728 suam
736 2669 896 2732 honorilice
915 2675 1080 2733 associatus.

338 2760 424 2821 Faria
445 2765 557 2841 quinta,
577 2783 634 2828 xx.
650 2772 752 2829 mensis
774 2771 912 2845 octobris,
930 2775 1007 2834 circa
1023 2774 1080 2836 bo·

296 2877 359 2920 ram
380 2878 451 2924 xxi.
471 2884 506 2924 ex
524 2864 684 2946 Argentioa
705 2869 777 2930 redii
797 2872 836 2931 ad
855 2872 992 2949 Urbem3
1014 2877 1080 2940 lelir

294 2961 331 3021 ait
350 2962 459 3023 reditus
477 2984 557 3026 tricus
576 2978 605 3028 et
625 2966 707 3030 liora.

206 3051 209 3057 ’
337 3062 495 3138 Dominus,
521 3083 611 3130 xxrr.
643 3076 747 3132 mensis
773 3074 909 3149 octobris,
930 3076 965 3136 ll.
985 3078 1021 3139 D.
1049 3078 1079 3139 in

294 3161 411 3224 christo
433 3165 517 3226 Pater
538 3178 566 3229 et
584 3168 619 3228 D.
642 3168 678 3231 D.
698 3169 827 3253 Raphael
847 3174 878 3235 S.
903 3174 1020 3257 Georgii
1041 3176 1078 3237 ad

295 3264 391 3325 velum
416 3285 538 3329 aoreom
569 3269 713 3334 Diaconos
733 3275 905 3350 cardinalis,
926 3277 961 3339 D.
985 3277 1079 3358 Papae

293 3365 488 3441 Camerarius,
503 3387 538 3430 ex
557 3370 647 3431 lmola
665 3375 851 3435 etForolivio
865 3376 950 3437 rediit
963 3376 999 3436 ad
1016 3378 1079 3441 Ur·

293 3466 379 3540 bem,
399 3469 446 3528 coi
461 3470 560 3529 nullos
580 3469 741 3533 cardinalis
760 3473 877 3535 obviam
897 3477 975 3538 venit
999 3476 1056 3561 (l).

335 3568 421 3628 Feria
442 3579 556 3644 quarta,
567 3587 596 3632 r.
612 3572 786 3647 novembris,
799 3572 856 3634 luit
870 3577 1074 3640 consistorium

294 3677 438 3728 secretum
456 3669 485 3728 in
507 3687 566 3747 quo
584 3670 620 3731 li.
638 3670 673 3731 P.
695 3672 730 3732 D.
744 3674 794 3735 Fr.
810 3674 908 3737 Sancti
928 3677 1078 3741 Eustachii

294 3768 440 3831 Diaconos
458 3768 618 3831 cardinalis
636 3771 767 3833 &nensis
784 3776 943 3855 vulgariter
962 3796 1077 3841 naracu-

294 3881 388 3949 patos,
404 3870 498 3932 dietus
515 3872 569 3933 luit
587 3874 697 3952 lagatus
717 3875 752 3934 ad
763 3874 911 3938 Pecuniam
926 3879 961 3940 da
976 3882 1073 3944 latere.

296 3970 390 4032 Finito
409 3973 591 4048 consistorio,
608 3973 644 4032 ab
660 3976 789 4037 omnibus
800 3976 862 4039 ΝΒ.
878 3980 1077 4046 cardinalibus

294 4074 345 4151 qui
359 4074 526 4134 consistorio
540 4075 740 4151 interfuerant,
752 4078 882 4140 ridelicet
892 4081 1075 4146 vicecancel-

295 4173 378 4246 lario,
390 4174 582 4254 Neapolitano,
593 4176 691 4238 Sancti
703 4176 780 4240 Petri
789 4179 826 4238 ad
835 4181 966 4257 Vincula,
979 4185 1075 4247 Ande-

294 4276 408 4353 gavensi
421 4271 601 4358 Episcopis,
613 4276 646 4338 S.
654 4277 764 4359 lngell,
777 4280 957 4345 Ulitbonensi
969 4286 1004 4348 de
1015 4285 1074 4347 cd-

293 4417 411 4428 ——nnn

294 4508 457 4568 piscopatum
480 4506 649 4569 Logdnnen,
668 4510 780 4573 unctus
805 4514 965 4566 duernionem
987 4522 1014 4567 et
1040 4519 1073 4568 ad

296 4584 451 4634 Comitatnm
479 4585 633 4637 venusinum
660 4589 810 4654 designatas
835 4607 849 4643 a
880 4593 1001 4645 Pontibce
1026 4596 1072 4646 tait

295 4667 383 4714 statim
400 4667 460 4725 post
475 4666 689 4724 Cardlnalatum.
706 4673 732 4719 ct
750 4675 841 4732 postas
865 4673 983 4724 Lutetiae
1006 4675 1073 4725 Pari·

295 4744 393 4793 storum
410 4744 575 4796 Gubernator
590 4750 748 4799 constitutus
765 4766 778 4800 a
796 4752 926 4803 Lodoricc
937 4753 982 4805 itt.
996 4755 1071 4818 Rege.

294 4852 324 4861 -
336 4826 434 4874 Auctor
450 4831 541 4875 noster
557 4833 648 4877 narrat
664 4832 777 4881 tanttnn.
789 4833 841 4881 rita
858 4832 973 4882 iunctum
990 4834 1073 4884 luisse

293 4904 321 4953 in
337 4904 461 4954 Francia:
478 4910 561 4957 restat
577 4908 655 4970 igitur
671 4910 756 4959 adbuc
773 4910 799 4959 in
816 4912 937 4974 ambiguo
956 4912 1073 4963 anciac-

294 4984 386 5033 conius
403 4986 442 5034 rel
460 4984 594 5035 Frizcnins
612 4998 674 5036 vers
692 4988 827 5047 referant,
844 4990 904 5039 dum
920 4991 1021 5052 primus
1038 4993 1073 5039 ait

291 5062 398 5113 Parisiis
415 5064 566 5114 defunctum
583 5070 609 5115 ct
627 5068 696 5129 apud
711 5067 875 5118 Caelestinos
887 5071 1018 5131 sepultum
1037 5074 1074 5121 1³.

294 5142 454 5205 septembris
471 5147 560 5204 ΜΒΝ,
578 5147 709 5196 secundus
727 5148 827 5197 'asserit
842 5147 957 5210 Lugduni
974 5161 1007 5199 ex
1024 5149 1072 5199 bac

292 5222 347 5271 rita
364 5224 532 5285 migrassent
548 5225 574 5274 in
590 5225 654 5275 aede
670 5226 735 5276 Diva
753 5226 861 5276 iohanni
874 5240 949 5277 sacra
967 5228 1073 5291 deposi-

293 5304 346 5350 tum
364 5301 447 5350 laissa
464 5304 585 5363 sepulcro
596 5315 753 5364 marmoreo,
764 5304 791 5353 in
802 5306 921 5367 cappella
933 5305 967 5354 ab
980 5306 1071 5355 eodem

294 5379 430 5430 sedtuasta
447 5395 498 5430 nna
515 5394 573 5432 cum
590 5385 685 5445 palatio
703 5384 928 5445 archiepiscopati.
940 5385 989 5435 Sed
1007 5385 1071 5435 baec

293 5470 344 5506 noo
362 5463 403 5508 est
420 5461 504 5523 magni
521 5460 644 5511 momenti
662 5462 812 5523 disputatio.

334 5537 370 5596 (1)
385 5536 530 5587 Cardinstis
551 5539 655 5598 liiaric,
677 5536 833 5589 lorotivtnm
857 5542 1007 5591 accesserat
1022 5552 1071 5603 pro

296 5614 376 5664 rebus
386 5614 623 5682 Comitieronymi,
639 5618 673 5668 ibi
685 5630 769 5680 nuper
780 5618 904 5670 lerociter
914 5621 1069 5681 interempti.

293 5692 344 5742 Vid.
362 5693 471 5755 append.

1830 617 1941 704 (tus)

1147 760 1274 834 mitibus,
1285 760 1445 832 Parmensi,
1458 758 1667 840 Presbyteris,
1680 758 1716 819 dc
1731 759 1833 833 Fuso,
1844 758 1940 822 Sancti

1146 860 1277 938 Georgii,
1286 859 1322 919 de
1333 858 1622 931 Sabellis,coluntna,
1635 858 1793 921 deUrsinis
1805 872 1836 921 et
1849 861 1938 923 Asca·

1147 961 1205 1032 aio,
1217 959 1372 1021 Discurris
1386 957 1594 1031 Cardinalibus‚
1603 960 1770 1019 associatus.
1788 959 1941 1039 Equitavit

1146 1061 1256 1120 medios
1270 1061 1345 1122 inter
1365 1060 1401 1120 da
1420 1060 1503 1120 Furto
1524 1071 1553 1121 et
1571 1059 1671 1121 Sancti
1691 1059 1816 1139 Georgii
1836 1060 1941 1123 cardi·

1146 1162 1224 1220 noles
1242 1161 1270 1220 in
1285 1161 1387 1221 ultimo
1402 1161 1466 1221 loeo
1480 1161 1639 1239 equitantes
1653 1179 1746 1240 osque
1761 1162 1802 1222 ad
1819 1162 1939 1223 marum

1147 1279 1216 1321 suae
1241 1262 1341 1323 solitae
1366 1261 1547 1321 habitationis
1578 1262 1831 1323 consistorialiter.
1872 1264 1945 1326 sna

1148 1360 1284 1436 domum,
1304 1372 1405 1422 contra
1426 1363 1556 1434 ostium,
1578 1379 1679 1422 versos
1702 1373 1802 1423 tamen
1825 1362 1943 1423 domum

1148 1505 1155 1519 .
1179 1505 1188 1521 .
1207 1507 1215 1521 .
1235 1506 1242 1521 .
1266 1506 1273 1520 .
1295 1506 1304 1519 .
1323 1506 1330 1520 .
1351 1461 1387 1521 de
1406 1459 1564 1522 catiarcllia
1579 1460 1737 1522 densarunt
1750 1482 1783 1523 ac
1801 1461 1946 1543 Episcopi

1146 1572 1175 1621 et
1195 1561 1383 1641 Presbyteri,
1403 1560 1524 1621 Diaconi
1546 1579 1616 1623 vcro
1636 1562 1674 1621 ab
1688 1563 1745 1623 alia
1760 1574 1851 1643 parte
1865 1564 1939 1625 inter

1147 1662 1252 1722 ostium
1274 1672 1303 1722 et
1331 1662 1422 1721 aciem
1455 1659 1579 1734 donus,
1599 1672 1629 1723 et
1653 1674 1718 1741 post
1741 1681 1795 1724 eos
1817 1665 1867 1724 alii
1891 1684 1945 1725 sno

1147 1762 1260 1823 ordine.
1279 1761 1316 1822 R.
1338 1762 1373 1821 D.
1395 1760 1555 1822 cardinalis
1577 1763 1709 1824 Sanctius
1729 1765 1793 1843 egit
1814 1766 1947 1845 singulis

1147 1860 1254 1940 gratias
1272 1904 1281 1933 ,
1299 1871 1334 1920 ot
1361 1862 1449 1920 uraris
1475 1873 1519 1923 est
1528 1884 1541 1935 ς
1573 1875 1754 1925 maesserunt
1792 1882 1900 1928 omnes
1918 1878 1944 1927 et

1148 1961 1208 2041 ipse
1228 1962 1349 2021 intravit
1367 1961 1494 2021 domum.
1573 1999 1574 2004 κ

1191 2059 1299 2121 Eadem
1320 2060 1376 2133 die,
1398 2062 1477 2122 circa
1492 2062 1595 2123 horam
1613 2063 1784 2142 viperinam
1801 2064 1947 2144 pinam,

1149 2159 1268 2220 intrarit
1281 2160 1392 2222 Urbem
1409 2160 1577 2240 magnificus
1594 2164 1675 2223 milas
1690 2164 1944 2226 Dominicos'lri·

1151 2259 1264 2320 visanns
1286 2257 1396 2320 Orator
1417 2261 1602 2322 venetiarum
1619 2283 1672 2343 per
1686 2275 1804 2343 portam
1823 2265 1944 2326 Virido-

1147 2361 1184 2421 rii
1202 2373 1230 2423 et
1246 2373 1384 2423 venerunt
1399 2363 1425 2424 ei
1438 2363 1554 2424 obviam
1569 2363 1693 2426 lamllise
1712 2365 1768 2426 SS.
1784 2366 1823 2426 D.
1835 2365 1872 2427 Ν.
1885 2366 1944 2426 Pa·

1150 2480 1201 2540 pae
1222 2474 1251 2523 et
1271 2463 1395 2524 aliorum
1409 2462 1605 2525 cardinalium
1621 2466 1849 2546 particularium
1867 2470 1943 2528 emi·

1148 2582 1273 2637 corum,
1294 2576 1323 2625 et
1344 2565 1428 2625 multi
1461 2566 1582 2645 praelati
1609 2566 1715 2627 Curiae
1735 2578 1766 2628 at
1797 2564 1945 2629 Oratores

1148 2666 1334 2744 principum,
1354 2664 1489 2744 aquibus
1505 2665 1615 2725 medos
1635 2665 1710 2727 inter
1733 2666 1942 2747 archiepisco·

1147 2782 1216 2843 pum
1231 2763 1417 2826 cusentinum
1428 2776 1456 2826 et
1468 2765 1634 2846 episcopum
1655 2766 1725 2828 cort
1733 2785 1876 2829 anassem
1891 2770 1944 2832 iult

1147 2865 1302 2924 associatus
1323 2881 1414 2942 usque
1440 2864 1477 2923 ad
1505 2865 1623 2927 domum
1649 2885 1718 2927 suae
1751 2868 1944 2930 habitationis

1148 2967 1209 3027 sive
1224 2965 1340 3045 hospitii
1351 2966 1407 3037 sui,
1418 2984 1500 3027 more
1514 2967 1607 3028 solito.
1622 2966 1686 3029 Noa
1703 2969 1760 3029 tuit
1776 2970 1943 3032 intimatum

1129 3064 1348 3127 cardinalibus
1370 3066 1446 3142 quod
1466 3066 1611 3126 mitterent
1627 3066 1755 3133 ‚inmittas
1777 3086 1860 3141 ansa,
1876 3071 1942 3148 quis

1146 3165 1229 3226 etiam
1252 3182 1307 3224 non
1324 3164 1420 3225 debuit
1440 3166 1586 3239 intimari;
1604 3178 1646 3228 est
1670 3168 1744 3227 enim
1762 3166 1944 3230 Oratoribus

1147 3285 1202 3346 pro
1219 3265 1376 3327 obedientia
1402 3266 1571 3346 praestanda
1594 3268 1778 3331 venientibus
1804 3281 1941 3343 tantum,

1150 3376 1179 3425 et
1193 3383 1249 3425 aon
1265 3367 1327 3426 aliis
1340 3365 1453 3445 publice
1467 3366 1651 3428 obviandum.

1188 3467 1272 3527 Faria
1288 3468 1384 3540 tertia,
1399 3484 1441 3527 xi.
1456 3467 1560 3528 mensis
1575 3469 1752 3541 novembris,
1765 3468 1804 3531 R
1819 3470 1940 3534 octa

1145 3567 1383 3629 dinalisSenensis
1396 3568 1433 3627 ad
1442 3566 1628 3648 Legaticoem
1641 3570 1813 3631 Perusinum
1828 3572 1938 3643 ituros,

1144 3669 1260 3727 caconit
1279 3687 1313 3728 ex
1335 3668 1414 3730 Urbe
1434 3668 1513 3729 circa
1532 3670 1634 3731 boram
1659 3686 1737 3732 xtna
1758 3690 1777 3732 e
1797 3674 1860 3733 suia
1873 3684 1938 3733 tan·

1143 3776 1206 3827 tum
1217 3767 1389 3843 domesticis,
1399 3771 1480 3830 nullo
1493 3768 1655 3844 cardinale,
1674 3772 1844 3833 msociatoa.
1861 3773 1939 3835 Deus

1144 3868 1250 3947 dirigat
1270 3889 1386 3948 pressus
1406 3889 1473 3931 suos
1491 3871 1521 3930 in
1538 3873 1613 3931 riam
1629 3873 1718 3951 pacis.

1183 3968 1332 4030 Dominiea
1350 3986 1415 4032 xvi.
1435 3972 1538 4031 nensis
1553 3972 1732 4044 novembris,
1746 3982 1814 4032 ante
1833 3971 1936 4034 boram

1143 4068 1265 4147 prandii,
1280 4070 1388 4131 Romae
1407 4071 1435 4129 in
1454 4072 1559 4150 palatio
1572 4073 1743 4150 ,apostolico
1758 4071 1840 4151 apud
1860 4072 1935 4133 Seo-

1143 4183 1222 4231 ctum
1236 4170 1358 4232 Parum
1372 4189 1458 4249 super
1473 4172 1541 4232 aula
1561 4182 1625 4250 post
1639 4174 1738 4231 aulam
1760 4170 1933 4233 Pontificum

1142 4284 1347 4333 antunnacum
1361 4272 1646 4353 matrimonium,per
1658 4272 1750 4334 verba
1762 4274 1892 4351 legitime
1902 4272 1934 4333 da

1143 4374 1293 4453 praesenti,
1304 4370 1363 4431 lilia
1380 4372 1507 4434 Dodonae
1521 4372 1718 4435 Tlteodoriuae
1732 4372 1808 4436 uiae
1814 4374 1849 4434 S.
1856 4373 1894 4434 D.
1900 4373 1933 4435 tl.

1141 4474 1299 4533 innocentii
1310 4469 1426 4546 Ocuri,
1443 4474 1540 4534 uxoris
1553 4473 1589 4533 D.
1601 4469 1724 4536 Gerardi
1738 4473 1932 4547 Usus-ilaris,

1141 4573 1309 4634 mercatoris
1323 4572 1480 4645 lanoensia,
1494 4572 1656 4652 depositarii
1669 4573 1725 4634 SD.
1737 4572 1775 4634 D.
1787 4572 1822 4634 Ν.
1840 4575 1933 4655 Papae

1142 4674 1279 4754 praedicti
1294 4720 1316 4733 ..
1332 4684 1381 4735 .et
1396 4673 1543 4752 impositus
1554 4673 1609 4735 luit
1620 4674 1711 4736 eidem
1729 4676 1933 4757 anulosspan·

1140 4776 1250 4837 salitius
1265 4785 1411 4855 praesente
1424 4773 1482 4835 SS.
1498 4774 1534 4835 D.
1548 4773 1583 4834 Ν.
1598 4775 1677 4856 Papa
1693 4776 1858 4856 praedicto,
1871 4778 1933 4839 tta.

1139 4875 1268 4936 Dominis
1281 4875 1379 4936 Sanan
1389 4874 1470 4935 Petri
1481 4875 1517 4934 ad
1529 4875 1649 4937 Vincula
1659 4888 1689 4937 et
1698 4876 1800 4938 Sancti
1807 4876 1931 4957 cecini

1140 4974 1340 5036 Cardinalibus
1353 5020 1362 5048 ,
1377 4976 1534 5037 cusentino
1545 4988 1574 5038 et
1588 4977 1795 5039 Beneventano
1816 4979 1932 5041 crebis·

1142 5076 1283 5157 piscopis,
1317 5077 1478 5152 Aleriatsi,
1499 5079 1697 5151 Volterrano,
1724 5078 1907 5143 'fornacensi
1923 5124 1932 5152 ,

1140 5178 1284 5249 duriensi,
1306 5180 1485 5251 cortanensi,
1512 5177 1712 5251 Deliitaoensi,
1730 5189 1760 5239 ct
1778 5179 1845 5240 aliis
1868 5181 1931 5259 epi·

1139 5278 1242 5357 scopis,
1266 5277 1391 5341 Falcone
1411 5280 1446 5339 de
1470 5279 1646 5352 Sinibaldis,
1668 5278 1789 5358 Rigotto
1812 5279 1925 5354 Britan

1140 5389 1169 5439 et
1188 5379 1249 5437 aliis
1270 5380 1404 5457 praelatis
1426 5380 1619 5458 praesentibus
1626 5402 1637 5452 ς
1662 5398 1721 5458 quo
1742 5380 1820 5440 lactc
1840 5381 1928 5442 exivit

1139 5479 1235 5538 aulam
1257 5477 1447 5557 praedictam,
1468 5491 1496 5540 et
1524 5480 1600 5539 venit
1621 5479 1656 5538 ad
1677 5480 1777 5539 aulam
1802 5473 1925 5541 Pontid-

1144 5596 1209 5638 conr
1232 5576 1286 5639 SS.
1308 5577 1343 5637 D.
1366 5575 1399 5638 Ν.
1423 5596 1491 5639 cum
1521 5580 1653 5668 omnibus
1680 5577 1852 5661 praedictis,
1874 5579 1922 5643 ubi

1140 5696 1252 5739 rneruae
1272 5688 1330 5741 tres
1345 5691 1461 5756 paratae
1476 5692 1559 5744 eraut
1574 5700 1628 5759 pro
1643 5680 1763 5760 prandio
1784 5682 1923 5755 iacienda,
