4492 6859
243 667 353 753 (raso)

244 809 324 865 viam
341 816 481 867 venerunt
500 804 624 866 familiae
646 806 839 869 cardinalium
864 808 923 869 sine
943 827 1029 888 prae·

245 907 314 966 latis
329 904 386 988 (l),
400 905 530 966 videlicet
546 905 721 986 Coppellani‚
735 920 765 968 et
778 908 906 969 scutiferi
918 918 1028 967 tantum

242 1004 560 1066 Reverendissimorum
596 1006 790 1068 Domitiorum
820 1007 1027 1068 cardinalium.

241 1104 467 1184 Neapolitanus,
489 1105 520 1165 S.
545 1106 659 1179 lilarei,
686 1106 720 1168 de
749 1108 932 1182 comitibus,
952 1106 1029 1168 Par·

241 1206 367 1277 mensis,
386 1206 420 1265 de
438 1205 542 1279 Faxo,
563 1206 663 1267 Sanc-d
688 1205 829 1287 Georgii,
860 1207 894 1268 de
924 1206 1027 1268 Sabel-

242 1306 289 1376 lis,
310 1304 462 1378 Columna,
480 1315 509 1367 et
529 1305 653 1367 Ursinus
673 1308 698 1367 si
720 1306 789 1369 berte
802 1307 930 1380 memini,
949 1317 978 1368 et
996 1306 1027 1366 S.

242 1404 398 1466 clementis
418 1408 519 1484 utique
525 1427 535 1479 3
546 1407 672 1467 aliorum
694 1406 901 1480 cardinalium,
916 1408 1029 1468 sirecte

249 1505 375 1577 memini,
396 1508 493 1567 nullus
515 1508 607 1578 misit,
625 1507 778 1589 licetPapa
801 1508 930 1569 mandari
941 1509 1029 1568 iecis-

242 1615 288 1666 set
307 1605 439 1666 omnibus
459 1624 526 1665 suas
546 1607 668 1667 familias
689 1608 818 1680 mittere,
837 1626 894 1669 non
913 1608 1029 1686 praela·

245 1716 302 1778 tos;
325 1706 454 1767 similiter
467 1726 533 1766 cum
545 1708 652 1767 familia
665 1707 759 1787 Papae
781 1717 922 1769 venerunt
942 1706 1029 1768 cubi·

245 1805 352 1865 cularii
372 1817 400 1866 et
419 1806 549 1867 scutiferi
569 1809 779 1868 tantumlntra
799 1819 913 1888 partam
932 1826 1028 1869 amnes

246 1915 417 1984 receperunt
430 1925 496 1966 eum
509 1905 538 1965 in
551 1906 643 1968 medio
653 1908 1029 1987 spacio,birretasuadepo·

249 2014 346 2065 nentes
360 2015 388 2064 et
401 2004 534 2064 adstatim
546 2018 721 2085 reponentes.
740 2006 855 2067 'Furcas
866 2020 962 2068 autem
974 2026 1029 2067 ca·

244 2116 308 2184 put,
330 2123 411 2166 more
428 2125 492 2178 suo,
513 2123 618 2184 magno
635 2108 699 2166 velo
713 2107 777 2167 albo
794 2118 901 2169 tectum
912 2109 1028 2182 babens,

242 2206 351 2266 nemini
362 2205 597 2286 discooperiebat,
609 2206 656 2265 sed
668 2215 778 2267 tautum
786 2226 890 2287 parum
905 2208 1028 2269 inclina·

241 2305 303 2367 bat.
315 2306 431 2367 Primus
441 2328 476 2368 ex
486 2308 595 2367 inmitia
606 2306 748 2386 cujusque
763 2309 922 2371 cardinalis
933 2310 1028 2389 ipsum

243 2407 396 2487 recipiebat
406 2406 461 2467 sub
473 2404 640 2482 hujusmodi
662 2408 751 2469 ferme
768 2407 872 2468 verbis:
886 2443 926 2453 -
941 2409 977 2467 ti.
992 2408 1027 2467 i).

244 2524 332 2583 meus
349 2505 509 2567 cardinalis
530 2505 563 2565 tt.
586 2506 620 2568 de
642 2508 774 2567 mandato
794 2506 848 2567 SS.
868 2506 903 2566 O.
919 2506 951 2566 tt.
969 2506 1029 2566 Pa·

242 2625 299 2686 pae
328 2607 417 2666 mittit
447 2606 562 2667 obviam
591 2607 780 2687 Magnitudioi
805 2609 922 2669 Vestrae
952 2609 1026 2669 banc

247 2726 330 2768 suam
348 2707 487 2768 tarnittam
508 2706 542 2767 de
558 2707 683 2768 adveatu
700 2708 776 2768 illius
790 2707 916 2787 gaudens
926 2728 963 2767 -t
977 2728 1028 2769 ex-

246 2823 333 2893 cepto
343 2814 377 2873 D.
393 2810 482 2872 Petro
503 2808 671 2870 caudatario
692 2808 818 2888 Hispano
838 2808 874 2868 ti.
895 2809 929 2867 l).
952 2811 1027 2872 car·

244 2912 347 2973 dinalis
371 2911 470 2972 Sancti
496 2911 604 2983 Marci,
621 2910 716 2989 primo
736 2910 860 2971 familiae
884 2907 1028 2986 ejusdem,

245 3016 338 3093 quiin
355 3015 408 3074 bac
429 3024 481 3072 aut
502 3012 595 3072 simile
617 3011 773 3073 verborum
793 3013 927 3072 sententia
944 3030 1028 3071 eum·

245 3112 312 3175 dem
323 3114 434 3192 accepit
449 3112 559 3172 dicens:
575 3144 611 3154 --
621 3111 686 3171 Ser.
703 3110 936 3190 Pr·inceps.R.O.
950 3129 1028 3171 meus

245 3214 408 3276 cardinalis
429 3213 528 3272 Sancti
550 3211 652 3284 Marci,
672 3229 775 3289 magno
787 3211 892 3290 gaudio
913 3210 1028 3271 affectus

245 3327 290 3377 est
302 3316 349 3375 ubi
361 3314 498 3376 intellexit
513 3312 713 3374 celsitudinem
727 3313 855 3373 Vestram
869 3312 904 3371 ad
919 3311 1028 3373 Urbem

248 3417 465 3489 adventuram3
485 3414 688 3491 quamobrem,
711 3423 743 3471 ut
768 3413 843 3474 banc
870 3414 954 3473 animi
984 3414 1028 3472 sui

244 3515 458 3594 jucunditatem
489 3512 671 3585 ostenderet,
702 3514 851 3573 ¹familiam
881 3532 961 3573 snam
991 3513 1028 3573 ad

246 3619 326 3678 illius
347 3619 508 3697 ingressum
530 3615 728 3675 honorandum
749 3616 832 3676 misit.
850 3615 946 3694 Rogat
968 3613 1028 3674 Sua

246 3720 284 3781 tt.
300 3721 335 3780 l).
357 3720 449 3780 Deum
469 3720 609 3799 optimum
631 3719 786 3778 maximum
808 3718 1028 3797 omnipotentem

250 3834 284 3882 at
302 3822 349 3881 bic
370 3818 522 3897 blajestatis
543 3821 659 3881 Vestrae
681 3819 820 3880 adventus
838 3819 907 3879 ielis
923 3819 1029 3879 etlan-

246 3935 309 3983 stus
331 3923 379 3995 sit,
397 3942 431 3982 cx
453 3938 544 3997 enque
572 3920 637 3979 talis
665 3920 805 3989 tructus,
826 3919 940 3994 qualem
962 3916 1029 3990 boni

249 4042 349 4084 omnes
370 4030 513 4100 exoptant,
532 4029 561 4078 et
581 4018 617 4076 ad
636 4019 713 4077 bunc
728 4016 812 4078 linem
828 4030 856 4077 et
878 4016 1030 4076 Serenitati

250 4124 370 4183 Vestrae
391 4121 425 4181 de
446 4137 584 4197 prospero
602 4117 726 4177 adventu
748 4119 925 4197 gratulatur,
936 4127 966 4177 et
985 4116 1031 4177 ei·

245 4223 314 4282 dem
329 4239 358 4278 se
370 4230 398 4279 et
413 4239 465 4279 sua
479 4220 574 4279 omnia
590 4216 745 4277 liberaliter
764 4217 854 4279 oilert.
868 4215 1030 4276 -Turcus

246 4319 412 4401 praedictus
430 4329 496 4379 ante
515 4326 543 4378 et
564 4326 628 4397 post
648 4316 837 4395 receptionem
856 4317 1030 4396 praedictam
1061 4310 1066 4405 Ι

247 4420 389 4500 equitavit
411 4418 486 4479 inter
505 4418 691 4478 Franciscum
704 4416 775 4477 cibo
795 4416 972 4478 Sanctissimi
993 4416 1028 4476 O.

248 4523 284 4584 N.
298 4533 427 4602 nepotem
447 4517 524 4603 (ala
545 4519 663 4589 dextris,
684 4529 712 4578 et
733 4517 866 4579 Priorem
880 4515 1030 4577 Alverniae

208 4662 210 4665 <
247 4634 380 4705 nepotem
400 4621 530 4699 Magistri
552 4620 618 4680 novi
638 4618 798 4680 cardinalis
819 4637 836 4677 a
857 4618 1031 4678 sinistristet

249 4725 317 4785 licet
348 4723 470 4782 Senator
493 4720 580 4782 Urbis
612 4729 642 4780 et
671 4720 770 4799 plures
792 4717 931 4778 Oratores
956 4716 1031 4790 laici,

250 4823 382 4885 videlicet
398 4822 485 4901 Regis
503 4818 688 4893 Ferdinandi,
709 4817 832 4879 Dominii
857 4818 1031 4879 Venetorum

248 4924 336 4986 etalii
349 4919 588 4984 etiamPontificis
600 4918 1030 4997 albncs‚praedictumTurcum

250 5024 424 5104 receperint,
445 5032 550 5094 tamen,
562 5023 629 5098 quia
651 5020 812 5100 praedictus
825 5018 909 5079 Prior
924 5019 1031 5079 Alver-

250 5126 324 5195 aiae,
344 5142 472 5184 asserens
496 5143 525 5182 sc
557 5120 711 5183 Oratorem
733 5120 820 5200 Regis
849 5122 1031 5182 Francorum

292 5334 327 5390 (1)
342 5325 518 5387 Corrigendus
535 5337 596 5387 ergo
613 5325 704 5374 Bosius
721 5329 765 5387 qui
783 5326 827 5373 ait:
840 5345 849 5365 ·
864 5324 890 5371 V’
900 5325 1031 5374 andarono

251 5409 325 5459 motti
342 5406 513 5462 arrivescovi‚
529 5403 645 5461 vescovi,
661 5404 748 5452 abbati
767 5417 782 5453 e
798 5404 891 5465 prelati
907 5415 967 5451 ec.-

291 5488 326 5548 (2)
353 5486 473 5546 Nepotem
499 5495 551 5532 non
568 5482 661 5543 tegitur
686 5482 711 5530 in
728 5482 823 5531 Codice
842 5483 981 5539 vaticano,
998 5493 1030 5529 ex

253 5566 402 5616 testimonio
420 5563 522 5613 Oderici
539 5559 663 5624 ltaynaldi
678 5561 688 5621 (
704 5561 742 5609 Ad
758 5573 816 5611 nnn.
839 5561 908 5610 ttae.
927 5558 950 5624 ξ,
972 5560 1032 5619 lli.)

251 5650 279 5694 et
295 5648 367 5694 certe
383 5645 499 5694 scribere
516 5640 809 5704 aequiritllurcnardus
820 5640 881 5701 qriin
898 5640 947 5689 sibi
969 5652 1032 5690 con·

252 5726 403 5775 tradiceret.

702 668 981 735 roarmtctttis
1001 668 1224 736 tttttocttttttt
1244 666 1396 731 OchVl.
1817 664 1877 726 tlt

1097 827 1158 869 esse
1179 818 1208 867 et
1228 823 1329 867 caram
1348 802 1417 865 dicti
1438 802 1528 864 Tucci
1546 803 1598 862 sibi
1611 799 1790 863 commissam
1807 820 1878 876 csse,

1097 906 1285 979 senatorial
1299 904 1362 963 aliis
1385 901 1557 977 Oratoribus
1570 904 1666 963 locum
1689 900 1757 963 darc
1775 902 1878 971 noluit,

1096 1016 1214 1086 excepto
1227 1005 1378 1078 Senatore,
1397 1003 1448 1081 qui
1469 1012 1534 1063 anta
1549 1021 1602 1063 nos
1619 1003 1770 1081 equitavit,
1782 1021 1878 1062 omnes

1097 1116 1286 1167 recesserunt.
1320 1105 1456 1165 Venimus
1478 1102 1533 1163 hoc
1554 1097 1652 1164 ordine
1681 1103 1718 1162 ad
1742 1103 1878 1182 palatium

1096 1204 1294 1285 Apostolicum
1320 1203 1398 1283 apud
1416 1202 1555 1264 Sanctum
1569 1201 1699 1275 Petrum,
1719 1205 1747 1263 in
1762 1222 1831 1280 qao,
1848 1204 1878 1262 in
1942 1223 1943 1227 ¹

1097 1305 1217 1367 cameris
1237 1303 1420 1383 apostolicis,
1439 1303 1543 1380 quibus
1564 1303 1737 1381 imperator,
1761 1322 1795 1361 ac
1818 1302 1879 1362 Re·

1096 1422 1147 1482 ges
1166 1416 1194 1465 et
1212 1403 1261 1463 alii
1282 1404 1378 1483 inagni
1399 1403 1546 1482 Principes
1560 1404 1649 1482 recipi
1667 1404 1767 1474 solent,
1780 1402 1879 1481 bospi-

1097 1516 1174 1565 tatus
1195 1515 1258 1573 est,
1280 1524 1330 1583 per
1352 1513 1465 1583 partem
1485 1503 1583 1564 Sancti
1602 1502 1879 1572 Bar·tbolotnei‚sirc

1096 1607 1223 1679 insulae,
1253 1606 1375 1685 plateam
1401 1605 1588 1678 iudaeorum,
1609 1606 1750 1684 Campum
1776 1605 1880 1666 Florae

1096 1718 1177 1766 reaia
1198 1706 1242 1765 ria
1260 1706 1297 1764 ad
1315 1703 1458 1765 Palatium
1477 1706 1664 1785 praedictum,
1684 1705 1879 1784 magnumui-

1097 1806 1216 1867 titudine
1237 1806 1411 1885 populorum
1431 1804 1556 1883 undiquc
1576 1806 1711 1865 stantium
1726 1816 1755 1865 et
1776 1805 1880 1864 introi·

1096 1916 1159 1966 tum
1186 1904 1352 1981 hujusmodi
1373 1905 1615 1983 conspicientium.
1637 1905 1771 1984 lnprimis
1795 1906 1882 1982 equi·

1096 2007 1192 2066 tabant
1225 2006 1350 2067 familiae
1378 2004 1596 2080 Cardinalium,
1626 2006 1725 2067 deinde
1757 2007 1881 2067 familiae
1939 2054 1942 2063 .

1095 2107 1219 2166 militum
1250 2116 1280 2167 et
1311 2106 1437 2177 milites,
1460 2106 1510 2183 qui
1539 2106 1670 2167 Turcum
1695 2126 1730 2169 ex
1755 2107 1878 2167 Francia

1095 2208 1299 2269 conduxerant.
1333 2207 1454 2266 Familia
1481 2206 1582 2279 Turci,
1619 2226 1746 2285 quorum
1782 2208 1879 2267 decem

1094 2318 1188 2381 erant,
1212 2310 1254 2368 rel
1274 2307 1363 2379 circa,
1388 2305 1509 2387 demptis
1531 2308 1586 2367 illis
1606 2308 1657 2384 qui
1677 2307 1810 2368 tuream
1832 2327 1879 2367 se-

1095 2390 1271 2485 quebantur,
1301 2424 1427 2484 quorum
1458 2407 1607 2487 digniora
1631 2406 1737 2468 dextris
1758 2407 1880 2468 babebat

1097 2505 1251 2569 Oratorem
1270 2507 1388 2567 Saldani
1410 2506 1444 2567 de
1465 2526 1523 2585 quo
1545 2507 1620 2569 intra
1639 2509 1767 2569 dicemus
1778 2530 1788 2581 3
1810 2527 1880 2568 scn-

1097 2608 1171 2669 tileri
1201 2608 1315 2686 Papae,
1344 2607 1467 2670 Senator
1495 2627 1563 2669 cum
1596 2608 1682 2671 certis
1709 2607 1881 2679 Nobilibus,

1096 2710 1253 2771 servientes
1263 2728 1424 2782 armorum,
1435 2708 1664 2788 Petaldusllegis
1674 2708 1881 2791 Franciae(3),
1943 2782 1945 2785 .

1096 2812 1194 2871 clerici
1208 2810 1461 2872 caerimoniarum.
1476 2816 1501 2871 Α
1517 2810 1643 2871 sinistris
1668 2810 1739 2872 meis
1755 2822 1818 2872 erat
1836 2814 1882 2871 in·

1096 2922 1208 2991 terpres
1241 2912 1355 2984 Turci,
1375 2922 1404 2973 et
1434 2911 1551 2973 Furcas
1581 2912 1657 2972 inter
1689 2912 1879 2972 Franciscum

1096 3013 1188 3084 cibo,
1209 3025 1237 3072 ct
1264 3012 1396 3073 Priorem
1422 3014 1599 3093 praedictos,
1619 3014 1880 3093 Purcbopellerius

1096 3112 1280 3187 Rhodiarum,
1293 3125 1420 3191 quatuor
1434 3134 1468 3174 ex
1489 3115 1631 3175 nobilibus
1649 3115 1777 3176 seruiliae
1794 3116 1878 3175 Tur-

1096 3215 1136 3286 ci,
1167 3213 1347 3275 cubicularii
1376 3213 1486 3293 Papae,
1515 3215 1660 3275 Rhodiaai
1682 3233 1780 3276 omnes
1812 3224 1877 3293 post
1961 3197 1967 3210 ³

1097 3313 1296 3375 cubiculares.
1330 3313 1447 3375 'Parcus
1481 3317 1509 3375 in
1540 3315 1651 3378 Palatio
1677 3316 1822 3378 descendit
1853 3318 1881 3376 iii

1097 3412 1188 3473 Curia
1223 3413 1272 3473 ubi
1303 3412 1470 3477 cardinales
1501 3418 1633 3494 equitare
1660 3419 1773 3489 soleat,
1803 3416 1879 3479 unde

1097 3515 1273 3576 ascendendo
1304 3535 1355 3595 per
1388 3519 1485 3577 aulam
1516 3537 1649 3597 magnam
1679 3519 1715 3578 ad
1750 3538 1879 3580 cameras

1097 3616 1315 3695 praedictorum
1334 3617 1390 3676 suit
1410 3617 1564 3691 deductus,
1577 3620 1628 3678 ubi
1651 3620 1811 3700 hospitatus
1825 3631 1880 3694 est,

1097 3728 1128 3776 et
1145 3736 1162 3775 a
1184 3717 1329 3776 militibus
1347 3718 1504 3795 praedictis
1525 3720 1695 3779 custoditus.

1140 3816 1283 3877 iliensibus
1305 3818 1481 3895 supradictis
1502 3819 1578 3880 seuit
1592 3820 1627 3878 ad
1643 3821 1751 3881 Urbem
1764 3819 1874 3882 Orator

1099 3913 1224 3974 Grandis
1237 3912 1407 3996 Saldanttt)
1415 3916 1613 3977 adSummum
1625 3918 1795 3981 Pontificem
1807 3922 1881 3980 mis·

1098 4033 1147 4074 sus
1169 4028 1287 4095 propter
1310 4016 1441 4076 Tuccam
1473 4017 1555 4078 bodie
1587 4030 1745 4097 receptum.
1765 4020 1793 4079 ls
1811 4038 1878 4079 cum

1101 4113 1186 4177 bodie
1201 4116 1381 4177 intellexisset
1393 4117 1524 4177 Turcum
1540 4118 1650 4180 Urbem
1666 4121 1877 4199 ingressurum,

1100 4215 1178 4277 verrit
1198 4216 1287 4277 etiam
1312 4217 1427 4277 obviam
1448 4238 1536 4296 eques
1561 4237 1629 4279 cum
1654 4222 1761 4281 tamilla
1791 4222 1880 4301 pede·

1139 4452 1174 4511 (3)
1190 4450 1267 4509 Quid,
1276 4461 1341 4498 roca
1353 4449 1478 4509 retortas,
1490 4450 1635 4513 significare
1651 4453 1763 4502 voluerii
1776 4457 1878 4514 auctor,

1099 4541 1151 4577 non
1176 4529 1239 4577 aiibi
1260 4529 1425 4590 exploratum
1451 4533 1501 4578 est.
1525 4529 1617 4579 Bosius
1642 4530 1882 4594 interequitantes
1919 4573 1925 4586 .

1100 4612 1221 4658 recenset
1241 4607 1258 4656 it
1283 4608 1330 4670 sip.
1354 4608 1381 4657 di
1406 4607 1513 4657 Falcone
1535 4609 1718 4659 anibasciatorc
1740 4611 1779 4660 del
1801 4610 1833 4660 lta
1855 4612 1882 4661 di

1098 4686 1210 4747 Francia
1227 4686 1260 4735 dc
1277 4698 1328 4748 quo
1344 4685 1509 4736 burchardus
1526 4700 1577 4736 noa
1596 4689 1718 4750 loquitur.
1733 4688 1813 4739 Estne
1830 4704 1881 4740 una

1099 4765 1243 4826 eademque
1259 4766 1395 4825 personat

1141 4846 1175 4902 (l)
1200 4843 1294 4892 Orator
1310 4841 1343 4890 de
1359 4854 1411 4903 quo
1427 4842 1469 4891 bic
1487 4836 1608 4904 loquitur⁴
1621 4845 1805 4905 burchardus,
1823 4851 1879 4895 erat

1098 4921 1208 4985 Legatus
1225 4920 1328 4970 soldani
1350 4922 1535 4984 Aegyptiorum
1552 4923 1817 4986 Babyloniorumque,
1833 4927 1881 4985 qni

1100 5004 1134 5052 ad
1151 5001 1314 5051 suscitandos
1332 5001 1356 5049 iu
1373 5000 1539 5061 Rapazetbem
1556 5002 1717 5051 Christianos
1740 5002 1881 5064 Principes,

1100 5088 1126 5132 et
1143 5084 1176 5130 ad
1192 5079 1350 5129 conterenda
1379 5093 1437 5128 cum
1463 5079 1583 5130 Pontillca
1605 5080 1697 5130 bellica
1716 5084 1740 5129 in
1762 5093 1881 5130 commu·

1099 5174 1159 5211 uem
1177 5162 1279 5209 bostem
1297 5159 1412 5215 coasilia,
1424 5158 1732 5221 accesserat.Stepbanus
1750 5158 1881 5208 latessura

1101 5243 1138 5292 sic
1156 5241 1333 5302 receptionem
1350 5237 1485 5288 describit:
1504 5258 1514 5279 ι
1533 5236 1606 5287 Venit
1630 5239 1653 5286 ei
1677 5238 1811 5296 (Zizima)
1831 5237 1881 5285 ob·

1100 5323 1169 5370 viam
1198 5319 1373 5368 ambasciator
1400 5317 1482 5379 ltlagni
1509 5315 1613 5366 Soldaai
1640 5315 1806 5380 babylonici:
1836 5319 1881 5379 qui

1100 5404 1210 5463 propter
1238 5399 1313 5446 istam
1341 5407 1446 5445 causam
1465 5397 1661 5454 marcuerat,
1680 5400 1707 5444 ut
1733 5395 1835 5452 terium
1854 5398 1882 5445 et

1100 5491 1158 5528 cum
1176 5477 1285 5526 vidisset
1304 5487 1380 5533 eum,
1402 5474 1491 5522 statim
1508 5475 1620 5535 projecit
1636 5473 1669 5522 de
1686 5486 1753 5536 equo
1771 5486 1837 5530 suo,
1853 5479 1880 5524 et

1100 5556 1214 5623 procidit
1231 5555 1257 5604 in
1274 5558 1372 5603 terram
1390 5555 1416 5601 et
1432 5552 1564 5601 osculatus
1581 5556 1622 5601 est
1638 5551 1733 5613 pedem
1750 5554 1810 5614 equi
1827 5553 1881 5612 sui,

1102 5642 1129 5689 et
1146 5638 1231 5697 ipsum
1248 5633 1372 5681 salutavit
1388 5643 1446 5680 cum
1465 5643 1556 5693 magna
1573 5631 1768 5699 reverentia‚ct
1785 5630 1878 5681 deiude

1102 5713 1246 5768 associavit
1262 5723 1321 5761 cum
1338 5722 1421 5772 usque
1438 5709 1471 5759 ad
1487 5709 1584 5759 dictum
1601 5709 1736 5769 palatium.
1756 5730 1766 5751 .
