4492 6859
354 626 417 689 sta
846 625 1132 691 contrectatus
1152 626 1380 691 statarium
1401 627 1528 692 taxat.

354 764 478 827 ousian
498 780 568 823 cura
586 761 615 822 id
636 762 707 823 alias
735 772 767 823 et
785 778 879 842 nuper
900 762 991 825 tuerit
1013 763 1043 822 in
1064 763 1148 824 [luce

352 864 541 927 Ferrariensa
561 862 762 937 observatum,
776 862 827 941 qni
849 864 932 942 prius
945 863 982 923 ad
997 862 1145 925 Pontificio

351 963 544 1045 praesentiam
562 963 652 1036 venit,
670 981 759 1042 quam
778 962 903 1042 bospitio
923 983 978 1025 suo
997 963 1146 1043 recipen-

351 1073 411 1125 tur.
434 1062 550 1125 Placuit
570 1062 725 1124 Sanctitati
746 1063 824 1125 Suae
845 1082 913 1124 mea·
934 1066 1047 1126 circum
1081 1065 1146 1143 pri·

355 1182 438 1225 mum
456 1163 605 1238 sententia,
623 1162 845 1225 ctCardioalem
858 1165 1147 1237 Vicemncellarium‚

352 1278 381 1328 ct
391 1263 497 1327 dicatis
507 1264 623 1345 Regalis
636 1264 853 1344 coudeputavit,
863 1266 916 1343 qui
930 1265 1016 1326 simul
1032 1264 1144 1327 Mum

353 1367 518 1450 Principem
541 1368 701 1429 ventarum
731 1376 815 1429 extra
845 1377 961 1445 portam
980 1366 1145 1426 Asimriam

356 1471 515 1549 reciperent
533 1478 565 1529 et
585 1486 668 1529 more
687 1468 774 1529 solito
794 1468 980 1529 associarent:
1002 1467 1081 1528 circa
1096 1486 1145 1527 sc·

353 1570 494 1642 candum,
515 1569 584 1648 quia
604 1566 755 1629 Doaainica
772 1567 820 1627 dia
839 1586 912 1629 nona
933 1563 1024 1644 buius
1040 1569 1146 1629 metuis

355 1670 452 1733 dictus
477 1670 617 1752 Princeps
645 1681 719 1733 esset
740 1670 851 1733 Urbem
878 1673 1066 1746 intraturus,
1085 1690 1143 1751 qua

357 1788 450 1851 nequa
471 1773 569 1845 Missa,
591 1790 684 1851 neque
704 1790 801 1834 sermo
820 1775 1022 1836 convenienter
1048 1773 1144 1835 omitti

356 1883 480 1950 possem,
493 1873 595 1952 sicque
615 1873 663 1933 vix
683 1884 749 1934 ante
770 1890 840 1934 xxr.
863 1872 967 1957 boram
983 1873 1078 1953 ipsum
1093 1892 1145 1934 re-

356 1971 412 2051 cipi
423 1983 517 2053 poamt
526 1974 556 2033 in
568 1983 652 2053 porta
669 1985 699 2034 et
705 1973 806 2035 deinde
821 1984 935 2054 tempus
948 1973 985 2033 ad
1001 1972 1146 2035 Palatium

355 2072 496 2147 veniendi,
510 2085 540 2133 et
553 2093 587 2133 ex
608 2084 673 2153 post
691 2074 810 2134 eumad
827 2076 990 2155 Apostolos,
1004 2075 1055 2135 ubi
1069 2085 1145 2137 asset

354 2172 551 2254 hospitandus,
579 2175 737 2236 associandi
758 2193 883 2254 nequem
910 2161 1061 2248 sufficere,
1089 2175 1143 2237 sibi

354 2276 450 2335 risum
470 2285 513 2336 est
533 2276 640 2355 potius,
661 2274 740 2353 quod
757 2292 791 2337 ea
816 2275 882 2347 die,
902 2274 978 2337 idem
1003 2276 1145 2358 Princeps

354 2375 390 2435 ad
404 2375 594 2437 Sanctitatcm
611 2374 702 2436 Suam
723 2391 780 2437 oon
802 2377 1081 2450 contremuimus
1097 2382 1145 2440 vis

356 2475 393 2533 sd
414 2474 571 2553 Apostolos
591 2474 797 2550 associaretur,
815 2476 955 2537 mandans
980 2478 1050 2538 mibi
1066 2479 1144 2557 quod

354 2594 421 2638 sero
445 2574 524 2635 illius
544 2574 611 2648 diei,
630 2594 704 2652 quae
726 2576 784 2637 luit
805 2595 848 2639 vr.
872 2575 975 2654 buius,
998 2580 1084 2639 selim
1108 2579 1145 2638 ad

356 2674 543 2737 Sanctitmmu
559 2673 651 2735 Suam
667 2663 774 2750 redire,
785 2686 815 2737 at
833 2677 949 2751 ibidem,
966 2678 996 2737 in
1010 2678 1045 2739 Ι).
1056 2678 1145 2739 laco·

1215 762 1363 837 sementim
1382 761 1461 840 qood
1481 762 1623 824 dmuittica
1638 762 1714 825 bono
1735 782 1830 837 masc,
1847 765 1903 847 ipsi
1914 768 2010 839 ambs,

1216 859 1348 923 &omns
1357 869 1387 923 et
1397 860 1600 942 Neapolitanus
1611 866 1774 943 equitarunt
1783 866 1822 927 ad
1834 867 2008 930 Pontificem

1215 979 1271 1040 pro
1291 962 1405 1023 licenda
1424 962 1595 1039 obtinenda3
1616 984 1675 1043 qua
1690 966 1819 1040 obtmta,
1840 968 1955 1047 absque
1976 988 2009 1030 aa

1215 1061 1306 1150 quodq
1324 1059 1429 1123 blissae
1460 1062 1651 1134 interessent,
1670 1067 1836 1144 equitarent
1866 1068 2010 1142 obviam

1215 1162 1329 1222 luterim
1348 1162 1497 1224 dicoretur
1512 1162 1608 1238 blissa,
1620 1175 1650 1225 et
1668 1166 1792 1228 temtttse
1806 1166 2009 1230 cardinalium

1215 1261 1377 1340 prandium·
1392 1262 1542 1336 tanmem,
1562 1276 1592 1325 at
1618 1266 1703 1327 llissa
1725 1269 1825 1340 linita,
1846 1280 1877 1330 ot
1898 1269 2005 1331 Cardi-

1215 1361 1328 1423 uatibus
1348 1362 1385 1422 ad
1416 1363 1518 1425 domos
1539 1367 1712 1442 associatis,
1734 1382 1849 1449 possent
1877 1373 2008 1451 singular

1214 1463 1402 1535 remittente
1413 1463 1473 1525 duo
1488 1466 1529 1524 illi
1545 1465 1711 1528 Cardinalss
1726 1470 1867 1551 deputati,
1885 1471 2008 1551 prandio

1213 1562 1330 1636 omisso,
1344 1562 1436 1623 eidem
1458 1564 1573 1624 obviam
1590 1567 1700 1642 renis-m
1716 1572 1825 1648 quibas
1838 1572 2009 1634 cardinali·

1214 1660 1269 1723 bus
1289 1664 1588 1743 appropinquantibus
1620 1668 1788 1731 recederent
1819 1672 1860 1732 ab
1888 1690 1925 1732 ao
1957 1692 2008 1752 per

1213 1764 1300 1824 aliam
1332 1763 1409 1822 viam
1443 1762 1647 1844 Neapolitanus
1683 1781 1712 1829 et
1746 1770 1881 1832 Senensis
1911 1781 1942 1832 et
1972 1775 2007 1832 ad

1213 1862 1361 1924 Palatium
1370 1864 1537 1941 equitarent
1556 1865 1659 1929 ibidem
1679 1887 1748 1931 cum
1763 1870 1906 1933 Pontibus
1919 1872 2008 1932 Prin·

1213 1963 1305 2043 cipem
1324 1972 1513 2043 expectantes.
1536 1966 1650 2029 Placuit
1678 1969 1749 2032 baec
1769 1975 1911 2033 amtesrtls
1937 1972 2009 2034 lter.

1214 2062 1251 2124 b.
1271 2062 1470 2143 Neapolitano,
1484 2067 1534 2129 sed
1549 2070 1629 2130 circa
1640 2090 1703 2131 cam
1719 2074 1938 2152 aliquantulum
1951 2076 2010 2135 dn-

1213 2164 1324 2225 bitavit.
1354 2164 1428 2225 llam
1449 2166 1473 2225 si
1495 2186 1512 2226 a
1533 2168 1684 2242 Pontifice,
1704 2185 1769 2233 ante
1790 2176 2009 2237 conclusione·

1214 2282 1282 2327 curu
1303 2263 1505 2327 cardinnibus
1535 2267 1695 2331 iaciendum
1727 2291 1764 2333 an
1797 2273 1945 2355 Princeps
1974 2278 2009 2337 ad

1214 2364 1365 2428 Pontificio
1397 2369 1586 2445 praesentiam
1608 2371 1757 2434 docendus
1788 2375 1836 2436 rel
1864 2391 1926 2437 uon
1949 2376 2011 2437 dis·

1213 2476 1311 2526 cesant
1323 2507 1332 2539 ,
1364 2467 1507 2529 nescirent
1554 2471 1625 2548 quid
1666 2471 1796 2554 Principi
1827 2494 1923 2557 super
1955 2478 2010 2539 boa

1212 2566 1322 2640 dicere,
1344 2585 1379 2629 ac
1401 2569 1472 2647 ipsis
1490 2583 1585 2649 posset
1598 2572 1789 2653 imputari,si
1811 2595 1871 2637 non
1892 2575 2014 2659 racipe·'

1213 2678 1308 2741 ratur,
1326 2666 1406 2745 quod
1426 2668 1478 2748 ipsi
1500 2668 1629 2753 Principi
1650 2691 1739 2754 super
1758 2676 1815 2737 boc
1831 2695 1892 2739 non
1918 2680 2010 2739 iaris·

356 2776 384 2836 bl
396 2774 442 2861 (l)
453 2776 586 2856 Pontani,
597 2775 684 2855 Regii
695 2773 843 2849 oratoris,
853 2778 1027 2857 praesentia,
1037 2780 1088 2856 qui
1108 2779 1147 2838 ad
1211 2779 1285 2841 seon
1299 2786 1334 2829 ⁶¹
1350 2787 1410 2847 (111⁰
1425 2771 1499 2833 ittet·
1518 2772 1594 2851 ipsos
1610 2774 1777 2839 cardinales
1793 2793 1847 2858 par
1864 2797 1913 2841 nte
1931 2780 2009 2842 lacta

356 2876 413 2939 boc
432 2877 607 2947 vocabatur,
627 2877 755 2938 rationes
774 2876 910 2940 inducere
931 2896 984 2957 per
1006 2896 1079 2955 qaas
1098 2879 1146 2941 tue
1166 2892 1169 2897 ¹
1211 2880 1254 2930 ast
1268 2870 1416 2932 conclusio
1428 2872 1675 2953 quod,singulisa
1689 2876 1830 2940 Pontibca
1842 2882 2008 2955 intellectis,

357 2976 500 3055 intelligat
516 2974 628 3036 dictum
647 2974 827 3056 Principem,
844 2995 900 3038 non
922 2979 987 3039 tore
1007 2979 1043 3037 ad
1064 2978 1147 3042 Pon·
1213 2970 1415 3048 tltelel'mittt
1429 2972 1787 3058 tumltfflbml'tisstlpi
1801 2991 2008 3044 marceant.

355 3076 438 3139 aad.
469 3078 660 3159 prmum
695 3077 882 3153 quemdum,
911 3078 990 3158 quod
1011 3098 1064 3160 pe.-
1098 3100 1145 3143 m,
1256 3069 1408 3132 Dominica
1429 3074 1556 3159 mcuuda
1572 3076 1733 3150 adrentus,
1746 3097 1824 3139 costa
1844 3080 2008 3145 decuma

356 3179 466 3242 tanton
500 3190 566 3255 est3
603 3179 653 3241 sed
684 3180 733 3241 ille
759 3198 911 3255 asserem,
930 3182 967 3241 da
998 3180 1146 3244 Pontificis
1213 3168 1250 3230 R·
1283 3170 1316 3230 Ρ·
1342 3170 1378 3231 ⁰·
1409 3173 1562 3254 ttltwptlt
1594 3176 1838 3242 Batebittonansis
1867 3183 2008 3263 liagister

355 3282 553 3344 murmane
586 3281 715 3362 Principi
739 3283 910 3362 scripsisse,
935 3284 1071 3361 quoniam
1102 3284 1145 3345 siu
1212 3274 1358 3351 “libente
1379 3273 1537 3337 teltbttlil
1560 3277 1676 3347 Minuta
1697 3281 1847 3360 pubiicum
1879 3287 1911 3346 in
1939 3303 2008 3368 cap·

241 3424 245 3433 -
356 3381 548 3462 reciperetur,
566 3381 700 3463 Principe
721 3384 859 3463 placante,
881 3383 950 3443 dixit
965 3385 1052 3446 modo
1066 3387 1145 3461 quod
1213 3375 1287 3451 palla
1326 3385 1490 3448 000611θῦ,
1522 3377 1601 3457 Papa
1638 3394 1797 3461 praecona.
1836 3385 2006 3449 &noun

357 3482 413 3545 bat
446 3501 516 3544 curn
536 3482 686 3545 Pontiflcb
703 3495 733 3545 et
749 3484 893 3564 Principis
909 3484 1019 3546 bonore
1034 3489 1144 3548 mutari
1212 3472 1278 3534 silit
1297 3472 1416 3551 quidm
1435 3476 1526 3537 smel·
1547 3476 1668 3541 0fd5⁰i⁸
1689 3481 1861 3558 ⁸5⁰⁰th
1881 3491 2007 3569 ”W

357 3600 414 3644 m
432 3595 537 3663 pomi,
550 3602 585 3644 ex
600 3602 658 3662 quo
674 3586 779 3645 tigrum
791 3584 959 3647 pmqfioem
976 3586 1005 3646 t„
1021 3587 1145 3652 dubium
1213 3572 1336 3633 llinisui
1353 3578 1496 3653 generalis
1516 3575 1644 3654 eiusdem
1664 3579 1785 3646 Ordinis
1796 3608 1807 3659 i
1831 3588 1891 3649 alia
1913 3592 2004 3651 omnis

357 3685 536 3764 provocarit.
548 3682 848 3765 Decrentpropterca
860 3684 998 3747 Sancus.
1011 3687 1146 3750 Domini·
1213 3686 1281 3734 ⁸¹¹¹¹1
1312 3694 1394 3737 ¹¹¹⁰t⁰
1422 3679 1507 3740 wlfilo
1532 3680 1697 3745 obierim·
1731 3686 1898 3766 Antequam
1931 3689 2005 3771 Psps

358 3802 394 3845 η
414 3796 480 3847 nure
500 3785 616 3847 mmm
629 3804 717 3867 nup..-
733 3786 790 3847 he'e
804 3784 971 3850 &rituales
985 3792 1144 3853 comula-0,
1212 3777 1370 3854 cappellam
1391 3780 1569 3858 praedictam
1600 3784 1739 3859 intraret,
1770 3790 1850 3849 ausit
1881 3794 2003 3851 nuncius

302 3893 304 3895 ’
398 3885 649 3949 Vocaritlterum
664 3905 711 3948 are
731 3888 767 3947 ad
785 3907 814 3951 ae
837 3887 908 3951 Rev,
929 3888 965 3951 D.
980 3891 1146 3955 cardinalis

359 3985 563 4069 Neapolitanas
580 3987 642 4066 qui,
659 3989 824 4068 praemissis
844 4009 861 4049 a
882 4007 929 4051 me
954 3992 1144 4077 singulariter

356 4087 517 4161 intellectis,
530 4087 691 4149 abniratus
704 4098 748 4149 ast
759 4089 795 4150 de
814 4089 963 4152 Pontlbeis
978 4092 1145 4159 inconstan-

355 4188 422 4263 tia,
448 4188 573 4249 maxime
603 4207 671 4249 cum
697 4190 809 4251 diceret
836 4190 985 4253 Pontificis
1015 4196 1144 4274 primam

355 4287 442 4351 laissa
461 4289 632 4351 martiam
648 4335 657 4364 ,
673 4289 755 4369 quod
781 4289 918 4372 Princeps
936 4294 1031 4372 prima
1049 4293 1098 4356 die
1126 4313 1143 4357 a

356 4408 385 4451 sa
406 4389 609 4470 reciperatum
639 4390 739 4453 dduds
761 4390 957 4469 quaestionem
988 4396 1081 4455 movit
1108 4396 1144 4459 dc

1212 3893 1228 3934 a
1260 3876 1362 3938 ὓοικιο
1387 3878 1539 3942 Fridarico
1566 3883 1602 3946 da
1632 3887 1781 3966 Acmona,
1797 3887 1866 3967 eius
1894 3895 2004 3953 nomina

1211 3979 1376 4057 supplicans
1389 3980 1467 4057 quod
1489 3979 1545 4043 SS.
1561 3983 1596 4044 l).
1613 3984 1652 4047 tt.
1665 3984 1731 4062 eius
1751 3988 1924 4067 introitum,
1937 4013 2004 4075 pro·

1211 4091 1275 4158 pter
1297 4080 1424 4159 pluviam
1445 4083 1621 4159 existentesu,
1640 4088 1812 4167 dignaretur
1838 4112 1935 4173 usque
1970 4095 2003 4156 ad

1211 4180 1285 4241 dnus
1306 4180 1408 4242 iliartis
1429 4184 1559 4260 proxime
1571 4186 1704 4250 suturam
1723 4209 1900 4272 prorogarec
1923 4195 2004 4274 cuius

1210 4282 1338 4361 petitioni
1360 4283 1505 4347 Sanctitas
1526 4287 1588 4349 Sus
1608 4293 1708 4353 annuit
1727 4294 1879 4372 gradosa,
1900 4309 1931 4358 st
1950 4310 2003 4379 pro

1211 4383 1258 4445 die
1289 4387 1415 4447 crastina
1446 4401 1591 4451 sacratum
1625 4391 1839 4456 Consistorium
1876 4398 2002 4461 intimari

355 4490 442 4551 nodo
468 4500 498 4551 et
529 4489 632 4551 ordine
661 4492 766 4570 quibos
794 4492 855 4573 ipse
874 4492 1014 4575 Princeps
1031 4496 1068 4555 ab
1089 4514 1144 4571 eo,
1212 4485 1368 4547 mandarit.
1389 4487 1529 4551 cantores
1550 4494 1696 4572 cappellae
1716 4507 1844 4571 nostrae,
1859 4516 1915 4578 per
1930 4500 2004 4561 Orr-

354 4600 383 4650 et
399 4589 553 4654 Cordimle
574 4591 720 4666 Same,
750 4594 803 4673 qui
824 4596 911 4656 simui
931 4596 1067 4676 pertica,
1098 4599 1142 4658 vei
1211 4585 1334 4649 stillulam
1366 4589 1641 4654 Vicecancallurium
1675 4594 1824 4675 instigati,
1846 4601 2004 4663 tulum

354 4701 482 4769 quotuor
517 4693 645 4753 mitioris
676 4705 758 4754 arro
784 4694 894 4757 Urbem
933 4696 1003 4755 nuri
1028 4705 1142 4770 wne,
1175 4684 1180 4773 i
1211 4688 1366 4766 quamdam
1382 4691 1497 4753 laudam
1513 4692 1542 4753 in
1562 4693 1710 4757 Pontillcis
1731 4697 1873 4760 bonorem
1890 4704 2003 4763 nouiter

355 4791 506 4855 „mnodo
521 4793 610 4874 recipi
622 4805 716 4873 ponet
728 4807 846 4875 propiet
858 4796 945 4857 offleii
960 4793 1063 4856 Missae
1078 4807 1144 4858 inp.
1216 4792 1417 4870 compostum,
1437 4805 1503 4871 posi
1522 4795 1705 4858 offertorium
1720 4798 1888 4875 damnum,
1907 4801 2002 4863 babila

354 4892 499 4970 ditatam,
520 4906 550 4957 et
568 4895 624 4957 diei
643 4895 827 4957 brevitatem.
854 4894 991 4957 Venimus
1008 4896 1045 4955 ad
1067 4897 1142 4957 banc
1213 4898 1307 4953 umen
1327 4911 1415 4973 super
1443 4893 1499 4956 boc
1520 4915 1573 4976 per
1593 4899 1707 4961 socium
1728 4919 1826 4962 meam
1855 4902 2004 4966 Pontibais

354 4996 536 5070 atentiam
557 4996 636 5075 qnod
656 4995 735 5056 linita
756 4995 843 5058 llissa
864 5015 916 5077 per
933 4997 1143 5060 Transtiberina
1212 4994 1379 5067 voluntate,
1401 4994 1452 5072 qui
1478 4996 1508 5056 id
1528 4995 1592 5059 ste-t
1611 5000 1706 5061 ssoluit
1730 5020 1788 5081 pro
1808 5020 1843 5064 aa
1863 5003 1934 5075 die,
1955 5006 2004 5065 sed

354 5096 808 5177 quimrfltvemsprinctpm
818 5097 1062 5178 ipstcnfdith
1076 5120 1143 5162 mo.
1210 5110 1266 5172 pro
1287 5095 1358 5169 alla,
1381 5107 1411 5158 ct
1439 5097 1470 5157 in
1501 5114 1617 5159 camera
1637 5117 1690 5160 sua
1714 5104 1876 5183 acceptarit
1899 5108 2003 5176 illan,

355 5195 394 5259 llo
411 5210 564 5279 propterea
584 5198 725 5261 mittendi.
745 5197 813 5259 Post
835 5199 997 5279 prandium,
1013 5213 1043 5262 et
1064 5203 1143 5263 mos
1211 5212 1267 5256 uon
1293 5208 1445 5272 cantores3
1467 5209 1532 5261 erat
1549 5212 1646 5263 autem
1672 5205 1735 5265 lana
1756 5203 1941 5285 hujusmodis

355 5296 420 5360 illos
436 5301 564 5361 aliorum
583 5299 781 5362 cardinalium
797 5301 922 5363 familiae
939 5315 1142 5381 sequcrmtum
1252 5296 1457 5380 Bpiqromrou
1469 5300 1627 5363 lobannis
1642 5302 1804 5365 Tinctors's
1819 5307 1925 5389 tequam
1937 5307 2006 5369 Ida·

355 5414 442 5477 super
460 5419 519 5479 quo
538 5401 611 5462 mihi
625 5403 769 5464 commisti
787 5402 865 5482 quod
886 5402 958 5462 Rev,
980 5403 1014 5464 Ι),
1034 5403 1143 5467 cardi.
1211 5398 1311 5459 ctoris
1326 5410 1420 5481 atquc
1438 5400 1555 5463 Musici
1572 5402 1607 5462 t'n
1622 5404 1746 5465 lundam
1762 5415 1792 5466 at
1806 5407 1946 5488 plorioas
1972 5408 2004 5469 S.

355 5499 449 5562 nalem
474 5502 627 5565 senensem
649 5504 853 5577 cumularem,
875 5501 961 5581 cuius
983 5504 1053 5569 baec
1078 5516 1142 5569 erat
1211 5496 1249 5558 D·
1264 5497 1303 5559 N·
1319 5499 1499 5562 Alexandri
1518 5500 1626 5583 Papae
1646 5502 1750 5567 Secti.

1211 5597 1310 5663 Gaude
1329 5600 1421 5661 Roma
1444 5613 1526 5664 retus
1545 5604 1656 5685 magnis
1674 5605 1820 5668 celebrata
1842 5608 2002 5688 triumphis

399 5716 434 5778 (ι)
449 5713 597 5778 tegendam
613 5716 718 5767 nsunt.
1251 5699 1308 5763 Cui
1327 5701 1406 5766 Deus
1427 5713 1578 5768 aeteruum
1598 5708 1723 5771 contulit
1745 5709 1913 5789 imperium.
