4492 6859
356 607 415 669 {tt

349 745 384 807 de
405 762 520 806 camere
534 742 666 803 erunibus
682 742 799 805 sedibus
814 762 848 804 ex
868 742 1009 803 bruccato
1022 751 1053 802 et
1072 742 1138 802 vel-

351 844 438 919 lete,
457 845 577 906 retinuit
608 854 721 906 tantum
742 843 821 907 sedes
840 844 921 906 corin
953 842 1046 904 rubeo
1067 859 1139 903 coo-

350 1100 429 1147 reril.
446 1098 553 1148 Tertius
574 1109 665 1161 porro,
681 1096 816 1156 lulianus,
830 1097 953 1160 impubes
969 1096 1070 1153 adhuc,
1093 1107 1141 1156 pu·

348 1176 413 1227 dore
430 1181 519 1227 tamen
536 1190 566 1227 ac
584 1180 741 1236 venustate,
757 1190 843 1241 neque
860 1190 913 1227 non
940 1175 1096 1239 probitatis,
1113 1176 1140 1224 et

347 1255 444 1319 ingenii
462 1254 572 1306 mirifica
584 1255 698 1317 quadam
710 1256 922 1319 suavissimaque
935 1255 1040 1314 indole,
1057 1256 1140 1305 totius

348 1334 399 1385 slbl
414 1337 469 1397 lam
485 1334 600 1384 civitatis
616 1335 716 1383 animos
733 1335 860 1384 devinxit.
876 1333 972 1385 Verum
983 1337 1012 1384 ιι
1028 1333 1061 1383 (ιι
1079 1332 1140 1383 ιιιιι

348 1416 374 1466 in
391 1417 527 1479 praesenti
552 1419 670 1471 taceam,
687 1412 720 1463 de
742 1412 820 1463 Petro
841 1417 915 1463 certe
933 1416 991 1476 ipse
1015 1410 1140 1462 cohibere

348 1506 390 1545 ms
406 1508 459 1544 non
475 1506 601 1555 pessum,
627 1492 692 1554 quin
707 1492 810 1542 recenti
837 1503 865 1541 re
882 1493 1061 1541 testimonium
1086 1491 1137 1541 hoc

348 1572 406 1623 leco
423 1576 562 1634 paternum
583 1568 740 1621 adscribam.
761 1571 868 1622 Duobus
881 1572 988 1621 circiter
1005 1573 1065 1620 ante
1083 1570 1141 1620 obl·

349 1656 405 1702 tem
423 1650 574 1709 mensibus,
591 1662 649 1700 cum
667 1651 693 1699 in
718 1663 767 1700 sue
783 1650 905 1700 cubiculo
925 1648 1022 1700 sedens
1038 1652 1076 1709 (ut
1093 1661 1139 1699 se·

348 1729 429 1790 lebat)
447 1730 624 1788 Laurentius,
648 1729 681 1778 de
705 1728 891 1791 philosophie,
915 1731 943 1778 et
959 1730 1042 1779 literis
1065 1726 1141 1777 nobi·

349 1820 423 1858 scum
441 1807 619 1863 fabularetur,
638 1819 669 1856 ac
681 1818 711 1856 se
727 1806 875 1856 destinasse
892 1806 993 1856 diceret
1010 1806 1138 1870 reliquam

349 1891 466 1937 aetatem
483 1886 508 1936 in
526 1887 557 1935 iis
574 1885 669 1935 studiis
687 1897 807 1944 mecum,
824 1889 850 1935 et
867 1898 926 1935 cnm
944 1884 1048 1944 Ficino,
1064 1885 1141 1934 Pico·

348 1976 400 2025 que
418 1965 476 2025 ipso
501 1962 644 2013 hflraudula
669 1974 845 2022 consumere,
869 1964 962 2027 procul
978 1964 1081 2014 scilicet
1105 1963 1139 2012 ab

348 2042 432 2099 urhe,
450 2046 477 2091 et
494 2042 622 2103 strepitu,
638 2041 767 2103 negabam
785 2041 908 2105 equidem
927 2044 976 2092 huc
995 2043 1019 2092 el
1036 2055 1085 2106 per
1101 2043 1140 2091 ci·

346 2133 394 2171 ves
412 2122 509 2178 licere,
534 2120 701 2183 quiquidem
727 2122 752 2169 ln
778 2120 836 2170 dies
858 2121 1016 2171 riderentur
1040 2123 1139 2184 magis,

348 2200 484 2262 magisque
501 2200 585 2261 ipsius
602 2202 629 2248 et
646 2199 799 2257 consilium,
816 2201 843 2248 et
867 2200 1051 2249 authoritatem
1067 2199 1141 2250 desi·

348 2279 547 2331 dereturl.Tum
560 2278 701 2327 subridens
715 2278 757 2326 ille
770 2297 780 2319 ·
795 2277 875 2339 Atqui
888 2278 950 2338 iam,
962 2279 1055 2341 inquit,
1065 2278 1140 2329 vices

351 2363 459 2409 nostras
478 2359 582 2407 alumno
600 2361 645 2407 tuo
657 2355 853 2419 delegabimus,
870 2362 948 2421 atque
966 2358 991 2406 in
1009 2370 1068 2408 eum
1081 2371 1142 2408 sar-

352 2438 439 2488 cinam
457 2438 534 2495 hanc,
550 2441 577 2486 et
594 2448 660 2486 onus
680 2450 756 2486 omne
783 2437 969 2487 reclinabimus
984 2460 1005 2485 ι,
1022 2438 1139 2502 Cumque

351 2530 399 2581 ego
422 2528 575 2578 rogassem,
602 2529 634 2565 an
662 2515 748 2566 adhuc
775 2518 800 2565 in
827 2516 1012 2576 adolescente,
1039 2522 1138 2567 tantum

350 2595 446 2644 virium
469 2593 708 2656 deprehendisset,
727 2598 755 2643 ut
778 2597 816 2645 eis
833 2595 903 2644 bona
920 2593 970 2645 ιιι
986 2596 1140 2648 incumbere

349 2676 402 2733 iam
425 2688 574 2739 possemus.
590 2696 600 2716 ·
615 2674 667 2737 Ego
684 2687 763 2734 vero,
780 2678 815 2725 ait
834 2676 896 2733 ille,
913 2681 1010 2741 quanta
1038 2678 1096 2738 ejus
1112 2682 1140 2728 et

351 2766 429 2818 quam
447 2754 531 2805 solida
549 2755 628 2804 video
644 2765 705 2804 esse
723 2754 908 2813 fundamenta,
929 2756 1042 2805 laturum
1059 2770 1140 2819 spero

352 2833 516 2885 hauddubie
538 2835 661 2897 quicquid
678 2834 893 2885 inaedificarero.
910 2834 981 2885 Care
999 2835 1078 2897 igilur
1094 2849 1140 2897 pu·

352 2914 543 2977 tes,augele,
567 2925 717 2978 quenquam
746 2913 832 2964 adhuc
861 2929 894 2965 ex
922 2917 1036 2975 nostris,
1053 2916 1140 2966 indole

350 2992 435 3043 fuisse
453 2996 542 3049 tanta,
558 2998 682 3057 quantam
698 2994 753 3055 lam
772 2991 865 3044 Petrus
883 2995 1015 3050 ostendit.
1029 2998 1060 3044 ut
1077 3009 1142 3058 spe·

353 3086 410 3125 rem
428 3074 501 3132 fore,
520 3076 599 3136 atque
617 3071 683 3123 adeo
700 3086 812 3136 augurer
828 3074 894 3135 (nisi
912 3086 954 3125 me
971 3076 1054 3138 ipsius
1072 3076 1142 3139 inge·

351 3154 388 3203 nii
405 3154 505 3216 aliquot
532 3154 583 3212 jam
601 3154 784 3214 experimenta
812 3154 969 3212 fefellerint)
986 3167 1019 3204 ne
1046 3155 1087 3204 cui
1105 3156 1141 3204 sit

272 3268 274 3271 >
351 3234 480 3295 majerum
497 3243 605 3281 suorum
618 3242 794 3281 concessurus
809 3253 831 3278 ·.
843 3232 929 3297 Atque
946 3232 1023 3294 hujus
1033 3232 1139 3296 quidem

353 3312 445 3370 iudicii
472 3310 657 3375 praesagiique
684 3311 801 3374 paterni,
820 3325 940 3376 magnum
967 3312 1087 3374 profecto
1114 3316 1141 3362 el

353 3392 454 3441 clarum
471 3390 607 3453 specimen
633 3389 682 3439 hoc
700 3404 785 3452 nuper
801 3391 889 3450 dedit,
905 3391 975 3454 quod
992 3392 1140 3454 aegrotanti

354 3473 462 3534 praesto
479 3469 527 3519 fnit
552 3481 675 3531 semper,
692 3471 831 3533 omniaque
849 3482 898 3531 per
915 3482 944 3518 se
961 3482 1045 3533 paene
1061 3474 1139 3521 etiam

355 3547 462 3599 sordida
479 3546 624 3596 ministeria
648 3544 747 3605 obivit,
762 3547 908 3608 vigiliarum
926 3549 1142 3609 patientissimus,

355 3630 383 3677 et
398 3624 517 3682 luediae;
536 3636 724 3686 nunquamque
748 3638 763 3672 a
780 3625 876 3674 lectulo
892 3626 951 3687 ipso
975 3626 1076 3687 patris,
1092 3628 1141 3677 nisi

355 3716 419 3754 cnm
433 3703 546 3752 maxime
568 3703 724 3765 Respublica
752 3707 870 3767 urgeret,
889 3705 965 3754 avelli
982 3718 1085 3768 passus.
1109 3705 1141 3757 iit

352 3798 412 3835 cum
429 3784 539 3835 mirifica
550 3787 636 3846 pletas
653 3786 758 3833 extaret
774 3784 800 3833 in
813 3784 902 3842 vultu,
920 3788 1009 3835 tamen
1026 3799 1058 3835 ne
1071 3798 1142 3836 mor·

357 3864 419 3914 bum
436 3868 480 3914 aut
496 3862 691 3913 solicitudinem
708 3866 846 3926 paternam
864 3876 986 3914 moerore
997 3878 1045 3915 sue
1063 3865 1143 3917 adau-

352 3948 442 4007 geret,
458 3944 571 4007 gemitus
589 3954 699 4001 emnes,
718 3945 745 3991 et
762 3941 912 4006 lachrymas
924 3943 1070 3997 incredibili
1087 3946 1143 3995 vir·

354 4026 409 4073 tute
426 4024 502 4084 quasi
520 4020 677 4071 devorabat.
694 4020 773 4070 Porro
790 4024 887 4079 autem,
903 4021 973 4085 quod
998 4035 1077 4072 unum
1096 4024 1143 4074 tri·

354 4104 469 4153 stissima
487 4104 512 4151 in
538 4114 567 4151 re
584 4100 808 4164 pulcherrimum,
833 4115 881 4152 ceu
906 4104 1086 4165 spectaculum
1103 4104 1143 4151 ri·

355 4181 500 4240 debemus,
517 4181 630 4230 inuicem
647 4183 723 4240 pater
739 4193 845 4243 quoque
863 4183 919 4242 ipse
937 4194 970 4230 ne
996 4184 1141 4232 tristiorem

355 4260 454 4317 fllium,
472 4260 579 4309 tristitia
603 4271 650 4308 sna
667 4257 807 4314 redderet,
831 4260 944 4308 frontem
970 4259 1021 4310 sihi
1042 4264 1143 4310 extem·

352 4351 419 4402 pore
435 4337 508 4388 velut
525 4338 600 4386 aliam
612 4336 741 4399 fingebat,
757 4349 786 4386 nc
797 4338 908 4387 fluentes
920 4339 1010 4388 oculos
1028 4340 1054 4388 in
1072 4339 1141 4390 illius

354 4419 467 4479 gratiam
483 4415 653 4474 continebat,
669 4429 802 4479 nunquam
819 4421 863 4466 aul
879 4421 1065 4466 consternatus
1088 4420 1142 4467 ani·

354 4507 416 4553 mo,
433 4497 477 4543 aut
488 4493 606 4550 fractus,
623 4493 706 4542 donec
719 4497 779 4542 ante
792 4507 838 4543 ora
853 4499 932 4543 natus
943 4494 1143 4545 obversaretur.

354 4572 394 4623 lta
411 4577 538 4637 uterque,
557 4574 677 4622 certatim
697 4573 750 4622 rim
768 4574 856 4623 facere
873 4574 1010 4623 affectibus
1027 4575 1096 4632 suis,
1113 4589 1143 4625 ac

356 4652 525 4703 dissimulare
536 4652 660 4714 pietatem
674 4652 780 4713 pietatis
798 4652 885 4702 studio
897 4651 1038 4702 nitebatur.
1055 4651 1085 4701 Ut
1097 4667 1145 4702 au·

359 4739 412 4785 tem
423 4731 580 4781 Laurentius
591 4743 605 4779 e
617 4731 671 4779 rita
684 4730 808 4791 decessit,
819 4731 868 4781 dict
881 4733 923 4782 vix
936 4735 1035 4795 potest,
1045 4737 1144 4794 quanta

354 4817 382 4865 et
397 4813 574 4869 humanitate,
599 4813 626 4859 et
650 4811 778 4873 gravitate
803 4811 876 4860 cives
893 4812 994 4861 omneis
1017 4824 1080 4861 suos
1097 4812 1144 4860 Pe·

355 4897 413 4943 trus
441 4888 599 4949 noster,ad
621 4901 650 4939 se
667 4889 773 4938 domum
801 4891 965 4942 confluentes
991 4892 1144 4953 exceperit,

356 4984 433 5035 quam
451 4974 478 5021 et
496 4969 634 5032 apposite.
652 4972 678 5019 et
695 4970 787 5029 varie,
805 4974 831 5020 at
848 4969 943 5019 blande
955 4970 1033 5019 etiam
1051 4970 1143 5020 dolen·

355 5051 427 5101 tibus
442 5048 710 5111 consulentibusque,
728 5061 776 5108 pro
788 5053 921 5110 tempere,
939 5059 1065 5109 suamque
1082 5060 1144 5112 npe-

357 5144 412 5181 ram
429 5128 614 5193 pollicentibus
640 5128 820 5191 responderit.
846 5130 973 5189 Quantam
991 5127 1101 5187 deinde,
1117 5134 1143 5179 et

355 5223 433 5273 quam
451 5212 577 5261 solertem
595 5210 632 5260 rei
645 5208 846 5259 constituendae
863 5208 984 5258 familiari
995 5220 1084 5258 cruram
1097 5210 1144 5257 im-

356 5291 495 5350 penderit,
519 5293 548 5339 ιι
567 5288 776 5339 necessitudines
794 5302 856 5339 suas
872 5289 972 5338 omneis
987 5289 1143 5350 gravissimo

357 5379 421 5417 casu
448 5369 585 5430 perculsas
618 5367 783 5426 subleuauit,
811 5371 838 5418 tu
866 5368 910 5417 rel
940 5368 1141 5417 minutissimum

356 5457 487 5508 quemque
511 5460 545 5496 ex
562 5446 733 5496 familiaribus
760 5445 907 5509 dejectum,
928 5446 1142 5508 diffidentemque

357 5524 408 5573 sihi
426 5524 546 5575 adversis
570 5525 650 5575 rebus
675 5526 829 5588 collegerit,
855 5526 991 5582 erexerit,
1008 5527 1144 5573 animare·

356 5604 408 5655 ιιι,
425 5606 453 5650 ιι
471 5602 497 5651 ιι
515 5602 635 5653 obeunda
655 5616 759 5667 quoque
777 5604 918 5667 Republica
931 5605 992 5653 nulli
1010 5616 1142 5666 unquam,

355 5686 400 5734 aut
418 5682 491 5742 leco,
509 5685 553 5731 aul
571 5685 699 5745 tempori,
717 5687 762 5733 aut
784 5686 905 5746 muneri,
922 5690 966 5734 aut
983 5684 1080 5735 houriui
1097 5683 1142 5732 dc·

830 601 1112 666 coutumeliis
1133 598 1360 665 thuouullttt
1382 602 1535 667 ΟιιΤΔιι.

1889 612 2005 691 (armi

1211 750 1318 818 perlue,
1338 752 1368 801 et
1388 741 1512 803 scabella
1534 754 1680 805 emuncta:
1694 744 1827 807 belisiam
1848 744 1915 808 fleri
1934 749 2002 808 fecit

1210 839 1245 901 de
1265 858 1359 919 puurm
1381 842 1497 903 violatio
1516 842 1663 917 obscum,
1692 845 1752 908 siue
1772 846 1888 907 armis:
1911 866 2002 927 supra

1209 1090 1306 1148 fuerit,
1322 1092 1392 1141 nulla
1410 1092 1524 1157 denique
1542 1095 1567 1144 in
1581 1098 1657 1157 parts
1672 1102 1826 1149 cessaverlt.
1843 1100 1886 1148 Sic
1897 1104 1928 1148 nt
1946 1112 2004 1150 eam

1209 1170 1285 1232 plana
1302 1170 1431 1221 institisse
1439 1171 1495 1234 jam
1507 1171 1593 1232 viam,
1609 1176 1688 1237 atque
1705 1174 1741 1225 lta
1753 1176 1834 1238 pleno
1850 1176 1940 1239 gradu
1952 1178 2002 1228 iter

1209 1248 1345 1309 ingressus
1361 1249 1502 1311 videatur,
1518 1249 1595 1300 brevi
1612 1254 1640 1301 ut
1651 1257 1760 1314 putetur
1774 1260 1920 1317 parentem
1937 1269 2005 1319 quo·

1208 1338 1258 1389 que
1275 1327 1358 1389 lpsum
1377 1327 1497 1392 vestigiis
1526 1333 1726 1383 consecuturus.
1744 1332 1782 1383 De
1798 1333 1896 1386 funere
1914 1338 2003 1387 ιιιιιιι

1209 1404 1272 1454 nihil
1291 1406 1421 1468 estquod
1438 1406 1533 1456 dicam.
1550 1408 1662 1459 Tantum
1680 1410 1714 1461 ad
1730 1411 1772 1460 ari
1794 1415 1952 1477 exemplum
1970 1429 2003 1465 ex

1208 1485 1375 1546 praescripto
1386 1484 1549 1536 celebratum
1567 1491 1623 1546 est,
1640 1491 1867 1554 quemadmodum
1881 1495 1961 1556 ipse,
1977 1499 2004 1545 ut

1208 1559 1277 1619 dixi,
1293 1564 1412 1613 moriens
1425 1564 1604 1616 mandaverat.
1623 1567 1686 1618 Tam
1700 1582 1793 1633 magno
1804 1576 1897 1623 autem
1916 1576 2003 1626 omnia

1208 1639 1313 1701 generis
1340 1643 1489 1692 mortalium
1507 1654 1655 1705 concursu,
1671 1661 1749 1711 quam
1774 1663 1901 1713 magnum
1928 1666 2005 1704 num·

1208 1732 1286 1783 quam
1312 1726 1389 1771 antea
1421 1724 1627 1776 meminerimus.
1650 1728 1769 1793 Prodigia
1794 1743 1862 1781 vero
1888 1738 2003 1786 mortem

1208 1799 1291 1850 ferme
1313 1800 1378 1851 haec
1404 1806 1625 1865 antecesserunt,
1641 1820 1800 1873 quamquem
1828 1811 1881 1861 alia
1898 1826 2004 1877 quoque

1208 1880 1286 1942 vulgo
1306 1881 1436 1932 feruutur.
1462 1883 1545 1935 Nonis
1569 1886 1717 1948 aprilibus,
1743 1888 1809 1941 hora
1838 1892 1927 1943 ferme
1954 1894 2004 1943 diei

1210 1961 1304 2020 tertia,
1330 1962 1417 2012 triduo
1434 1966 1575 2027 antequam
1593 1967 1707 2018 animam
1729 1967 1818 2021 edldlt
1833 1970 2004 2032 Laurentina,

1209 2040 1321 2096 mulier,
1337 2043 1428 2090 neseio
1444 2054 1521 2106 quae,
1538 2042 1600 2094 dum
1613 2045 1637 2094 in
1654 2047 1720 2098 aeds
1738 2061 1814 2099 sacra
1831 2050 1935 2101 hieriae
1952 2052 2004 2103 ιιι·

1209 2118 1310 2178 ιιιιιι,
1327 2120 1523 2182 quaediebus,
1540 2123 1719 2176 declamitanli
1732 2139 1747 2175 a
1758 2127 1864 2190 pulpito
1875 2129 1924 2179 dat
1941 2143 2005 2193 epe·

1209 2210 1282 2257 ram,
1299 2202 1409 2262 repente
1432 2201 1500 2251 inter
1524 2202 1670 2253 confertam
1688 2207 1778 2269 populi
1806 2209 2003 2260 multitudinem

1209 2278 1394 2339 expavefacta,
1409 2283 1632 2346 consternataque
1644 2286 1793 2347 consurgit,
1811 2286 2004 2351 lymphatoqua

1209 2367 1304 2415 cursu,
1321 2362 1348 2407 et
1364 2356 1485 2408 terrificis
1509 2359 1677 2419 clamoribus,
1696 2362 1790 2414 ιιιιιι
1813 2365 1894 2424 heus,
1913 2367 2005 2429 inquit,

1208 2438 1298 2495 cives,
1314 2449 1346 2486 an
1364 2436 1433 2487 hunc
1445 2451 1497 2487 non
1516 2437 1627 2489 cernitis
1639 2440 1808 2492 ferocientem
1829 2447 1951 2501 taurum,
1961 2446 2003 2507 qui

1209 2517 1334 2579 templum
1357 2516 1406 2565 hec
1423 2516 1514 2579 ingens
1539 2517 1679 2573 flammatis
1695 2522 1822 2573 cornibus
1849 2523 2001 2574 adferrem

1209 2593 1297 2659 dejicit
1312 2593 1429 2645 -ιΡιιιιι
1447 2608 1528 2656 porro
1540 2596 1705 2660 vigiliacum
1719 2602 1820 2652 caelum
1838 2603 1960 2655 nubibus
1971 2604 2003 2655 de

1209 2675 1522 2738 improvisofnedarelur,
1536 2678 1658 2729 contiuuo
1675 2680 1799 2732 anilicae
1819 2684 1907 2746 ipsius
1925 2688 2007 2734 maxi·

1210 2766 1267 2804 mae
1277 2754 1416 2816 fastigium,
1425 2754 1496 2816 quod
1508 2766 1588 2818 opere
1600 2758 1666 2806 miro
1678 2759 1838 2822 singularem
1847 2764 1908 2812 telo
1923 2768 2005 2812 terra·

1210 2845 1267 2883 rum
1279 2832 1343 2881 orbe
1352 2832 1509 2882 testudinem
1520 2837 1707 2897 supereminet,
1715 2842 1813 2889 tactum
1825 2840 1859 2890 de
1868 2842 1948 2892 caelo
1956 2847 2005 2897 est.

1210 2911 1246 2959 ita
1263 2914 1292 2960 ut
1317 2912 1409 2959 vastae
1437 2912 1573 2974 quaepiam
1594 2914 1779 2969 dejecerenlur
1803 2919 1909 2979 moles,
1927 2925 2005 2984 alque

1210 2992 1235 3039 in
1252 3002 1309 3040 eam
1330 2992 1496 3052 potissimum
1514 2996 1633 3053 partem,
1649 2991 1834 3059 qua'htedicae
1857 3003 2003 3049 convisun-

1210 3072 1254 3118 tur
1270 3069 1366 3127 aedes,
1384 3072 1410 3118 vi
1437 3071 1547 3133 quadam
1570 3073 1721 3131 horrenda,
1738 3080 1764 3125 et
1793 3077 1914 3140 impetu,
1934 3091 2004 3127 mar·

1210 3160 1283 3196 mora
1296 3148 1416 3197 immania
1428 3152 1630 3211 torquerentur.
1646 3152 1675 3202 fn
1688 3166 1740 3217 quo
1758 3155 1822 3205 illud
1835 3160 1918 3207 etiam
1931 3171 2005 3219 prse-

1211 3227 1343 3279 scitenon
1371 3227 1468 3286 caruit,
1496 3228 1567 3290 quod
1585 3230 1704 3281 inaurata
1732 3246 1783 3283 una
1811 3236 1881 3298 pila,
1910 3239 2003 3302 quales

1210 3306 1329 3368 aliaeque
1351 3306 1376 3354 ln
1394 3307 1486 3356 eodem
1514 3307 1617 3371 fastigio
1643 3313 1858 3375 conspiciuntur,
1888 3329 2004 3367 excussa

1209 3383 1318 3434 fulmine
1335 3388 1390 3445 est,
1408 3397 1442 3435 ne
1454 3399 1506 3435 non
1517 3400 1551 3436 ex
1563 3388 1619 3452 ipso
1631 3403 1736 3454 quoque
1749 3394 1843 3457 insigni
1861 3399 2004 3458 proprium

1211 3465 1268 3526 elus
1286 3465 1397 3514 familiae
1414 3464 1600 3518 detrimentum
1618 3471 1832 3531 portenderetur.
1855 3474 1909 3525 Sed
1927 3482 1954 3527 et
1971 3476 2006 3526 if·

1211 3544 1257 3593 lud
1273 3543 1461 3601 memorabile,
1486 3545 1555 3607 quod
1580 3550 1607 3595 ut
1624 3548 1737 3610 primum
1754 3550 1897 3611 detenuit,
1914 3554 2004 3604 statim

1210 3636 1315 3686 quoque
1341 3624 1471 3673 serenitas
1499 3624 1613 3675 reddita.
1638 3627 1693 3687 Qua
1722 3634 1808 3680 autem
1833 3636 1916 3682 nocte
1938 3633 2005 3683 obiit

1211 3702 1384 3760 Laurentius,
1399 3703 1475 3753 stella
1488 3703 1567 3754 solito
1579 3705 1691 3765 clarior,
1709 3719 1740 3756 ae
1751 3707 1888 3770 grandior,
1906 3710 2007 3761 subur·

1211 3782 1279 3832 bano
1300 3782 1460 3840 imminens,
1477 3783 1501 3831 in
1526 3794 1595 3845 quos
1611 3785 1724 3835 animam
1748 3785 1861 3849 agebat,
1879 3788 1927 3837 illo
1945 3790 2005 3852 ipso

1211 3862 1337 3923 temporis
1360 3859 1472 3909 articulo
1496 3860 1636 3923 decidere,
1657 3863 1826 3929 extinguique
1851 3867 1930 3926 risa,
1951 3882 2006 3931 quc

1211 3943 1376 4003 compertum
1401 3938 1497 3988 deinde
1514 3942 1555 3988 est
1577 3953 1636 3989 eum
1666 3944 1719 3991 vita
1736 3942 1911 4007 demigrasse.
1936 3947 2006 4007 Quin

1211 4020 1364 4069 excurrisse
1382 4018 1461 4067 etiam
1477 4017 1548 4067 faces
1565 4019 1688 4069 trinoctio
1705 4027 1834 4083 perpetuu
1851 4023 1885 4073 de
1903 4023 2007 4074 Faesu-

1211 4098 1278 4147 lanis
1296 4095 1447 4153 montibus,
1465 4108 1597 4158 supraque
1609 4096 1635 4145 id
1646 4099 1790 4161 templum,
1806 4113 1859 4164 quo
1871 4103 2005 4165 reliquiae

1211 4176 1360 4226 conduntur
1372 4173 1488 4224 Medicas
1504 4174 1600 4238 gentis,
1617 4177 1774 4227 scintillasse
1787 4180 1917 4241 nonnihil,
1929 4195 2005 4234 mox·

1211 4269 1262 4321 que
1279 4256 1419 4304 evanuisse
1437 4252 1564 4305 feruntur.
1580 4254 1663 4315 Quid?
1679 4257 1750 4320 quod
1766 4262 1794 4308 et
1810 4260 1919 4310 leonum
1937 4276 2006 4325 qno·

1211 4349 1262 4400 que
1279 4334 1472 4384 nobilissimum
1490 4347 1547 4396 par,
1563 4335 1620 4396 ipsa
1638 4349 1689 4398 qua
1706 4336 1810 4398 publice
1830 4342 2006 4391 continentur

1212 4428 1309 4474 cavea,
1326 4415 1363 4464 sic
1388 4414 1414 4463 in
1432 4426 1545 4477 pugnam
1569 4414 1694 4465 ferociter
1711 4419 1864 4477 concurrit,
1880 4423 1911 4468 ut
1936 4421 2005 4469 alter

1212 4496 1328 4558 pessime
1345 4496 1485 4555 acceptus,
1504 4494 1570 4542 alter
1586 4494 1665 4544 etiam
1684 4496 1736 4545 leto
1754 4498 1788 4547 sit
1804 4496 1892 4547 datus.
1904 4499 2005 4549 Arretii

1212 4587 1315 4638 quoque
1334 4585 1414 4635 supra
1431 4584 1519 4622 arcem
1539 4573 1640 4634 ipsam,
1656 4574 1774 4635 geminae
1789 4576 1884 4638 perdiu
1902 4580 2005 4628 arsisse

1210 4655 1346 4712 flammae,
1363 4652 1436 4717 quasi
1450 4652 1574 4703 Castores
1587 4652 1714 4714 feruntur,
1732 4668 1763 4704 ac
1781 4656 1840 4719 lupa
1854 4657 2003 4710 identidem

1211 4734 1261 4784 suh
1286 4731 1423 4782 moenibus
1445 4731 1558 4780 ululatus
1584 4731 1716 4782 terrificos
1738 4733 1863 4785 edidisse.
1887 4737 2004 4798 Quidam

1212 4814 1275 4865 illud
1292 4814 1372 4863 etiam
1388 4815 1427 4873 (ut
1451 4814 1512 4861 sunt
1529 4812 1640 4874 ingenia)
1657 4824 1705 4874 pru
1723 4817 1841 4865 monstro
1867 4816 2006 4879 interpre-

1212 4898 1318 4952 tantur,
1335 4891 1405 4955 quod
1428 4890 1666 4941 excellentissimus
1688 4892 1733 4953 (ita
1751 4893 1819 4942 enirn
1842 4892 2006 4957 habebatur)

1213 4974 1290 5034 huius
1308 4973 1402 5021 uelatis
1419 4969 1547 5026 medicus,
1562 4968 1668 5033 quando
1681 4983 1725 5020 ars
1741 4984 1801 5020 eum
1814 4972 2005 5036 praescitaque

1212 5052 1373 5106 fefellerant,
1391 5050 1505 5101 animum
1517 5049 1706 5111 desponderit,
1720 5054 1852 5113 puteoque
1865 5063 1894 5101 se
1907 5058 2004 5114 sponte

1213 5129 1388 5188 demerserit,
1405 5142 1434 5177 ac
1452 5132 1563 5192 principi
1582 5129 1632 5191 ipsi
1657 5129 1773 5180 medicae
1790 5132 1823 5191 (si
1840 5132 2004 5182 vocabulum

1213 5214 1330 5274 spectes)
1346 5207 1460 5258 familiae
1478 5222 1541 5259 suae
1558 5221 1623 5258 nece
1640 5210 1833 5272 parentaverit.
1854 5211 1907 5262 Sed
1924 5214 2004 5265 video

1213 5302 1272 5347 me,
1289 5300 1348 5337 cum
1365 5286 1471 5350 quidem
1500 5288 1599 5347 multa,
1616 5291 1642 5337 el
1664 5301 1752 5351 magna
1781 5291 1951 5352 reticuerim,
1968 5308 2003 5344 ne

1212 5367 1279 5418 forle
1296 5368 1449 5429 inspeciem
1462 5365 1618 5415 adulationis
1630 5368 1783 5425 inciderem,
1799 5370 1902 5432 longius
1914 5376 2004 5423 tamen

1212 5450 1383 5508 provectum,
1399 5456 1476 5506 quarn
1495 5456 1508 5491 a
1531 5444 1661 5508 principio
1679 5447 1854 5497 institueram.
1878 5449 1956 5510 Quod
1973 5456 2004 5500 ut

1212 5526 1342 5583 facerem,
1359 5525 1454 5586 partim
1472 5522 1603 5585 cupiditas
1620 5524 1677 5586 ipsa
1695 5525 1874 5590 obsequendi,
1899 5528 2005 5580 obtem·

1212 5603 1372 5667 perandique
1390 5600 1435 5654 libl
1453 5604 1571 5663 optimo,
1588 5602 1758 5663 doctissimo,
1780 5606 2005 5666 prudentissimo·

1212 5694 1264 5747 que
1281 5681 1395 5740 homiui,
1413 5680 1713 5743 mihiquenmicissim0‚
1730 5684 1805 5745 errius
1823 5685 1931 5747 quidem
1945 5689 2005 5736 slu-
