4492 6859
294 624 357 688 280
766 622 1050 690 ronutrtcartts
1071 622 1295 686 lnnxtnntu
1318 623 1442 687 snxrt.
1821 628 1935 713 (atat)

296 772 330 822 ut
349 761 402 822 sibi
422 760 476 840 ipsi
491 760 677 833 satisfaceret,
699 761 847 821 mandarit
861 761 939 840 quod
953 761 1078 823 Senato-
1144 760 1238 841 gradu
1261 760 1323 821 solii
1341 762 1436 841 Papae
1456 760 1510 822 sibi
1529 760 1726 841 dignissimum
1749 784 1825 827 esse:
1846 768 1933 828 alium

297 882 359 925 rem
378 881 394 923 a
416 861 542 922 sinistris
563 862 624 922 suis
645 860 681 921 ad
702 862 826 940 gradum
848 863 911 923 solii
941 875 1008 924 ante
1028 881 1079 923 sen
1146 881 1202 941 pro
1222 880 1256 924 eo
1277 865 1335 941 peti
1357 880 1413 923 non
1435 880 1538 941 posse,
1560 879 1651 941 neque
1671 864 1788 927 debere.

292 962 377 1041 juxta
397 963 560 1023 assistentes
583 962 736 1035 locarem3
758 963 835 1039 qnod
856 974 885 1024 et
913 963 991 1036 feci,
1012 963 1079 1023 licet
1186 960 1271 1022 Faria
1286 974 1389 1040 quarta
1404 959 1524 1037 majoris
1540 960 1745 1039 hebdomadae,
1763 980 1850 1027 xxvi
1866 965 1931 1027 dieti

294 1063 382 1126 fucrit
412 1066 480 1123 satis
518 1062 727 1122 inconveniens.
760 1063 849 1122 Facta
879 1062 1080 1123 distributione
1145 1061 1247 1121 mensis
1269 1061 1507 1135 tondiliani).
1531 1061 1931 1139 cardinalisllexandrinns,

294 1165 397 1227 Comes
415 1162 563 1224 Potentiae
578 1160 688 1222 Orator
701 1160 789 1241 Regis
804 1161 982 1243 Neapolitani
1003 1161 1081 1223 dedit
1146 1160 1181 1222 de
1201 1160 1334 1223 mandato
1354 1162 1408 1222 SS.
1429 1161 1463 1221 D.
1483 1161 1517 1221 tt.
1540 1164 1635 1243 Papae
1654 1165 1740 1227 vivae
1760 1167 1845 1227 vocis
1862 1186 1932 1227 ora·

294 1284 403 1345 aquam
426 1263 557 1324 manibus
573 1262 676 1342 Papae.
698 1262 814 1323 Missam
836 1263 982 1343 publicam
1002 1264 1079 1325 cele-
1146 1264 1234 1335 culo,
1257 1274 1289 1323 ut
1316 1262 1461 1334 asseruit,
1482 1263 1535 1322 sibi
1557 1265 1656 1338 facto,
1684 1266 1838 1327 ordinarit
1859 1266 1928 1328 Rev.

297 1366 396 1427 brarit
416 1364 488 1425 Rev.
511 1363 546 1422 D.
568 1362 728 1423 cardinalis
747 1361 781 1423 de
797 1362 932 1436 Ursinis,
949 1364 1010 1442 qui,
1029 1381 1079 1423 re·
1145 1361 1180 1420 tt.
1203 1360 1386 1423 Cardinalem
1418 1363 1626 1438 Valentinum,
1648 1376 1676 1427 et
1697 1366 1735 1426 R.
1758 1366 1798 1426 l).
1823 1366 1930 1428 loban-

296 1476 378 1545 eepta
394 1465 500 1543 palma,
515 1480 570 1523 non
591 1473 634 1521 est
652 1463 689 1522 ad
704 1464 802 1523 locum
816 1482 902 1523 auum
917 1464 992 1524 inter
1007 1463 1080 1523 alios

295 1565 463 1627 cardinales
484 1580 620 1624 reversus
632 1606 641 1635 ,
663 1562 712 1623 sed
733 1562 786 1622 ivit
806 1564 840 1621 ad
862 1563 1079 1636 faldistorium,

295 1665 356 1739 nbi,
371 1664 496 1744 deposita
511 1664 633 1742 planeta,
648 1674 764 1743 accepta
784 1681 873 1744 cappa
888 1662 999 1744 recepit
1012 1681 1080 1723 san·

294 1765 392 1839 dulia,
413 1775 443 1826 et
474 1764 531 1823 alia
553 1773 720 1842 paramenta
742 1782 823 1824 more
850 1775 996 1825 consueto.
1029 1766 1080 1823 ln·

294 1868 408 1928 tellecta
428 1866 544 1943 insuper
573 1882 624 1941 per
639 1861 676 1922 R.
691 1863 726 1922 l).
742 1863 923 1925 cardinalem
945 1862 1080 1944 Neapoli-

294 1979 395 2027 tanum
417 1966 543 2026 adventu
562 1963 738 2025 llarcbionis
760 1964 859 2026 Gir-aci
895 1983 962 2025 eum
984 1964 1080 2024 tribus

292 2072 376 2131 sociis
394 2067 586 2148 supradictis,
609 2065 644 2125 R.
664 2068 830 2126 Dominatio
846 2066 907 2125 Sua
921 2066 994 2126 mibi
1009 2067 1080 2126 dixit

294 2171 388 2251 ipsum
409 2188 470 2231 csse
491 2176 622 2247 nepotem
641 2166 728 2245 Regis
748 2166 884 2246 alphonsi
906 2185 940 2226 ex
964 2168 1078 2240 fratre,

293 2271 442 2334 videlicet
455 2270 618 2337 bosiardo,
636 2278 738 2328 tornea
751 2269 888 2350 ejotsdem
903 2268 1011 2349 Regis,
1026 2287 1080 2328 aa·

294 2385 358 2436 tum
381 2375 419 2434 dc
436 2371 578 2453 legitimo
596 2370 800 2430 aaarrtmonio
818 2365 864 2451 (l)
882 2380 1035 2448 propterea
1054 2368 1078 2428 si

296 2474 400 2535 liceret
411 2470 536 2548 aliquem
554 2470 598 2531 vel
614 2468 725 2547 aliquos
736 2466 953 2549 cardinalesffi)
963 2468 1077 2529 obviam

295 2574 348 2634 sibi
371 2574 506 2643 mittere,
528 2580 579 2629 ant
600 2570 833 2649 perseipsum,
854 2587 888 2630 ac
910 2570 932 2628 si
953 2569 1024 2629 alias
1042 2566 1078 2628 od

295 2673 430 2735 solatium
460 2673 621 2749 equitaret,
642 2689 709 2731 eum
733 2671 928 2731 llarebionem
947 2671 974 2729 in
996 2688 1078 2731 cum·

292 2777 335 2855 pis
361 2774 499 2834 salutare.
522 2770 665 2850 Respondi
688 2770 956 2831 Reverendissimac
976 2770 1079 2831 Domi·

293 2876 401 2935 nationi
422 2873 501 2934 Suae
532 2873 560 2932 in
582 2871 832 2933 caerimonialibus
864 2891 995 2951 expresse
1027 2890 1078 2932 cu-

295 2976 357 3036 veri
380 2973 458 3052 quod
480 2972 620 3051 Regibus,
641 2971 770 3051 Reginis,
790 2982 940 3033 eteorum
964 2970 1029 3030 filiis
1050 2983 1078 3032 et

295 3074 429 3148 filiabus,
451 3091 485 3135 ac
506 3073 647 3133 iratribus
668 3082 697 3134 et
730 3072 879 3133 sororibus
910 3073 1077 3134 eorumdem

297 3185 435 3250 tantum,
454 3186 484 3237 et
504 3193 560 3236 non
581 3175 647 3235 aliis
672 3176 924 3253 qualitercumque
944 3176 1011 3255 ipsis
1032 3186 1079 3234 at·

295 3276 451 3338 tinentibus
472 3295 524 3357 per
545 3275 712 3336 Cardinales
727 3276 842 3337 obviam
858 3277 910 3348 iri,
928 3287 1078 3355 propterea

296 3377 376 3450 huie,
398 3387 535 3456 tanquam
557 3376 653 3456 nepoti
673 3387 702 3437 et
722 3396 756 3437 ex
776 3378 831 3437 alia
853 3377 938 3451 linea,
963 3377 1077 3438 obviam

293 3478 460 3540 cardinales
489 3478 532 3538 ire
552 3494 608 3537 non
631 3477 756 3550 elabere,
783 3495 875 3555 neque
906 3478 960 3537 sibi
993 3479 1079 3539 licere

295 3579 374 3657 quod
409 3576 494 3637 vadat
527 3586 591 3637 ante
620 3593 717 3637 omnes
749 3576 946 3637 cardinalium
987 3577 1079 3656 Caput

294 3692 325 3741 et
342 3680 484 3739 lleeanus.
508 3676 636 3738 Etcum
659 3675 732 3737 idem
756 3694 772 3736 a
794 3696 840 3739 me
872 3687 982 3757 peteret
1003 3697 1080 3757 quo·

197 3784 200 3790 ’
296 3799 363 3841 nam
387 3778 496 3839 bonore
517 3777 608 3856 recipi
631 3788 739 3857 posset,
759 3789 875 3858 praeter
897 3796 1008 3839 omnem
1029 3798 1080 3841 re-

297 3880 455 3961 ceptionem
476 3924 484 3952 ,
507 3879 562 3938 dixi
585 3879 662 3957 qnod
683 3878 763 3959 Papa
784 3883 878 3958 posset
899 3879 971 3941 duos
992 3899 1080 3960 prae·

295 3986 369 4044 latos
395 3980 493 4061 palatii
514 3980 559 4039 sni
581 3998 633 4059 per
655 3978 730 4040 diem
752 3990 819 4041 ante
839 3999 941 4041 eorum
969 3981 1080 4042 adven·

295 4095 358 4145 tum
380 4084 405 4145 ei
427 4081 542 4143 obviam
564 4083 698 4155 mittere,
721 4081 850 4160 quicum
870 4082 980 4142 nomine
1000 4082 1079 4142 Pon-

1145 1476 1209 1520 nem
1241 1461 1347 1541 Borgia
1381 1455 1639 1525 Protbonotarium
1660 1478 1797 1547 nepotem
1819 1486 1928 1543 suum,

1146 1572 1293 1622 caractere
1315 1562 1442 1623 clericali
1468 1572 1582 1623 tantum
1602 1566 1778 1645 insignitos,
1798 1567 1836 1626 ad
1857 1586 1928 1645 qua·

1146 1672 1213 1722 tuor
1234 1662 1357 1723 minores
1371 1707 1379 1734 ,
1399 1673 1429 1724 et
1449 1663 1669 1727 subdiaconatus
1683 1685 1791 1729 sacros
1806 1665 1926 1729 Ordines

1145 1762 1219 1822 infra
1251 1762 1406 1823 Missurum
1437 1783 1489 1844 per
1518 1765 1612 1845 ipsum
1644 1766 1680 1827 ll.
1702 1767 1927 1830 Alexandrinum

1146 1852 1363 1924 celebraturum
1378 1865 1514 1926 solemnia
1530 1863 1634 1942 ,juxta
1650 1868 1779 1929 formam
1795 1881 1825 1931 et
1841 1871 1925 1931 ritum

1147 1961 1269 2024 Sanctae
1289 1962 1597 2028 Romanoalieelesiae
1615 1967 1720 2029 ordine
1734 1968 1925 2050 infrascripto.

1146 2065 1245 2124 litare
1267 2074 1400 2144 paratum
1420 2065 1478 2126 fuit
1504 2067 1643 2128 ferialiter
1665 2087 1733 2129 cum
1757 2089 1807 2131 sex
1828 2072 1928 2134 cande·

1111 2111 1116 2233 i
1146 2163 1233 2223 labris
1254 2176 1282 2225 et
1304 2168 1332 2226 in
1353 2166 1446 2228 medio
1467 2170 1558 2247 posita
1575 2170 1671 2229 omnia
1685 2182 1792 2250 parata
1814 2171 1926 2251 pontid·

1146 2264 1217 2324 colia
1240 2268 1356 2326 molatia
1389 2286 1444 2347 pro
1474 2268 1688 2344 Celebratnro,
1719 2281 1750 2332 et
1783 2272 1811 2333 in
1839 2291 1927 2334 cornu

1145 2365 1295 2446 Evangelii
1313 2368 1448 2443 amictus,
1467 2368 1542 2442 alba,
1563 2380 1592 2432 et
1611 2372 1765 2451 cingulum
1785 2392 1841 2452 pro
1860 2373 1928 2435 (lar-

1145 2468 1237 2530 dinale
1252 2469 1428 2542 ordinando,
1442 2470 1638 2534 faldistorium
1661 2474 1691 2533 in
1713 2476 1783 2535 loco
1804 2493 1860 2535 suo
1881 2496 1927 2555 pro

1146 2569 1328 2641 celebrante,
1352 2581 1381 2630 et
1401 2571 1557 2632 scabellum
1590 2573 1618 2631 in
1651 2592 1749 2635 cornu
1782 2574 1927 2655 Evangelii

1145 2689 1196 2749 per
1218 2680 1439 2743 transversum,
1460 2690 1494 2732 ac
1513 2672 1541 2731 in
1562 2673 1646 2751 plano
1668 2675 1847 2755 presbyterii
1867 2695 1927 2737 cre-

1146 2768 1239 2830 dentia
1261 2789 1315 2849 pro
1338 2771 1498 2834 celebrante
1516 2763 1593 2834 cum'
1606 2772 1719 2835 dnobus
1743 2775 1927 2850 candelabris,

1145 2872 1236 2932 calice
1257 2889 1326 2931 cum
1355 2871 1467 2932 duabus
1499 2875 1596 2934 lrostiis
1618 2877 1732 2954 magnis
1759 2888 1789 2936 et
1822 2877 1927 2936 duabus

1145 2971 1255 3051 parvis,
1286 2973 1344 3031 dno
1372 2972 1490 3033 baccilia
1513 2991 1579 3033 eum
1602 2985 1732 3053 quatuor
1754 2978 1926 3050 mantilibus,

1145 3074 1256 3145 claves,
1279 3072 1351 3134 liber
1373 3074 1551 3149 lectionum,
1583 3076 1655 3138 liber
1677 3079 1955 3166 exorcismorum„

1145 3173 1349 3236 candelabrum
1383 3193 1450 3234 cum
1481 3175 1597 3237 candela
1632 3177 1781 3252 extincta,
1804 3180 1925 3259 ampulla

1146 3294 1238 3337 vacua
1250 3320 1259 3349 ,
1281 3276 1355 3337 calix
1376 3278 1485 3337 vacuus
1506 3296 1573 3338 cum
1596 3289 1697 3358 patena
1717 3280 1831 3359 absque
1851 3283 1924 3353 ostia,

1144 3377 1288 3455 ampullae
1309 3394 1377 3437 cum
1399 3377 1488 3449 vino,
1510 3387 1539 3439 et
1559 3395 1656 3457 aqua,
1680 3378 1757 3440 liber
1784 3379 1924 3460 Epistola·

1146 3498 1237 3553 rum,
1269 3489 1299 3540 ct
1321 3479 1394 3540 liber
1419 3477 1675 3560 Evangeliorum,
1697 3481 1847 3544 credentia
1880 3501 1924 3563 pro

1145 3580 1295 3641 Cardinalc
1318 3579 1502 3653 ordinando,
1524 3582 1628 3641 tobalia
1659 3583 1770 3642 munda
1796 3596 1922 3663 cooperta

1145 3689 1174 3739 at
1190 3691 1284 3761 tapete
1299 3699 1353 3760 pro
1373 3680 1498 3741 scabello
1510 3681 1687 3754 Gardinolis,
1699 3684 1853 3744 cussinum
1867 3703 1922 3743 ma·

1145 3798 1235 3858 gnum
1256 3799 1311 3859 pro
1327 3780 1559 3860 prosternatione
1580 3781 1616 3841 ad
1636 3782 1816 3857 laetaniam,
1838 3784 1922 3844 mani·

1145 3882 1243 3959 pulus,
1255 3868 1412 3954 tunicella,
1433 3882 1516 3954 stola,
1533 3880 1695 3943 Dalmatica
1721 3884 1783 3945 albi
1806 3887 1922 3958 coloris,

1145 3991 1174 4039 et
1192 3982 1276 4040 mitra
1299 3981 1430 4059 simplex,
1449 3980 1541 4042 bacile
1562 4000 1630 4042 cum
1652 3984 1757 4045 bucula
1777 3997 1810 4046 et
1829 4002 1922 4046 mnn-

1146 4084 1247 4160 tergis,
1258 4083 1315 4142 duo
1332 4081 1452 4162 baccilia
1468 4100 1534 4142 cnm
1553 4084 1632 4157 vino,
1645 4084 1704 4144 duo
1720 4086 1822 4166 magni
1837 4104 1921 4168 punct,

297 4183 381 4245 tideis
395 4182 550 4261 reciperet,
565 4181 665 4243 deinde
681 4180 812 4243 eumdem
833 4185 861 4241 in
882 4182 926 4243 die
939 4183 1079 4245 adventus
1111 4169 1115 4249 Ι
1145 4182 1203 4242 duo
1224 4182 1369 4243 intorticia
1391 4184 1478 4257 alba,
1497 4194 1565 4245 octo
1583 4186 1717 4264 moeniae
1740 4188 1825 4250 albae
1845 4188 1922 4249 nnius

296 4303 350 4364 per
373 4284 495 4345 familias
520 4281 637 4362 Papae,
665 4292 693 4342 et
724 4281 921 4342 cardinalium
949 4287 1078 4364 recipere
1145 4283 1234 4344 librae
1255 4284 1409 4361 quaelibet,
1429 4304 1484 4345 una
1506 4303 1597 4347 canna
1617 4288 1747 4349 cortinae
1768 4289 1921 4350 subtiliset

296 4386 481 4447 moresolito.
494 4383 695 4455 Postmodum,
708 4381 903 4458 Pontiilee,ad
917 4386 1077 4446 instantiam
1146 4403 1203 4463 qna
1226 4384 1317 4445 media
1336 4385 1389 4446 feci
1412 4386 1484 4446 duas
1506 4390 1657 4467 mappulas
1675 4407 1732 4468 pro
1752 4392 1874 4469 panibus
1891 4389 1921 4448 ad

294 4484 424 4561 ejusdem
445 4485 623 4556 cardinalis,
645 4503 690 4545 me
711 4483 746 4545 de
769 4487 929 4564 praemissis
951 4487 1079 4548 interro-
1144 4486 1323 4547 offertorium
1358 4487 1552 4567 cooperiendis
1573 4498 1602 4549 et
1632 4488 1669 4547 ad
1690 4491 1779 4550 aliam
1808 4491 1921 4552 mediam

294 4596 402 4665 gante,
421 4584 484 4645 dedi
502 4587 624 4647 similem
641 4585 870 4648 informationem
889 4588 984 4669 Papae
1000 4590 1077 4669 quod
1143 4598 1292 4666 extergere
1311 4604 1412 4647 manus
1427 4587 1577 4649 ordinandi
1592 4600 1748 4669 antequam
1761 4604 1921 4672 paramenta

293 4686 462 4749 cardinales
483 4686 614 4748 mittendi
630 4698 810 4762 non-essent,
829 4690 876 4751 sed
905 4691 963 4754 dno
989 4710 1078 4772 prae·
1143 4687 1306 4767 acciperet,
1327 4687 1448 4748 baculus
1470 4689 1622 4768 pasicratis
1651 4690 1681 4748 in
1716 4708 1776 4753 uno
1806 4692 1923 4753 scabello

295 4789 368 4861 lati,
394 4800 535 4867 utsupra
554 4787 636 4860 dixi,
666 4790 741 4848 mitti
765 4801 887 4869 possent.
911 4791 1077 4855 successive
1143 4788 1238 4867 Papae
1250 4830 1259 4860 ,
1289 4788 1433 4849 credentia
1468 4787 1627 4850 ordinandi.
1661 4788 1770 4851 Parata
1811 4795 1923 4855 fuerunt

293 4890 370 4951 idem
396 4890 556 4951 cardinalis
587 4908 604 4949 a
637 4908 683 4949 me
710 4891 789 4969 petiit
818 4893 904 4952 etiam
925 4911 961 4953 an
983 4907 1077 4975 posset
1141 4889 1287 4961 amictus,
1318 4889 1382 4948 fllbt
1411 4901 1441 4950 tl
1462 4890 1631 4968 cingulum,
1652 4891 1836 4972 manipulus,
1850 4891 1925 4955 tuni·

292 4992 497 5052 convenienter
516 4989 608 5051 eidem
633 4989 795 5051 llarcbioni
821 4993 902 5054 locus
929 4995 957 5053 in
985 4994 1076 5059 banco
1143 4990 1229 5061 aella,
1256 4990 1327 5049 ⁵1⁰¹⁸
1349 5000 1378 5050 tl
1399 4990 1558 5052 Dilmfllict
1576 5011 1631 5071 ΡΝ)
1650 4990 1858 5055 Pl⁰l⁰¹¹018rl⁰
1877 5014 1923 5056 or·

295 5089 493 5151 Cardinalium
523 5100 587 5169 post
608 5109 706 5153 omnes
743 5089 909 5155 Cardinales
938 5094 1000 5155 dari
1012 5117 1023 5169 ;
1047 5109 1077 5159 et
1142 5090 1275 5151 dinando.
1299 5091 1455 5171 Postquam
1477 5110 1576 5154 omnes
1596 5106 1798 5156 convenerunt
1814 5098 1842 5156 in
1857 5116 1922 5178 eap-

293 5192 427 5271 respondi
462 5192 541 5271 quod
562 5210 639 5267 non,
672 5193 721 5255 sed
744 5194 839 5253 locum
871 5197 900 5254 in
932 5198 1075 5277 superiori
1142 5192 1216 5272 pella
1238 5188 1349 5269 majore
1368 5191 1466 5273 palatii
1487 5193 1644 5274 Apostolici
1674 5194 1751 5274 apud
1786 5197 1922 5259 Sanctum

1142 5293 1282 5366 Petrum,
1306 5295 1334 5354 in
1356 5311 1413 5371 qua
1432 5292 1576 5355 ordinatio
1594 5292 1762 5373 hujusmodi
1782 5298 1859 5360 facta
1875 5312 1925 5370 cst,

1140 5394 1346 5457 catabrararos
1370 5395 1481 5476 aceepit
1507 5396 1601 5456 omnin
1632 5406 1802 5476 paramenta
1831 5402 1946 5480 ponti··

1141 5494 1233 5558 boalia
1245 5541 1254 5583 ,
1275 5495 1434 5559 Cardinalls
1464 5496 1636 5559 ordinandus
1654 5495 1739 5576 juxta
1766 5502 1924 5563 scabellum

1140 5620 1238 5675 sunm,
1252 5600 1401 5675 amictum,
1417 5600 1525 5675 album,
1538 5612 1569 5664 et
1581 5601 1744 5682 cingulum,
1760 5613 1792 5664 et
1808 5602 1923 5665 mitram

1138 5702 1318 5782 simplieau3
1338 5715 1369 5766 et
1393 5702 1468 5766 vadit
1488 5703 1528 5765 ita
1539 5747 1550 5779 ,
1583 5714 1616 5764 ut
1636 5704 1742 5766 facum
1770 5704 1923 5768 celebranti

328 5446 372 5535 Ι(ί)
387 5474 472 5526 Verba
489 5477 568 5539 baec,
587 5480 670 5531 literis
688 5480 801 5530 diversis
819 5453 962 5544 inscripta,
978 5481 1074 5532 desunt

291 5554 317 5604 in
333 5554 396 5605 adit.
414 5555 540 5619 liscardi,
555 5562 582 5610 et
603 5572 665 5611 vera
687 5563 749 5612 sunl
770 5559 835 5610 satis
853 5565 945 5623 aperte
967 5565 1075 5612 contra·

291 5634 412 5685 dictoris.

327 5716 365 5776 12)
380 5716 408 5766 ln
424 5715 541 5771 Eccardo
556 5718 667 5783 aliquam
683 5733 717 5773 m
727 5719 916 5774 cardinalitas.
