4492 6859
303 669 423 754 (dibi)

353 812 448 873 hiense
465 806 551 885 iunii,
573 804 749 869 hebdomada
771 808 914 881 secunda,
938 807 1101 887 Coiiegium

312 909 506 968 nonnarum
541 903 741 981 cardinalium
763 904 942 965 incluserunt
964 904 1102 983 Magnum

308 1008 445 1072 'furcam
467 1006 495 1065 in
511 1006 589 1068 Arca
611 1003 710 1065 Sancti
730 1006 854 1083 angen,
874 1007 1015 1083 iilumque
1034 1005 1103 1066 diii·

309 1116 412 1185 genter
426 1103 567 1166 custodiri
587 1105 729 1176 fecerunt,
751 1115 780 1166 et
799 1102 855 1165 hoc
878 1106 982 1166 timore
996 1107 1100 1167 mortis

309 1203 466 1266 Pontificio.
905 1238 911 1276 ·,

352 1305 405 1366 nie
426 1306 534 1377 lunae,
557 1303 605 1364 tu.
620 1304 690 1366 dicti
711 1304 828 1374 mensis,
844 1285 1012 1477 pm
1025 1306 1101 1366 Fer·

309 1425 393 1476 rum,
413 1424 473 1484 quo
491 1405 549 1465 fuit
578 1406 717 1467 Dominus
738 1416 837 1467 noster
1017 1407 1103 1467 sistus

309 1506 472 1586 perfossus,
494 1506 616 1585 praefati
639 1506 805 1567 Cardinaies
823 1516 852 1569 et
873 1505 1037 1586 Collegium
1068 1506 1103 1567 da

309 1623 427 1666 mmers
456 1603 525 1665 dicti
547 1602 695 1666 Pontificis
718 1605 745 1665 in
766 1608 885 1668 ecclesia
898 1606 996 1667 Sancti
1012 1606 1103 1681 Petri,

310 1707 341 1766 in
360 1709 426 1770 ioco
453 1705 502 1766 irbi
535 1707 680 1769 inclusum
701 1718 747 1767 est
766 1707 939 1781 Sudarirms,
957 1726 1013 1768 nna
1035 1727 1103 1769 cum

309 1808 388 1868 dicto
414 1806 541 1867 Sudurio
572 1809 800 1869 coiiocavarunt.
833 1807 1018 1876 Et·''·factum
1047 1809 1103 1870 fuit

309 1907 504 1983 inventarium
531 1906 676 1968 bonorum
694 1909 840 1971 ecclesiae.

352 2007 462 2071 &dem
488 2008 533 2069 die
564 2008 838 2072 Vise-Camerarius
863 2011 1102 2073 bartholomaeus

314 2109 452 2171 Uorenus
465 2106 512 2191 (i)
529 2110 706 2185 Mutinensis,
727 2130 784 2174 non
806 2111 950 2188 confidens
964 2113 998 2175 de
1016 2112 1102 2175 domo

314 2229 368 2269 ma
383 2254 392 2282 ,
410 2211 514 2271 timore
532 2212 676 2271 tumuitus
697 2211 913 2286 Romanorum,
936 2214 985 2292 qui
1007 2213 1099 2274 solent

311 2310 376 2373 beri
396 2311 425 2372 in
446 2320 540 2372 morte
561 2310 719 2387 Pontificis,
738 2331 805 2374 eum
828 2314 905 2374 omni
927 2331 979 2373 sun
995 2314 1100 2373 familia

309 2422 340 2473 et
361 2410 442 2472 bouis
461 2412 499 2473 ad
520 2410 707 2472 habitandum
741 2430 810 2473 cum
843 2412 993 2474 liudovico
1022 2413 1101 2474 hiat·

311 2511 408 2586 thasi,
430 2512 482 2590 qui
506 2524 575 2573 tunc
597 2513 734 2592 temporis
753 2524 817 2574 erat
834 2513 1053 2586 Conseruntur,
1072 2534 1102 2575 se

311 2612 458 2686 contulit,
481 2623 586 2695 putans
613 2613 651 2673 ibi
672 2632 808 2676 securum
831 2634 860 2675 se
879 2634 961 2695 posse
983 2634 1102 2695 perma-

310 2731 392 2791 nere3
411 2714 463 2791 qui
482 2725 547 2794 post
566 2715 681 2793 aliquos
703 2713 762 2777 dies
780 2715 808 2776 io
831 2715 944 2778 Palatio
962 2715 1057 2795 Papae
1073 2735 1103 2778 se

311 2814 444 2889 induxit,
458 2815 678 2892 habitavitque,
700 2833 735 2876 na
758 2815 908 2878 rideretur
934 2817 963 2876 in
988 2815 1113 2877 virius--

312 2917 359 2979 rio
379 2913 437 2999 (2),
457 2915 487 2978 in
508 2917 573 2977 ioco
594 2916 644 2994 qui
666 2914 774 2977 dicitur
794 2916 975 2980 belvedere.

357 3018 469 3079 interea
491 3015 521 3076 in
542 3015 623 3077 Urbe
639 3034 788 3095 nunquam
805 3026 955 3078 cessarunt
977 3014 1103 3076 tributa·

313 3119 401 3180 tiones
431 3129 461 3179 et
492 3128 610 3179 mortes.
637 3115 710 3177 Nam
738 3118 767 3177 in
794 3118 897 3197 primis
928 3129 987 3178 tres
1018 3117 1101 3195 pueri

313 3218 411 3280 decem
443 3235 610 3288 nouorum,
645 3236 661 3277 e
701 3217 779 3278 renis
816 3235 944 3296 quorum
975 3214 1103 3277 iudaeus

314 3320 431 3397 quidam
456 3317 606 3390 Medicus,
634 3319 684 3395 qui
715 3317 823 3398 Papam
852 3336 954 3378 sanum
981 3317 1103 3379 reddere

313 3422 510 3502 promiserat,
538 3421 708 3499 sanguinem
741 3422 887 3493 extraxit,
918 3418 1103 3482 incontinenti

314 3524 425 3585 mortui
447 3533 524 3584 suut.
545 3521 665 3583 Dixerat
688 3540 812 3600 namque
833 3521 960 3583 iudaeus
981 3522 1051 3593 iiie,
1073 3538 1104 3581 sa

315 3627 390 3688 velia
410 3641 511 3686 sanare
532 3620 710 3695 Pontificem,
733 3622 890 3685 dummodo
910 3622 1018 3683 habere
1035 3639 1103 3701 pos·

316 3736 359 3787 set
387 3737 497 3787 certam
519 3726 715 3804 quantitatem
733 3725 879 3804 sanguinis
906 3722 1046 3795 humaui,
1074 3732 1104 3782 et

316 3826 432 3904 quidem
452 3824 579 3902 iuvenis,
601 3845 687 3904 quem
711 3839 864 3907 propterea
887 3824 999 3886 extrahi
1016 3820 1103 3900 jussit

314 3945 330 3985 a
360 3928 454 3987 tribus
483 3924 604 4006 pueris,
642 3924 749 4004 quibus
781 3937 846 4005 post
877 3924 1103 4004 phlebotomiam

315 4046 408 4087 unirm
428 4026 567 4086 duantum
588 4042 643 4105 pro
666 4024 795 4102 quotibet
818 4023 946 4085 dotiavit.
963 4024 1001 4084 Et
1016 4024 1104 4103 pauiu

319 4137 385 4207 post
407 4126 515 4186 mortni
536 4136 603 4186 sunt
623 4122 679 4209 (3).
701 4123 828 4187 iudaeus
842 4125 957 4205 quitiam
973 4123 1105 4205 aufugit,

316 4238 347 4289 et
360 4226 439 4307 Papa
459 4237 575 4287 sanatus
595 4244 654 4288 uon
670 4236 723 4287 est.

358 4328 431 4388 item
460 4327 569 4388 multae
590 4327 620 4386 in
642 4326 723 4390 Urba
745 4325 850 4387 habant
885 4326 1040 4388 occisiones
1074 4336 1104 4387 et

315 4429 433 4507 rapinae
453 4427 488 4490 de
510 4427 556 4487 die
576 4438 605 4489 et
625 4427 661 4488 de
682 4439 788 4499 noete,
806 4438 836 4491 et
857 4427 905 4487 rix
925 4426 1102 4509 praeteribat

316 4529 463 4610 dies,quin
481 4530 585 4609 aiiqnis
608 4529 800 4593 occideretur.
813 4529 920 4592 hinitos
931 4524 976 4612 (4)
989 4528 1102 4609 Hospes

317 4738 378 4776 rara
393 4739 446 4777 oon
469 4727 532 4778 mibi
549 4739 721 4791 persuasum,
737 4727 799 4778 dum
816 4728 938 4778 existimo
963 4727 1050 4775 omnia
1069 4727 1104 4777 ab

318 4817 350 4855 eo
371 4805 452 4857 tuisse
473 4811 583 4869 notatas
597 4814 626 4860 at
641 4813 704 4873 post
719 4812 842 4870 mmpns,
857 4808 900 4858 vet
916 4819 978 4857 casu
996 4806 1039 4856 vei
1055 4805 1105 4855 bo·

317 4886 415 4935 minam
433 4887 690 4952 mauritaniensem.

356 4966 391 5026 (t)
407 4964 435 5015 ln
452 4970 528 5018 texto
542 4965 653 5019 bocardi
669 4967 794 5023 uorum.
810 4969 838 5017 in
849 4966 939 5018 codice
951 4978 1025 5017 meae
1035 4965 1102 5017 tiibt.

317 5043 441 5107 florinus,
457 5048 483 5095 in
499 5048 622 5098 Muratori
632 5047 766 5107 Uosessss,
782 5049 810 5098 in
825 5047 896 5099 bulla
918 5046 1049 5111 pontificia
1068 5046 1104 5096 Da

316 5122 435 5175 Heresis.
454 5126 506 5177 tit.
524 5138 605 5187 supro
619 5139 681 5190 ooo.
698 5130 753 5180 tiit.

360 5209 399 5265 (t)
414 5208 443 5257 in
459 5205 550 5257 codice
566 5205 714 5257 intensurus
730 5210 756 5257 in
772 5208 893 5258 iiibttotu.
918 5216 993 5262 mea,
1009 5204 1103 5266 tegitur

317 5287 439 5346 offendo
454 5288 480 5336 io
497 5289 574 5336 textu
589 5286 722 5337 tiuratorii
738 5285 847 5337 Oiaosio.

358 5372 395 5430 (3)
410 5368 480 5420 Uace
497 5363 660 5429 charoaldo
676 5368 702 5414 et
719 5366 839 5415 omnibus
857 5363 991 5413 historicis
1007 5360 1102 5411 confir·

318 5453 431 5499 arantur.
805 5486 808 5490 .

359 5531 395 5591 tt)
412 5527 440 5577 in
455 5526 549 5578 codice
565 5536 624 5575 meo
640 5524 766 5586 scriptum
783 5526 825 5573 est
839 5523 933 5574 Unico
949 5522 1060 5583 Hamas,
1077 5521 1103 5571 iu

317 5612 393 5660 textu
416 5605 549 5659 ituratorii
571 5603 676 5654 Haterio
699 5601 797 5663 hospes.
812 5600 906 5652 tisim
920 5601 1009 5662 hospes
1025 5603 1103 5662 prout

318 5688 413 5751 tantur
433 5688 459 5737 in
479 5688 556 5736 textu
576 5682 709 5742 liscardi,
726 5685 768 5732 cui
788 5685 917 5732 consonat
939 5676 1102 5730 adverbum

318 5766 405 5820 codex
424 5765 557 5816 Parisinus
584 5777 618 5817 ax
644 5762 796 5814 testimonio
819 5762 853 5812 da
875 5759 1045 5824 brequigny,
1061 5761 1103 5808 ast

775 668 1058 735 ronrrnmrua
1078 670 1305 735 innocuum
1325 671 1478 737 uertit.
1559 637 1561 642 ’
1898 681 1957 741 ios

1169 800 1289 902 ¹qnida'm
1318 813 1359 874 sic
1385 812 1496 883 dictus,
1519 825 1653 876 mortuus
1678 825 1707 875 at
1728 816 1879 877 dirobatus
1900 837 1957 881 um

1172 932 1240 974 eum
1260 913 1322 991 ejus
1342 925 1426 996 uapte
1446 915 1510 975 tuit.

1212 1012 1251 1074 Et
1280 1015 1405 1088 tandem,
1431 1016 1509 1076 dicto
1531 1027 1681 1097 tempore,
1702 1037 1794 1097 neque
1818 1020 1954 1096 Senator,

1171 1133 1263 1193 nequa
1283 1115 1555 1178 Vise-Camerarius
1579 1136 1672 1195 ueque
1692 1120 1796 1198 aliquis
1817 1118 1958 1183 Officiaiis

1128 1238 1132 1246 ·
1172 1216 1281 1280 Urbem
1314 1217 1517 1291 custodiebat,
1547 1228 1666 1298 propter
1700 1220 1778 1298 quod
1812 1230 1958 1283 tantorum

1172 1318 1318 1379 maiorum
1339 1326 1368 1377 et
1387 1318 1618 1378 facinorosorum
1634 1317 1783 1381 bominum
1804 1321 1957 1382 confestim

1171 1418 1282 1498 repieta
1302 1427 1368 1491 est,
1389 1429 1422 1478 ut
1449 1420 1496 1478 rix
1524 1418 1582 1480 dici
1614 1421 1727 1500 possit,
1754 1439 1823 1481 cum
1850 1420 1957 1500 absque

1171 1515 1298 1595 alicujus
1320 1518 1487 1598 Superioris
1508 1520 1611 1583 timore
1633 1532 1841 1601 permanerent.
1943 1507 1950 1518 ⁰

1213 1620 1266 1681 Dia
1287 1620 1339 1681 ii.
1357 1617 1425 1695 juiii
1446 1619 1572 1701 Prosper
1590 1621 1744 1695 Columna,
1766 1635 1794 1685 et
1815 1622 1959 1684 Jobauues

1172 1720 1317 1783 iordanes
1339 1720 1416 1782 fitius
1438 1721 1569 1800 Virginei
1587 1722 1698 1796 Ursini,
1719 1724 1769 1802 qui
1783 1723 1860 1804 apud
1881 1723 1958 1785 Car·

1171 1822 1294 1883 diuafem
1313 1820 1414 1882 Sancti
1429 1820 1509 1882 Petri
1527 1822 1565 1883 ad
1585 1823 1707 1884 Vincula
1725 1824 1956 1899 divertebantur,

1171 1941 1239 1985 cum
1258 1922 1357 1983 muitis
1377 1924 1442 1983 aliis
1462 1924 1624 1987 Beronibus
1642 1937 1671 1986 et
1693 1926 1804 1986 nisibus
1818 1926 1958 1988 Romanis

1170 2035 1356 2087 accesserunt
1376 2025 1413 2086 ad
1438 2027 1578 2105 palatium
1595 2027 1854 2102 Conservatorum,
1875 2041 1904 2090 et
1920 2028 1958 2089 ibi

1170 2145 1218 2187 eos
1238 2127 1360 2187 niiocuti
1380 2137 1459 2198 sunt,
1475 2145 1543 2187 cum
1560 2126 1664 2204 quibus
1685 2145 1740 2187 non
1761 2140 1846 2189 erant
1858 2129 1958 2208 Capita

1170 2226 1540 2307 Regionum,dixeruntqua
1552 2237 1580 2288 et
1591 2226 1777 2288 notibearuut
1787 2228 1869 2290 dictis
1882 2228 1958 2290 uui·

1170 2328 1289 2389 ciaiibus
1310 2339 1338 2389 et
1359 2327 1486 2399 civibus,
1512 2347 1541 2389 se
1562 2327 1689 2391 barones
1710 2328 1959 2404 essc‘concordes,

1142 2456 1145 2462 ·
1170 2428 1292 2510 diligere
1314 2447 1402 2507 quam
1430 2431 1593 2510 piurimum
1614 2433 1754 2510 poputum
1782 2430 1958 2493 Romanum.

1170 2532 1212 2590 hc
1246 2540 1398 2609 propterca
1431 2548 1657 2608 securumque
1692 2542 1787 2592 castra
1823 2544 1853 2594 et
1884 2532 1958 2592 bona

1170 2631 1268 2692 omnia
1286 2630 1443 2693 offerebant
1463 2648 1518 2709 pru
1539 2632 1630 2693 sainte
1658 2634 1778 2713 popuii,
1798 2634 1957 2712 rogabant·

1171 2751 1228 2810 que
1246 2752 1296 2794 eos
1315 2776 1323 2804 ,
1342 2742 1375 2791 ut
1396 2733 1420 2790 si
1439 2732 1619 2809 contingeret
1632 2751 1716 2793 casus
1730 2734 1832 2793 mortis
1846 2732 1959 2813 Papae,

1171 2844 1201 2895 et
1227 2832 1279 2913 ipsi
1303 2830 1462 2910 jungerent
1481 2851 1511 2893 se
1532 2834 1641 2893 auxilio
1667 2852 1793 2906 eorum,
1815 2851 1873 2912 quo
1903 2852 1957 2913 pro

1172 2934 1296 2995 arbitrio
1318 2943 1480 2995 uterentur.
1503 2933 1543 2994 tn
1563 2954 1580 2995 e
1601 2953 1743 2997 converso
1763 2935 1960 2998 Conservato-

1173 3054 1218 3097 res
1246 3045 1276 3096 et
1303 3035 1382 3096 circs
1413 3033 1585 3096 obtulerunt
1616 3035 1656 3096 eis
1686 3035 1826 3114 quicquid
1863 3046 1960 3116 posset

1172 3136 1281 3197 offerri.
1304 3133 1404 3204 Qualis
1433 3147 1530 3198 autem
1562 3136 1600 3196 sit
1629 3137 1766 3199 salutatio
1794 3133 1841 3219 (b)
1861 3137 1958 3211 haec,

1173 3236 1325 3315 hucusque
1345 3236 1487 3299 nascitur.

1213 3338 1267 3399 Die
1287 3337 1339 3399 ib.
1358 3338 1437 3417 jotti,
1460 3338 1489 3399 iu
1504 3336 1551 3400 die
1570 3337 1671 3399 Sancti
1687 3338 1804 3411 iacobi,
1823 3348 1899 3398 serta
1917 3338 1961 3397 rei

1173 3441 1273 3519 quinta
1306 3440 1378 3500 born
1411 3440 1517 3513 noctis,
1533 3451 1668 3501 mortuus
1698 3450 1743 3502 est
1774 3440 1959 3501 Innocentius

1174 3540 1253 3621 Papa
1274 3538 1416 3613 Octavus,
1435 3538 1522 3616 cujus
1543 3540 1637 3601 anima
1659 3542 1820 3619 requiescat
1835 3542 1863 3601 in
1881 3560 1960 3621 pace.

1214 3640 1340 3703 Etcum
1362 3640 1507 3702 discordia
1529 3640 1630 3703 fuisset
1652 3641 1727 3704 iuter
1757 3641 1960 3703 Camerarinm

1172 3756 1201 3805 et
1220 3741 1469 3805 ostentationis
1490 3741 1526 3804 de
1547 3743 1672 3805 creando
1687 3760 1779 3803 unum
1800 3744 1961 3806 Maronit-

1174 3845 1236 3905 ium
1258 3862 1312 3924 pro
1333 3843 1462 3921 quaiibet
1479 3843 1639 3921 regioneet
1653 3843 1785 3904 custodes
1806 3855 1959 3923 portarum

1172 3955 1200 4006 at
1219 3944 1362 4022 pontium,
1377 3942 1448 4019 quia
1463 3941 1583 4019 quilibet
1597 3943 1727 4023 ipsorum
1743 3943 1856 4005 volebat
1869 3945 1961 4023 elige·

1174 4063 1217 4117 re,
1239 4041 1354 4103 tarrdcm
1374 4041 1570 4115 Camerarius,
1588 4044 1685 4105 rolens
1702 4055 1798 4106 tenere
1817 4042 1867 4127 (6)
1888 4061 1961 4105 con·

1172 4142 1352 4207 suetudinem
1371 4141 1570 4203 Romanorum
1592 4145 1751 4223 antiquam,
1765 4162 1817 4206 nee
1839 4146 1960 4226 priviie·

1171 4245 1227 4323 giis
1252 4244 1361 4306 civium
1387 4242 1551 4322 derogare,
1580 4246 1694 4318 voluit,
1716 4257 1749 4306 ut
1767 4265 1819 4325 per
1846 4246 1960 4326 singula

1172 4345 1265 4426 capita
1284 4343 1446 4424 Regionum
1473 4353 1643 4424 portaretur
1668 4345 1737 4407 fides
1756 4346 1873 4409 Civium
1893 4347 1959 4409 tto·

1172 4465 1326 4509 manorum
1349 4449 1560 4525 antiquorum,
1581 4447 1800 4520 attestantium,
1831 4449 1887 4510 hoc
1919 4449 1958 4510 ad

1173 4548 1318 4612 Obiciaies
1337 4550 1491 4629 pertinere.
1513 4550 1552 4612 Et
1573 4551 1612 4611 ita
1635 4550 1744 4611 fectum
1766 4563 1818 4613 est.
1842 4618 1845 4624 ,

1214 4652 1348 4731 Cumque
1368 4652 1462 4713 dictus
1480 4651 1666 4715 Camerarius
1686 4653 1805 4717 baberet
1826 4654 1956 4716 notitiam

1171 4754 1207 4816 de
1236 4754 1411 4834 praedictis,
1431 4765 1460 4815 at
1491 4754 1569 4833 quod
1597 4754 1634 4815 ad
1661 4775 1690 4817 se
1721 4773 1776 4817 non
1809 4754 1956 4835 spectabat

1171 4856 1277 4934 eligere
1289 4900 1299 4929 ,
1311 4856 1530 4917 insurrexerunt
1549 4867 1674 4934 quatuor
1691 4857 1770 4917 cires
1785 4855 1820 4917 de
1834 4855 1957 4916 nostris.

1172 4956 1328 5030 videlicet,
1348 4956 1527 5018 Laurentius
1556 4955 1590 5017 de
1610 4955 1808 5029 Marcellinis,
1839 4955 1891 5035 qui
1919 4955 1956 5015 ed

1171 5075 1306 5137 praesens
1326 5067 1369 5119 est
1390 5056 1478 5117 Prior
1499 5055 1633 5135 Cupitum
1658 5056 1839 5135 Regionum,
1860 5057 1958 5117 Fran·

1172 5160 1267 5219 eiscus
1287 5158 1373 5220 'l'edei
1388 5154 1445 5240 (i),
1466 5156 1590 5218 Jacobns
1610 5157 1762 5219 tiberinus
1781 5167 1810 5217 at
1829 5155 1955 5217 iacobus

1172 5354 1371 5408 euidentissima
1388 5355 1464 5404 tactio
1482 5354 1627 5411 mendosa,
1643 5366 1675 5404 ex
1693 5352 1801 5403 indubio
1817 5352 1956 5415 exempta·

1171 5436 1238 5487 toris
1255 5447 1359 5484 errore.

1213 5516 1251 5579 (5)
1266 5514 1307 5566 Sic
1325 5514 1351 5565 in
1367 5512 1505 5573 Eccardo,
1523 5512 1549 5562 in
1576 5514 1718 5573 Muratori,
1735 5516 1761 5563 et
1779 5513 1805 5562 iu
1822 5512 1959 5563 codicibus

1174 5594 1376 5656 manuscriptis:
1394 5593 1442 5643 sed
1459 5593 1528 5642 forta
1545 5590 1683 5653 tegendum
1700 5591 1815 5642 soiootia.

1212 5676 1250 5733 (b)
1265 5671 1293 5723 ln
1310 5671 1393 5722 codic.
1411 5685 1470 5723 meo
1487 5675 1513 5723 et
1531 5673 1556 5721 iu
1572 5672 1695 5722 tiaratori
1712 5672 1799 5723 sciens
1816 5672 1905 5722 delere.

1173 5750 1183 5778 s
1213 5756 1248 5817 (1)
1264 5752 1344 5802 fedus
1359 5751 1387 5802 ia
1402 5752 1486 5804 codic.
1504 5764 1562 5803 mac
1578 5758 1604 5804 at
1620 5752 1754 5803 tiaratori.

1677 5853 1710 5900 25
