4492 6859
229 624 340 708 (taos)

694 613 978 680 ruttttrtcntus
999 614 1226 679 sumnum
1246 614 1376 680 SEXTL
1811 620 1873 682 ΙΙΙ

230 760 331 835 Turri
353 773 456 818 versus
477 754 587 816 dictum
608 753 744 815 Castrum
771 751 808 811 ad
836 766 941 810 cuums
961 764 1018 811 xx.
1082 750 1160 812 libus
1182 747 1275 812 videri
1295 750 1375 829 quod
1394 769 1426 811 se
1446 752 1520 814 inter
1542 752 1642 833 Reges
1663 752 1876 831 Romanarum,

231 861 276 920 rel
299 858 396 931 cirre,
417 874 471 935 pro
497 853 631 932 eoquod
653 872 757 913 murus
781 853 853 931 ipsa,
873 861 1025 911 vetustate

231 968 436 1038 consumptus,
457 975 513 1035 per
544 955 655 1015 moenia
683 970 759 1014 nura
791 950 916 1031 desuper
946 968 1020 1010 con·

229 1068 342 1121 structe
365 1056 451 1116 nimis
471 1056 664 1135 gravabatur,
679 1071 766 1132 quem
781 1052 837 1112 SS.
853 1052 887 1111 D.
907 1049 941 1110 N.
960 1051 1019 1111 sine

228 1177 312 1220 mora
333 1157 403 1219 fecit
424 1154 615 1218 reaedificari.

270 1258 422 1319 Dominica
439 1258 539 1334 quinta
556 1256 635 1329 maii,
654 1254 733 1315 cirea
752 1253 856 1314 boram
877 1267 1019 1331 vespero·

228 1381 296 1422 rum
319 1359 350 1421 S.
373 1359 410 1419 Ι).
432 1357 467 1419 Ν.
490 1377 557 1418 cum
580 1358 721 1437 capucino
741 1355 832 1417 rubeo
851 1372 942 1433 supra
966 1371 1019 1412 ro-

229 1462 366 1533 suetum,
388 1470 416 1520 et
430 1459 562 1538 cappello
583 1457 618 1517 de
639 1456 811 1529 cremesino,
832 1452 1019 1534 praecedente

227 1581 317 1623 cruce
352 1579 442 1639 quam
479 1559 607 1639 portavit
646 1559 787 1619 Dominus
825 1553 1019 1616 bernardinus

230 1663 377 1723 Gemburu
400 1659 605 1721 subdiaconus
625 1659 810 1739 apostolieae
830 1652 877 1735 (et
899 1668 1018 1714 crucem

229 1774 450 1845 praecesserunt
468 1761 541 1823 (iem
562 1761 667 1821 Saiten
688 1761 779 1821 frater
805 1757 901 1837 magni
928 1752 1019 1815 Turei

226 1865 303 1946 apud
326 1865 358 1923 S.
381 1865 416 1925 Ι).
440 1863 474 1923 Ν.
497 1863 630 1924 detentus
652 1881 669 1920 a
690 1859 819 1932 dextris,
833 1870 861 1919 ct
876 1856 1019 1918 temones

230 1966 338 2045 Rorgia
360 1964 428 2025 Dux
442 1963 568 2026 Caadiae
583 1963 762 2035 Valentinus,
783 1958 860 2019 filius
879 1957 910 2018 S.
926 1956 963 2016 Ι).
983 1953 1018 2014 Ν.

232 2065 330 2146 Papae
352 2066 379 2124 iu
402 2063 504 2125 babitu
526 2063 694 2125 'l'urcorum
712 2081 730 2122 a
748 2059 889 2131 sinistris3
910 2057 1019 2138 Papam

229 2163 344 2244 sequuti
365 2175 433 2225 suat
455 2163 557 2225 Sancti
579 2164 755 2234 Clementis,
775 2161 806 2222 S.
829 2157 1019 2233 Anastasiae,

229 2266 339 2327 Montis
358 2266 475 2346 Regalis
497 2264 694 2347 Presbyteri,
710 2260 975 2324 vicecancellarius
992 2269 1022 2319 et

231 2366 266 2427 S.
287 2366 422 2428 Severini
442 2366 585 2428 Diaconi
606 2365 784 2439 Cardinales,
801 2373 832 2425 et
851 2358 921 2425 aliis
938 2380 1020 2423 mure

228 2469 317 2528 solito
337 2465 552 2549 equitantibus)
574 2465 716 2547 equitavit
736 2483 789 2545 per
810 2463 1020 2525 Transtiberina

228 2578 259 2627 et
281 2579 395 2647 partem
416 2566 448 2626 S.
469 2567 580 2628 Mariae
597 2565 681 2643 juxta
703 2567 839 2627 ecciesiae
868 2564 900 2625 S.
922 2562 1020 2626 Geor·

226 2667 283 2747 gii,
301 2668 475 2729 Sanctorum
498 2666 638 2729 lobannis
657 2678 687 2729 et
707 2667 791 2726 Pauli
813 2665 849 2726 ad
864 2665 1019 2726 Basilicam

227 2768 329 2829 Sancti
349 2768 486 2830 lobannis
506 2767 726 2841 Lateraneasis,
748 2767 798 2827 ubi
819 2765 966 2827 descendit
985 2781 1022 2826 ex

228 2888 322 2948 equo,
342 2879 373 2929 et
396 2869 467 2928 vidit
489 2869 597 2929 ibidem
624 2878 820 2928 structuram·
841 2865 931 2927 tectis
966 2864 1020 2925 de·

227 2967 337 3029 scendit
357 2968 445 3029 etiam
476 2968 594 3029 'furcas
626 2984 695 3028 cum
728 2967 790 3028 tttto
821 2965 918 3046 Papae
930 3009 941 3040 ,
967 2965 1019 3043 qui

228 3070 314 3130 simui
336 3051 457 3129 fuerunt
476 3087 528 3149 per
550 3067 659 3129 dictam
677 3068 858 3140 Rusiiicam,
885 3066 1018 3147 sepultu-

230 3188 294 3229 ram
318 3169 411 3249 Papae
431 3170 548 3230 Nartiai
570 3170 605 3231 v.
638 3181 666 3232 et
698 3172 755 3231 alia
789 3168 1019 3250 prospicientes:

232 3272 356 3333 escensis
375 3271 476 3332 deinde
489 3272 592 3350 equis,
606 3271 684 3351 Papa
699 3282 728 3333 et
744 3289 844 3333 omues
862 3271 913 3330 aiii
929 3286 1020 3349 prae-

234 3374 303 3434 dicti
318 3374 487 3451 equitarunt
505 3372 541 3431 ad
556 3372 694 3433 Sanctam
708 3371 832 3432 Mariam
853 3369 1020 3447 Nujoreut,

233 3473 356 3534 Sanetus
390 3473 567 3552 Apostolos,
588 3472 731 3532 Sanctam
753 3471 945 3543 Marcellum
972 3469 1019 3530 ria

237 3572 337 3634 deinde
358 3573 467 3633 directa
489 3590 582 3652 usque
603 3572 639 3632 ad
660 3574 784 3653 plateam
807 3572 930 3634 Sanctae
954 3570 1021 3631 bla-

234 3676 295 3734 riae
310 3673 344 3734 de
360 3672 484 3753 Populo,
505 3673 539 3733 de
556 3674 665 3751 quaed
680 3674 826 3734 sinistram
842 3673 1020 3734 diversantes

237 3795 291 3855 pet·
305 3776 383 3836 viam
395 3776 482 3855 iuxta
498 3773 617 3848 fiumen,
631 3774 749 3835 domum
768 3773 929 3835 Cardinalis
944 3773 1021 3834 Par·

236 3879 351 3949 mensis,
372 3894 424 3954 per
448 3886 561 3954 pontem
577 3875 677 3936 Sancti
691 3876 804 3955 Angeli,
825 3873 861 3933 ad
882 3874 1020 3954 palatium

236 3977 436 4057 Apostolicum
458 3983 526 4033 suut
546 3975 666 4035 reversi.

276 4077 362 4137 Feria
384 4085 511 4153 quarta,
533 4090 585 4137 xv.
608 4076 675 4134 maii
687 4120 696 4149 ‚
720 4077 819 4156 vigilie
844 4073 1021 4137 tseenstents

236 4179 273 4237 D.
291 4175 325 4237 tt.
345 4177 415 4237 lesu
433 4175 565 4249 Christi,
587 4175 735 4237 dominus·
749 4176 917 4239 badericus
940 4177 1021 4240 Bru·

235 4296 292 4338 aus
313 4276 495 4338 Screaissimi
512 4276 697 4338 maximiliani
712 4278 912 4341 Romanorum
932 4277 1022 4357 Regis

234 4377 410 4439 secretarius
429 4388 459 4439 et
480 4374 607 4452 Orator,
628 4381 740 4458 petiita
760 4381 791 4441 S.
811 4381 847 4442 Ι).
866 4379 901 4441 N.
924 4382 1022 4442 iocata

239 4483 315 4540 inter
338 4475 480 4540 Oratores
500 4478 555 4539 sibi
582 4478 710 4539 debitum
731 4480 887 4562 assignari,
907 4491 937 4542 et
954 4481 1023 4542 iicet

237 4578 383 4640 Sanctitas
411 4576 489 4654 Sus,
516 4578 595 4657 quod
621 4580 704 4640 iocus
725 4580 778 4641 ribi
798 4600 888 4663 supra
908 4592 936 4643 et
957 4591 1022 4643 antc

235 4699 336 4743 omues
369 4677 512 4743 Oratores
543 4683 655 4761 regales
689 4682 852 4759 debeatur,
886 4686 1022 4746 asaeutirc

235 4782 409 4855 videretur,
430 4793 526 4843 tamea
546 4782 618 4844 dixit
637 4802 668 4845 se
687 4784 847 4864 superbae
867 4784 931 4844 RR.
959 4783 1021 4844 Ι)Ι).

235 4883 403 4946 Cardineles
422 4884 597 4958 consulere,
616 4894 645 4946 et
666 4904 713 4946 me
732 4884 834 4948 audire
861 4887 943 4947 veile.
966 4884 1022 4948 Ful

234 4985 327 5065 igitur
349 4995 504 5065 propterea
526 4997 645 5047 vocatus
665 5004 765 5047 coram
780 4986 940 5071 Sanctitate
961 4986 1022 5047 Sue

233 5086 399 5165 quaemihi
421 5085 491 5147 dixit
512 5086 768 5149 Reverendissimis
797 5088 860 5149 Ι)Ι).
879 5087 1022 5151 Cardine·

234 5304 464 5366 emanantes.
478 5305 589 5357 νέοισι).
600 5308 641 5359 tto.
652 5307 733 5360 xxt't.
744 5313 849 5371 raeco,
859 5309 927 5360 ster.
944 5306 1023 5359 tene·

230 5385 310 5436 sione
324 5385 366 5436 llb.
381 5385 400 5435 f.
417 5398 465 5435 aec
482 5400 534 5436 noa
550 5387 701 5439 Ntvausao
716 5389 780 5441 not.
797 5389 867 5451 Pon,
877 5390 1022 5440 Rarnatat

233 5464 299 5514 Διιιι.
314 5464 402 5527 Ecet,
420 5466 508 5516 uttan
523 5466 612 5516 Adnot.
628 5469 662 5517 od
677 5468 819 5529 Romaiu,
834 5468 918 5520 stu'
941 5468 1023 5517 histo·

232 5545 362 5607 riuosque
379 5545 434 5594 fere
452 5556 543 5595 omues
560 5546 693 5607 Venetos,
708 5546 910 5611 Neapolitanos,
925 5549 1022 5601 Nedio·

232 5624 375 5685 lunenses,
391 5624 593 5689 ferrarienses,
613 5628 785 5693 Mantuanos,
802 5634 829 5682 et
852 5635 1021 5682 monumenta

232 5708 325 5756 austra
342 5706 368 5755 iu
385 5706 542 5771 appendice.

1085 861 1115 912 et
1129 852 1269 914 Franelae
1283 870 1338 932 pro
1354 852 1418 914 luco
1435 848 1604 928 hujusmodi
1619 854 1802 936 interponere
1818 873 1875 918 nox

1086 950 1209 1026 debeat,
1232 971 1267 1013 ne
1289 951 1449 1031 indignatio
1468 954 1565 1029 aliqua
1595 953 1664 1016 Sedi
1688 956 1872 1037 tponottcse

1086 1052 1189 1113 exinde
1208 1051 1340 1114 eteniatz
1363 1053 1549 1114 nibilominus
1569 1054 1639 1115 mibi
1659 1065 1730 1118 tunc
1751 1057 1876 1119 commi·

1087 1154 1149 1228 sit,
1170 1153 1249 1231 quod
1271 1153 1335 1213 iteri
1352 1164 1417 1214 ante
1440 1174 1573 1235 vesperas
1600 1156 1638 1217 ob
1659 1158 1778 1220 eandem
1799 1178 1876 1221 cau·

1085 1272 1148 1313 sam
1177 1255 1215 1313 ad
1244 1253 1433 1315 Sanctitatem
1456 1255 1546 1315 Suam
1572 1257 1719 1331 redirem,
1740 1257 1818 1337 quod
1847 1269 1875 1321 et

1088 1355 1143 1416 leci
1155 1378 1166 1429 3
1188 1356 1236 1416 ubi
1258 1355 1402 1417 Sanctitas
1422 1355 1481 1417 Sua
1503 1358 1575 1419 milti
1601 1358 1672 1419 dixit
1704 1360 1775 1421 nihii
1796 1360 1876 1421 circe

1087 1458 1185 1518 lucum
1200 1454 1369 1534 hujusmodi
1387 1457 1555 1521 decrevisse.
1572 1459 1656 1540 Dedit
1675 1473 1771 1522 autem
1788 1479 1879 1541 prec-

1087 1557 1166 1619 letus
1199 1558 1234 1622 Ι).
1256 1558 1425 1620 Ludovicus
1456 1559 1573 1621 brunus
1592 1558 1702 1623 Orator
1724 1560 1757 1623 S.
1778 1561 1814 1621 Ι).
1836 1561 1871 1622 Ν.

1087 1658 1317 1721 informationem
1346 1677 1435 1739 super
1468 1660 1534 1721 loca
1564 1658 1734 1737 hujusmodi
1768 1664 1877 1742 petito,

1086 1756 1171 1836 eujus
1193 1772 1275 1823 tenor
1298 1760 1364 1821 talis
1384 1771 1435 1821 est.

1129 1886 1145 1917 e
1158 1862 1220 1922 Rex
1241 1862 1453 1936 Romanorum,
1472 1863 1560 1924 etiam
1582 1866 1760 1945 imperatore
1781 1866 1878 1928 adhue

1090 1961 1204 2022 vivente
1236 1962 1395 2035 suffectus,
1428 1965 1531 2026 ceteris
1553 1964 1682 2045 Regibus
1709 1969 1878 2047 praeferen-

1087 2058 1140 2118 dus
1160 2070 1211 2120 est.
1242 2059 1339 2135 Nona,
1359 2074 1393 2123 ut
1413 2064 1469 2123 alia
1490 2064 1699 2139 obmittamus,
1721 2084 1788 2128 cum
1809 2085 1877 2128 eum

1087 2157 1195 2219 Sancta
1227 2160 1321 2222 ntem
1351 2162 1506 2238 Ecclesia,
1537 2184 1603 2227 eum
1622 2163 1674 2243 jus
1695 2166 1877 2229 Pontificium

1086 2260 1221 2321 omnibus
1240 2262 1368 2341 Regibus
1386 2265 1530 2344 praeierat
1544 2310 1552 2339 ,
1568 2285 1668 2330 omnes
1686 2266 1737 2329 iiiii
1754 2268 1878 2333 Sanctae

1086 2359 1189 2421 ftiatris
1204 2360 1351 2426 Ecclesiae
1371 2383 1439 2425 eum
1458 2383 1574 2445 qaoque
1594 2370 1655 2429 siue
1680 2373 1878 2434 controversie

1087 2461 1236 2539 praeferre
1256 2461 1367 2524 debent.

1130 2559 1316 2622 Manifestum
1336 2574 1380 2623 eat
1401 2575 1499 2624 autem
1521 2583 1588 2629 etun
1609 2587 1625 2627 a
1655 2568 1763 2631 Sancta
1784 2572 1878 2635 Matre

1089 2660 1219 2721 Ecclesia
1240 2661 1352 2721 cunctis
1377 2662 1506 2743 Regibus
1527 2668 1688 2743 anteferri,
1710 2670 1788 2748 qaod
1809 2690 1876 2734 eum

1088 2761 1185 2820 solum
1201 2761 1385 2824 Advocatum
1399 2782 1434 2826 ex
1447 2767 1583 2828 omnibus
1603 2767 1732 2849 Regibus
1746 2782 1775 2832 et
1788 2790 1875 2832 suum

1087 2859 1301 2936 Defensorear,
1321 2881 1356 2925 ae
1377 2864 1607 2929 Procuratorem
1628 2871 1765 2950 appellat,
1785 2871 1824 2931 ab
1842 2890 1878 2934 eo

1090 2978 1210 3039 quoque
1230 2963 1259 3022 in
1280 2966 1339 3025 suis
1353 2967 1570 3030 necessitatibus
1590 2970 1721 3050 primum
1738 2973 1879 3033 auxilium

1088 3079 1140 3121 seu
1163 3062 1396 3142 protectionem,
1419 3077 1451 3126 nt
1470 3064 1541 3144 jura
1568 3070 1704 3144 indicant,
1726 3072 1878 3151 requirere

1087 3173 1116 3223 et
1138 3164 1276 3244 consequi
1291 3167 1454 3242 consuerit,
1475 3178 1516 3241 et,
1535 3164 1645 3231 ceteris'
1659 3170 1801 3248 obmissis,
1820 3174 1877 3237 iate

1086 3274 1166 3344 patet
1179 3266 1208 3326 ia
1219 3267 1347 3346 capitulo
1356 3267 1586 3343 Venerabilem,
1599 3272 1820 3346 deEleetionn
1828 3275 1877 3336 ubi

1087 3364 1182 3443 inquit
1202 3365 1345 3427 Pontifex:
1367 3391 1383 3424 s
1397 3366 1473 3429 Num
1493 3369 1577 3448 quid,
1596 3371 1621 3431 si
1641 3371 1790 3454 Principes
1804 3374 1878 3438 Ele·
1957 3367 1962 3374 ’

1088 3475 1185 3527 ctores
1206 3468 1235 3527 in
1249 3486 1340 3528 unum
1357 3469 1503 3531 noluerint
1517 3476 1690 3549 cousentire,
1701 3475 1878 3558 Sedesdpo·

1087 3566 1212 3637 stolica,
1230 3567 1382 3629 Advocato
1400 3581 1429 3631 et
1448 3570 1605 3635 liefensore
1627 3593 1681 3636 suo
1699 3576 1838 3638 carebit?
1859 3601 1877 3635 s

1130 3664 1217 3735 uuoo
1236 3687 1271 3729 eu
1290 3671 1383 3749 magis
1404 3670 1621 3749 continuatur,
1643 3674 1712 3754 quia
1730 3694 1765 3737 ex
1779 3676 1876 3738 omni-

1087 3767 1143 3828 bus
1157 3767 1295 3848 Regibus,
1310 3772 1417 3844 nuilus,
1433 3775 1615 3853 Apostoiieee
1636 3775 1717 3838 Sedis
1733 3778 1877 3854 instituto,

1090 3870 1136 3930 rel
1157 3869 1337 3931 ordinatione
1370 3872 1506 3950 eiigitur,
1534 3876 1580 3935 rel
1602 3875 1807 3955 approbatur,
1829 3874 1882 3940 vel⁴

1088 3965 1154 4044 ejtu
1167 3969 1342 4032 auctoritate
1363 3972 1486 4051 ungitur
1501 3991 1536 4033 ac
1552 3985 1726 4051 coronetur,
1746 3977 1799 4037 aisi
1812 3976 1874 4038 Rex

1090 4067 1241 4130 Rotuantu
1253 4113 1263 4143 ,
1285 4080 1321 4130 ut
1351 4088 1384 4131 re
1405 4071 1490 4151 ipsa,
1510 4083 1539 4133 et
1563 4073 1676 4137 viribus
1706 4086 1827 4138 constat.
1850 4078 1878 4141 ls

1089 4169 1165 4229 enim
1186 4168 1336 4230 Romanus
1356 4168 1419 4231 Rex
1437 4172 1557 4247 electus,
1579 4175 1751 4256 priusquam
1768 4196 1785 4237 a
1801 4177 1877 4241 Sede

1090 4266 1257 4348 Apostoliea
1276 4266 1378 4346 ejusve
1405 4275 1580 4335 auctoritate
1601 4287 1756 4355 ungatur,
1777 4288 1806 4339 et
1824 4295 1878 4341 co·

1090 4381 1237 4445 rouetur,
1257 4372 1336 4432 solus
1357 4382 1399 4434 eet
1421 4373 1474 4451 qai
1499 4372 1586 4450 jurat
1605 4395 1635 4438 se
1657 4380 1877 4457 protectorem,

1090 4469 1275 4533 Defensorem
1296 4481 1325 4533 et
1346 4472 1574 4538 Procuratorem
1592 4495 1691 4549 suum,
1709 4478 1878 4555 Pontifleis,

1090 4590 1125 4634 ac
1147 4571 1270 4635 Sanctae
1289 4572 1438 4636 Romanae
1456 4574 1605 4640 Ecclesiae
1625 4579 1656 4639 in
1676 4579 1810 4640 unntbas
1823 4598 1877 4642 eo-

1090 4692 1158 4734 rum
1191 4674 1407 4738 necessitatibus
1428 4685 1457 4738 et
1476 4679 1649 4740 utilitatibus
1669 4680 1754 4753 fore,
1774 4697 1878 4743 eorum

1091 4774 1236 4849 bonores,
1268 4778 1455 4857 possesiones
1475 4791 1505 4840 et
1523 4777 1595 4856 jura
1625 4781 1752 4854 tuendo,
1774 4791 1878 4844 custo·

1091 4875 1195 4937 diendo
1216 4885 1244 4937 et
1262 4879 1458 4940 conservando
1479 4892 1511 4941 ut
1533 4880 1561 4939 in
1583 4899 1656 4962 cap:
1671 4883 1820 4944 Romani:
1843 4883 1881 4945 de

1091 4976 1169 5039 dure
1187 4978 1261 5040 Jar.
1280 4991 1310 5040 et
1330 4996 1426 5041 uxtu.
1447 4980 1503 5043 nt.
1519 4998 1547 5043 c.
1567 4982 1641 5043 Tibi
1655 4983 1792 5045 Domino
1810 4999 1880 5045 mm

1091 5080 1193 5140 multis
1213 5080 1362 5141 similibus.

1133 5179 1199 5251 Qua
1218 5182 1253 5242 de
1267 5201 1311 5255 re,
1332 5200 1401 5243 cum
1422 5181 1528 5243 &ncta
1544 5183 1640 5271 biater
1656 5184 1797 5259 Ecclnia,
1811 5202 1882 5265 pree

1091 5282 1192 5344 ceteris
1219 5281 1349 5363 Regibus
1370 5285 1516 5364 bonorare
1535 5295 1565 5347 et
1585 5286 1737 5367 praeferre
1756 5301 1882 5350 consue·

1093 5383 1190 5457 verit,
1209 5395 1243 5445 at
1264 5385 1341 5447 clere
1363 5395 1441 5465 patet
1461 5402 1560 5448 xxttt.
1583 5388 1620 5451 Ι).
1644 5403 1673 5449 c.
1693 5386 1732 5451 Ιιι
1757 5390 1884 5451 nomine

1091 5486 1234 5558 Domini,
1249 5487 1298 5547 ubi
1312 5487 1449 5550 Nicolaus
1463 5488 1599 5552 Pontifex
1610 5489 1766 5553 decertum
1777 5490 1813 5551 de
1821 5491 1884 5553 ele·

1091 5589 1188 5650 ctione
1209 5586 1356 5651 Pontifici·
1377 5589 1472 5668 inquit
1493 5613 1511 5647 e
1535 5591 1619 5654 salvo
1643 5590 1740 5653 debito
1771 5589 1884 5653 bonore

1091 5703 1121 5755 et
1142 5693 1307 5757 reverentie
1324 5691 1422 5758 dilecti
1443 5689 1495 5754 uttt
1517 5692 1608 5756 nostri
1628 5691 1748 5757 ttemtet
1772 5691 1825 5773 qui
1851 5692 1881 5753 in
