4492 6859
236 634 348 717 (teos)
717 621 1409 698 ronrntrsrussuaxsnunrsuxrs..
1823 619 1886 684 aas

240 779 358 857 imperii
378 775 469 837 fllium
500 774 590 855 Regis
626 795 841 856 quemcumque
861 776 1032 858 praeiereu·
1101 770 1269 835 &ueritatis
1302 766 1380 831 Suae
1405 765 1555 840 humiliter
1576 763 1787 828 commendam.
1809 764 1887 827 Tum

241 877 313 938 dum
334 896 402 939 esse.
424 875 553 937 lieni).
574 875 735 940 cardinalis
766 876 894 941 Sanctae
922 878 1032 941 Mariae
1100 875 1140 936 ad
1159 875 1257 936 locum
1276 872 1393 934 solitum
1415 868 1552 941 iverunt,
1573 866 1658 930 dictis
1679 865 1792 929 duobus
1811 865 1890 929 car·

242 979 271 1036 in
302 976 423 1037 Portieu
444 975 516 1037 dixit
536 977 573 1036 ad
594 976 747 1039 Notarium
765 996 852 1039 soom
872 979 902 1038 in
931 989 1032 1039 nasus

241 1078 400 1158 praesentia
421 1078 579 1139 notandum
600 1096 658 1140 nou
678 1096 738 1140 esse
748 1100 760 1154 3
782 1079 831 1141 sed
861 1096 930 1139 cum
951 1077 1033 1157 Papo

242 1177 428 1258 responderet
446 1178 518 1240 baec
538 1179 620 1240 nobis
634 1180 840 1241 committenda
859 1185 889 1241 el
909 1177 1033 1239 mauiie·

241 1278 343 1340 stsntla
355 1297 416 1342 esse
424 1323 434 1354 ,
449 1290 602 1359 propterea
618 1298 670 1341 uos
682 1281 724 1342 els
738 1281 915 1355 advertere,
931 1290 1033 1343 rotam

241 1380 321 1440 dedii
339 1378 510 1442 remittendo
528 1398 558 1441 se
579 1377 690 1458 judicio
709 1380 745 1441 D.
764 1380 901 1461 Episcopi
920 1381 1033 1445 Plenti-

241 1479 352 1553 ueosis,
374 1477 424 1556 qui
445 1480 545 1540 vocari
563 1490 673 1559 possete
693 1479 773 1558 quod
791 1496 861 1540 eum
889 1477 952 1541 beri
974 1496 1033 1541 nou

242 1588 354 1655 posset,
369 1595 436 1638 eom
466 1586 542 1639 esset
559 1578 596 1637 ad
611 1580 814 1641 associandum
837 1578 949 1641 dictum
967 1579 1033 1641 lion

242 1675 417 1737 Pederlcum
451 1693 504 1756 per
526 1675 711 1738 cardinalem
733 1677 886 1740 Maon
907 1656 1037 1754 missus,

242 1777 336 1838 uoluit
367 1775 555 1838 nibilominus
584 1796 635 1857 per
668 1777 821 1840 Notarium
853 1796 940 1840 suum
966 1777 1033 1857 elus

242 1874 328 1968 tinem
340 1876 539 1954 acquiescere,
549 1887 579 1939 et
588 1876 698 1939 dicitur
715 1896 772 1939 nora
787 1887 888 1941 notare
900 1876 951 1963 (il
963 1880 1034 1942 Fuit

245 1978 358 2039 tandem
383 1996 419 2037 ex
434 1978 508 2039 rotis
528 1974 645 2055 usajoris
666 1981 756 2058 partis
770 1980 968 2041 Garumnam
980 2000 1032 2060 per

245 2075 300 2137 as.
321 2078 357 2136 1).
372 2075 407 2138 Ν.
427 2078 615 2153 conclusum,
634 2078 712 2156 qued
732 2080 791 2141 duo
807 2076 940 2156 juniores
957 2079 1032 2140 Dia-

244 2177 308 2237 eoni
319 2177 487 2239 cardinales
502 2176 612 2239 dietum
628 2178 692 2240 Dora
707 2179 882 2241 Federieum
900 2180 937 2240 sd
952 2180 1031 2242 Pon·

243 2274 329 2339 tiliois
361 2279 553 2357 praesentiam
578 2280 771 2356 assoeiarent,
801 2291 831 2341 et
849 2282 928 2359 quod
950 2283 1032 2343 loeus

241 2387 308 2438 autc
327 2375 464 2437 ultimum
493 2377 655 2440 Diaconum
685 2379 869 2441 cardinalem
889 2382 1033 2456 daretm,

239 2496 275 2538 ex
294 2497 331 2538 eo
352 2477 431 2555 quod
447 2477 581 2540 eumdem
603 2480 702 2540 iocum
722 2480 792 2540 alies
814 2480 981 2554 habuisset,
1002 2493 1033 2543 at

242 2579 324 2656 quod
347 2579 431 2640 boalia
461 2590 580 2659 propter
604 2580 780 2644 obedientiae
809 2584 1032 2662 praestationem

243 2681 319 2739 inter
346 2677 513 2740 carduales
534 2695 591 2741 non
611 2680 744 2754 sederet,
765 2682 815 2743 scd
834 2694 929 2745 staret
962 2702 1031 2745 eum

244 2779 307 2840 aliis
328 2778 555 2841 Cuneratoribus
577 2780 638 2841 suis
665 2794 730 2862 post
744 2781 936 2864 Presbyteros
955 2784 1033 2846 Car·

241 2877 350 2941 ‹linales
371 2881 399 2939 in
422 2881 489 2941 loco
510 2892 656 2944 consuete.
678 2882 855 2947 Advmienm
876 2885 978 2947 deinde
994 2886 1033 2948 ad

244 2979 388 3043 Palatium
419 2981 485 3042 uon
505 2981 645 3045 Fedssico
665 2985 837 3065 praedicto,
863 3005 898 3049 ue
919 2998 1032 3068 tempus

243 3082 432 3162 perderetur,
452 3093 593 3144 emerunt
613 3084 640 3145 ei
659 3084 775 3145 obsiana
794 3087 944 3165 usquead
964 3105 1033 3149 scs-

246 3183 289 3242 las
308 3183 337 3243 in
359 3184 445 3262 plano
465 3182 605 3246 Gamerae
637 3187 819 3266 Apostolicae
853 3187 1032 3268 responden*

244 3293 299 3356 tes,
318 3281 412 3343 llerv.
435 3283 497 3344 ut).
512 3284 655 3346 Ascanius
675 3286 978 3350 Viceratscellariuset
997 3288 1033 3352 de

244 3383 352 3446 &aeto
373 3384 526 3457 Saverino,
548 3386 643 3447 ultiusi
664 3387 722 3449 duo
740 3388 861 3451 biareni
889 3389 1033 3475 Cardine·

243 3485 303 3558 las,
323 3503 359 3546 ac
379 3485 480 3564 ptores
500 3504 536 3547 ex
554 3488 754 3549 existentibus
774 3490 892 3571 Papae,
912 3491 963 3552 ubl
979 3492 1033 3573 ipsi

243 3584 412 3646 cardinales
443 3585 508 3648 bon
538 3584 712 3650 americum
739 3592 954 3655 assentantes
972 3604 1033 3661 tras

245 3684 410 3761 Praelatos,
428 3707 462 3750 ac
478 3689 607 3764 Ducem,
626 3702 655 3753 et
674 3700 735 3753 tras
754 3692 881 3757 &mites
898 3697 1034 3776 superius

244 3790 417 3864 nominatos,
439 3810 474 3852 ae
492 3793 528 3852 D.
551 3793 693 3856 bloisiuan
709 3795 744 3858 da
758 3795 900 3857 Paladinls
918 3800 1033 3859 utrius·

245 3908 302 3966 que
322 3890 404 3951 luris
424 3891 599 3967 Ductorem,
620 3896 708 3955 etiam
729 3896 798 3957 dicti
814 3897 901 3977 Regis
921 3896 1034 3960 Orata·

244 4009 308 4052 rem
329 3990 400 4071 (qui
420 3991 484 4051 aliis
497 3993 726 4056 Cotaoratoribus
741 4041 751 4071 ,
768 4010 802 4058 ut
828 4017 916 4079 snpra
938 4002 1033 4060 nomi·

244 4105 346 4153 natum
373 4102 426 4163 est,
447 4092 557 4154 Urbem
577 4094 772 4170 intrantibus,
792 4096 924 4159 inllrmus
945 4096 1034 4182 arat)

244 4203 436 4272 receperunt,
465 4204 494 4254 et
524 4194 701 4260 ordinatione
726 4200 811 4260 solita
830 4201 1034 4276 associarunt,

243 4307 273 4356 et
294 4296 333 4355 ita
365 4293 534 4356 ordimtuna
562 4315 613 4376 per
648 4317 701 4361 nus
721 4301 794 4375 luit,
823 4301 903 4380 quod
924 4299 1032 4364 manlia

1101 973 1246 1035 diualibus
1267 970 1430 1050 Principem
1458 967 1608 1048 usquead
1639 966 1745 1043 linem,
1765 985 1822 1030 uon
1843 978 1890 1028 ta·

1102 1094 1169 1138 men
1196 1083 1278 1136 extra
1300 1070 1427 1134 banebos
1447 1069 1655 1143 cardinalium,
1672 1068 1891 1132 associantibus.

1101 1179 1138 1239 l).
1160 1176 1271 1236 Paulam
1291 1174 1327 1236 ds
1346 1172 1455 1234 Planea
1480 1179 1562 1233 suam
1584 1170 1815 1232 summissionem
1834 1171 1891 1232 its·

1102 1296 1171 1339 rum
1204 1275 1363 1348 conclusite
1395 1284 1424 1335 et
1457 1273 1534 1353 Papa
1568 1271 1725 1353 respoudit.
1757 1272 1890 1334 Fuerunt

1100 1377 1202 1438 deinde
1223 1394 1275 1459 per
1306 1374 1484 1455 Episcopum
1516 1372 1768 1455 Caputaqnensem
1801 1372 1892 1434 leeiae

1101 1477 1226 1558 Regale·
1248 1477 1372 1551 litterae,
1395 1475 1571 1537 continentes
1591 1471 1817 1554 ipsumliegem
1838 1490 1892 1533 ea·

1099 1578 1249 1639 sissimum
1269 1576 1362 1638 illium
1383 1594 1471 1636 suum
1502 1572 1653 1636 illustriss.
1681 1574 1794 1635 lineam
1827 1571 1893 1633 bn·

1098 1678 1250 1750 iriensem,
1264 1676 1431 1758 Principem
1450 1678 1620 1737 blismurus
1637 1687 1667 1736 et
1682 1674 1776 1755 Regni
1787 1674 1892 1735 atut·
1996 1660 1998 1665 Α

1100 1778 1239 1851 randum,
1260 1795 1328 1837 carm
1349 1777 1412 1838 aliis
1431 1774 1661 1838 mauretanias
1681 1775 1763 1851 suis,
1781 1775 1891 1856 absque

1099 1877 1218 1941 illorum
1240 1877 1389 1939 nominum
1407 1877 1600 1959 expressione,
1618 1877 1732 1939 mittere
1746 1894 1803 1957 pro
1818 1875 1892 1939 obe·

1097 1978 1204 2039 diensis
1219 1978 1391 2058 praestanda
1406 1989 1461 2039 ete.
1481 1977 1517 2038 li.
1539 1977 1572 2039 P.
1587 1976 1623 2039 l).
1640 1976 1720 2041 Zeno
1737 1979 1890 2059 episcopus

1098 2078 1199 2140 Sancti
1213 2078 1385 2141 blarciieeit
1398 2081 1569 2142 orationem.
1591 2080 1687 2140 Finito
1715 2078 1889 2142 consistorio

1099 2180 1236 2261 Princeps
1259 2181 1392 2259 portavit
1409 2178 1539 2248 limbi-ias
1558 2180 1737 2261 posteriores
1755 2179 1891 2262 pluvialis

1098 2280 1204 2362 Papae,
1223 2278 1551 2343 assentationes
1578 2273 1711 2341 &nenne
1729 2298 1763 2340 ac
1783 2281 1890 2344 &me-

1099 2381 1198 2443 rarius
1224 2382 1385 2443 amistsntes
1403 2379 1527 2440 Diaconi
1555 2381 1694 2441 contiuuo
1722 2383 1892 2444 assisterunt

1100 2481 1194 2562 Papae
1206 2524 1216 2555 ,
1237 2490 1343 2541 stantes
1368 2497 1519 2560 quousque
1542 2480 1684 2562 Priueeps
1715 2497 1731 2541 s
1753 2481 1893 2546 Pantilius

1099 2599 1168 2643 eum
1182 2584 1241 2643 suls
1255 2580 1486 2644 Couoratoribns
1497 2592 1632 2662 receptus
1652 2582 1766 2657 iuissstv
1786 2582 1892 2662 quibas

1100 2684 1223 2763 receptis
1237 2682 1374 2744 mdcrunt
1387 2682 1418 2742 in
1435 2681 1548 2742 banebs
1562 2700 1613 2742 sua
1627 2698 1711 2745 more
1724 2682 1817 2745 solito.
1830 2682 1891 2745 lla·

1100 2785 1199 2863 positis
1222 2801 1276 2863 per
1309 2780 1417 2863 Papam
1439 2785 1635 2863 paramentis,
1655 2782 1799 2844 &uetitas
1829 2781 1890 2844 baa

1099 2883 1241 2945 commisit
1252 2884 1345 2946 liare.
1364 2883 1678 2946 nasammonas
1694 2881 1729 2946 da
1746 2883 1889 2947 Columna

1101 2984 1319 3059 &rdinallbum
1338 2985 1416 3064 quod
1434 2984 1599 3066 Principem
1618 2985 1693 3049 inter
1715 3003 1745 3047 se
1763 2985 1890 3048 medium

1101 3102 1196 3163 usqua
1226 3085 1264 3146 ad
1282 3086 1448 3166 Apostolos,
1468 3103 1552 3148 mara
1573 3086 1670 3162 solito,
1690 3086 1891 3163 associarent,

1101 3198 1192 3267 prout
1219 3186 1330 3248 iactum
1363 3197 1416 3249 est.
1444 3185 1503 3256 Qui
1522 3186 1709 3261 Cardlnales,
1732 3187 1783 3247 ubl
1808 3188 1890 3250 leam

1099 3288 1218 3348 strictus
1238 3298 1322 3360 arat,
1343 3286 1507 3370 Principem
1527 3288 1703 3369 praesedere
1739 3289 1888 3364 iecerunt}

1100 3398 1129 3448 et
1149 3386 1242 3460 benc,
1265 3388 1333 3466 quia
1365 3387 1407 3449 sic
1434 3389 1589 3452 convenire
1619 3387 1790 3464 ridebatur,
1822 3390 1891 3451 lieet

1103 3488 1245 3549 Ascanius
1259 3504 1327 3549 eum
1344 3488 1376 3549 b
1395 3488 1553 3564 beverinis
1566 3499 1596 3553 st
1614 3490 1689 3554 taam
1709 3508 1802 3572 nuper
1820 3503 1888 3552 earn

1099 3590 1206 3651 Montis
1229 3589 1346 3669 Regalis
1366 3590 1468 3664 aliter,
1489 3602 1518 3651 et
1538 3590 1574 3649 ad
1605 3606 1689 3651 suam
1711 3592 1890 3652 uoluntatem
2002 3628 2004 3634 ·

1098 3708 1135 3752 es
1165 3692 1309 3770 singulari
1341 3689 1467 3769 quadam
1496 3691 1627 3771 passione
1658 3691 1890 3753 observaverint.
1979 3694 1980 3697 ’

1099 3791 1262 3871 Antequam
1285 3792 1341 3852 boe
1370 3808 1454 3853 mane
1475 3803 1617 3853 secretam
1638 3812 1720 3853 suam
1743 3809 1890 3855 camerina

1100 3893 1193 3953 exiret
1214 3890 1417 3952 deuotissimos
1442 3891 1583 3951 Dominus
1603 3888 1719 3965 Noster,
1740 3892 1891 3953 intellsetls

1099 4011 1117 4051 a
1132 3993 1288 4054 matribus
1303 3991 1424 4053 diversis
1441 3992 1591 4056 ordinibus
1603 3992 1632 4052 in
1646 3992 1773 4053 diuendis
1786 3994 1891 4055 leutio·

1101 4094 1184 4155 albus
1203 4094 1232 4154 in
1253 4094 1399 4154 matutinis
1419 4092 1528 4154 llatalis
1542 4090 1657 4155 Domird
1676 4093 1798 4155 diversis
1812 4105 1888 4156 tem·

1101 4195 1226 4276 poribus
1251 4194 1429 4268 emostis,
1462 4194 1558 4256 soluit
1579 4194 1658 4273 quod
1690 4196 1816 4276 primam
1843 4197 1888 4257 la-

1101 4297 1224 4359 ctionum
1256 4296 1414 4377 deotatus,
1435 4297 1594 4359 maantam
1611 4298 1753 4371 Auditor,
1773 4299 1890 4360 tertiam

244 4395 392 4456 dictorum
407 4395 614 4458 llonFedeviei
625 4409 654 4459 et
669 4399 885 4462 Conoratorum
899 4419 1034 4478 suoram,
1101 4395 1328 4471 Subdiaeonus,
1358 4409 1496 4475 quartam
1543 4399 1616 4462 lies.
1658 4400 1695 4460 l).
1729 4398 1891 4462 cardinalis

245 4508 313 4577 post
325 4497 493 4558 deseeumm
508 4517 543 4559 ex
558 4499 655 4576 equis,
669 4500 705 4559 sd
731 4499 879 4563 Pontiials
896 4520 1033 4583 praesen-
1101 4499 1209 4560 llontis
1223 4499 1340 4579 Regalis
1353 4497 1454 4584 iunior
1472 4501 1647 4584 Presbyter,
1669 4503 1800 4581 quintam
1815 4503 1892 4562 lliu-

246 4600 318 4660 stsm
328 4599 438 4678 aasqm
455 4616 540 4659 mora
551 4600 650 4679 attqau
664 4601 840 4679 mandasse
851 4614 952 4685 etpost
968 4622 1033 4668 eam
1100 4600 1196 4662 serim
1217 4599 1282 4661 tion
1294 4600 1475 4677 Falacrinae,
1488 4617 1583 4664 amem
1597 4602 1768 4677 habiturus,
1783 4613 1889 4665 sextam

246 4702 310 4763 Dan
325 4703 503 4762 Franciscus
518 4714 548 4763 et
562 4698 707 4765 Oratores
726 4706 877 4784 praedicti,
895 4706 1033 4769 Ascanius
1100 4700 1174 4764 Rev·
1197 4702 1233 4765 D·
1255 4702 1420 4765 cardinatis
1446 4703 1569 4767 &dolio
1599 4706 1780 4778 Αὓῦιῐθῡῑῦθ,
1800 4706 1892 4785 ivvii·

246 4811 276 4862 n
297 4800 397 4861 mmet
418 4801 552 4863 noant
579 4803 746 4866 neumis·
765 4821 834 4868 eam
855 4807 920 4868 noa
939 4808 1034 4870 ran-
1100 4822 1178 4864 m
1207 4804 1424 4880 muniturus,
1447 4813 1581 4865 oenvso
1603 4799 1751 4878 Senensis.
1771 4805 1891 4866 Dinon

247 4904 310 4965 rico
331 4905 437 4966 sollum
463 4904 558 4983 Papae
578 4904 777 4979 ascenderent,
791 4909 914 4971 moenio
927 4910 1034 4990 sibique
1101 4905 1255 4967 macriani
1279 4904 1358 4966 Suae
1384 4906 1545 4968 meismntes
1563 4905 1705 4978 elicerent,
1736 4916 1766 4967 et
1786 4922 1890 4967 nonam

246 5005 452 5084 praesedente,
468 5015 498 5066 et
519 5005 551 5066 S.
571 5006 703 5068 Severini
718 5008 783 5068 lion
798 5010 968 5073 Faderiaum
984 5029 1027 5075 se-
1103 5006 1248 5069 Sanetitas
1268 5004 1331 5067 Sua
1351 5024 1382 5069 se
1408 5004 1554 5068 miceam
1574 5006 1667 5081 dixit3
1694 5005 1774 5086 quod
1796 5007 1892 5069 voluit

247 5116 363 5182 quante.
394 5104 541 5185 Receptus
560 5106 616 5169 init
637 5107 776 5189 Princeps
797 5111 912 5190 primo,
934 5107 1034 5175 usaue
1100 5109 1221 5189 singulis
1241 5107 1416 5189 supradietis
1445 5126 1496 5188 per
1520 5123 1566 5169 me
1588 5107 1716 5170 intimari
1746 5118 1836 5187 prout
1853 5125 1889 5169 es

247 5207 297 5268 alii
320 5219 387 5269 octo
419 5207 613 5270 Conorstmm
632 5211 682 5290 sut,
702 5221 767 5290 post
790 5228 858 5272 eum
876 5211 913 5273 ad
934 5212 1033 5293 podis,
1101 5221 1171 5271 tunc
1197 5211 1262 5271 lesi.
1285 5209 1350 5271 Dan
1369 5207 1527 5272 Fadarieus
1547 5208 1633 5272 bodie
1650 5223 1718 5271 aum
1739 5210 1890 5273 omnisne

247 5324 352 5368 manua
371 5320 401 5369 ss
421 5310 482 5369 oris
496 5308 591 5389 Papae
609 5312 743 5373 osculum
758 5327 840 5376 mora
859 5313 952 5374 solito.
966 5310 1034 5382 Quo
1099 5310 1213 5371 tamilla
1234 5309 1415 5372 ornatissime
1435 5311 1512 5372 venit
1530 5310 1567 5370 sai
1588 5309 1750 5385 Palatium,
1770 5330 1805 5374 ao
1826 5322 1890 5375 aare

246 5406 324 5469 iseto
343 5409 405 5489 ipss
432 5409 573 5490 Princeps
593 5410 694 5473 literas
713 5414 851 5493 genitoris
877 5413 923 5474 sui
944 5409 1033 5494 Regis
1101 5432 1131 5475 sa
1154 5410 1260 5472 babuit
1282 5422 1340 5473 tras
1361 5411 1461 5492 pagias
1478 5408 1749 5480 snesntemanno
1766 5413 1892 5489 indotos,

247 5509 426 5591 Neapolitani
443 5512 478 5571 ad
498 5511 526 5571 id
545 5512 688 5573 coniectas
713 5512 844 5576 Pontillel
866 5524 1034 5594 praesenta·
1103 5514 1219 5574 vestitos
1238 5530 1273 5575 ex
1297 5511 1418 5575 solemni
1438 5513 1614 5588 eremesiuo,
1635 5506 1724 5593 perlis
1745 5514 1889 5594 pulcher·

249 5613 309 5685 vit,
337 5629 465 5674 asserem
501 5611 726 5675 Serenissimum
753 5616 914 5694 genitorem
946 5629 1033 5675 suum
1101 5614 1184 5676 rimis
1212 5624 1242 5674 et
1267 5612 1411 5693 lapidibus
1442 5612 1581 5693 preciosis
1618 5624 1758 5689 ornatos,
1778 5615 1832 5693 qui
1861 5627 1889 5677 at

246 5710 469 5795 Neapolitanum
502 5713 612 5795 Regem
643 5732 674 5776 se
711 5714 881 5777 beatissimis
914 5715 1033 5797 pedibus
1099 5734 1189 5794 equos
1209 5713 1374 5794 equitabant
1393 5732 1474 5776 more
1494 5715 1672 5779 alemannico
1685 5726 1812 5797 paratos
1827 5714 1892 5778 Sa·
