4492 6859
235 646 348 731 (⁴⁴⁸⁸)

236 786 335 846 tacere
347 780 478 844 recusavi
493 778 833 863 (l).llogaverunttunc
846 780 963 860 quodid
977 781 1024 841 ‹it-

236 902 333 945 cerem
355 882 390 943 Β.
412 881 448 941 D.
474 880 621 942 cardinali
646 881 916 954 Viccmncellario,
947 882 1023 961 quod

235 982 318 1057 leuis
338 981 387 1043 sed
407 980 444 1041 Β.
470 980 507 1039 D.
529 980 788 1042 vicecancellarius
819 980 963 1061 respondit
991 1001 1023 1043 se

233 1101 292 1144 non
306 1101 387 1162 posse
406 1080 564 1160 quidquam
582 1082 661 1142 cirea
680 1081 755 1142 hanc
772 1100 834 1142 rem
850 1082 1023 1143 deliberare.

236 1184 370 1245 videntes
389 1182 478 1260 igitur
501 1180 640 1259 praedicti
655 1181 713 1242 duo
730 1178 878 1251 Oratores,
891 1179 968 1258 quod
982 1180 1022 1242 eis

233 1302 291 1344 non
307 1283 411 1343 dabam
426 1298 607 1360 responsum,
622 1292 812 1343 surrexerunt
827 1292 856 1341 et
870 1283 1023 1341 exiverunt

235 1384 409 1462 cappellam.
432 1382 587 1443 Praeterea
608 1383 676 1460 quia
697 1381 767 1443 socii
786 1381 855 1452 mei,
876 1380 943 1442 licet
962 1381 1022 1443 ca·

231 1484 378 1544 merarius
397 1500 454 1543 non
474 1493 547 1543 esset
568 1484 596 1542 iu
617 1483 756 1561 cappella,
772 1481 912 1542 dederuut
926 1485 1021 1561 primo

234 1583 384 1644 incensum
404 1593 433 1643 et
454 1601 553 1661 pacem
576 1581 749 1643 Oratoribus
769 1583 919 1661 praelatis,
944 1599 1020 1659 quo-

233 1701 303 1741 rum
322 1683 431 1762 primus
450 1693 514 1742 erat
535 1683 683 1762 episeopus
697 1680 892 1743 Lescuriensis
907 1679 1020 1742 Orator

230 1783 385 1853 Franciae,
396 1792 425 1842 et
438 1781 580 1843 secundus
593 1781 833 1843 Prothonotarius
854 1781 889 1841 de
910 1781 1020 1842 Medios

233 1880 346 1944 Orator
365 1882 514 1961 thspeniae
543 1882 657 1962 Regum
673 1925 682 1955 ,
700 1880 784 1959 juxta
814 1882 1020 1944 ordinationem

232 1983 289 2043 SS.
313 1982 348 2041 D.
372 1980 408 2041 N.
428 1982 522 2061 Papae
541 1982 646 2043 laetam
671 1982 716 2044 die
736 2000 779 2043 xi.
800 1983 914 2062 aprilis,
932 1995 1019 2063 prout

229 2083 441 2163 supradictum
461 2095 525 2158 est,
546 2084 645 2146 deinde
665 2084 793 2164 praelato
819 2083 854 2144 D.
875 2083 1019 2163 Gregorio

233 2182 355 2245 Oratori
374 2184 461 2264 Regis
482 2184 691 2261 Romanorum
712 2184 786 2246 idem
807 2184 843 2245 D.
861 2183 1019 2264 Gregorius

230 2284 261 2345 id
283 2303 370 2365 aegre
391 2286 468 2358 tulit,
489 2296 519 2346 et
538 2286 630 2345 noluit
645 2304 744 2364 pacem
762 2286 894 2365 accipere
911 2284 1020 2358 dicens,

229 2385 287 2447 SM.
309 2386 344 2447 D.
363 2385 397 2446 it.
420 2404 513 2465 super
535 2384 590 2446 boc
614 2385 751 2463 conqueri
773 2386 847 2445 velle
866 2397 921 2446 etc.

274 2487 359 2549 Feria
380 2486 514 2559 secunda,
527 2502 608 2547 xxx.
617 2483 703 2562 junii,
716 2487 794 2547 cirea
806 2485 907 2546 horam
919 2499 1019 2544 xxiiii.

231 2589 308 2651 exivi
329 2586 449 2660 Urbem,
471 2589 594 2667 petriam
618 2587 793 2647 visitaturus.

277 2689 347 2751 Die.
370 2734 378 2749 .
398 2734 406 2749 .
426 2690 530 2749 mensis
548 2684 639 2764 julii,
659 2687 730 2749 Rev.
750 2688 779 2748 iu
797 2685 915 2748 Christo
934 2684 1020 2746 Pater

228 2791 374 2853 Dominus
395 2789 431 2849 D.
454 2790 558 2851 Petrus
577 2789 750 2850 Sanctorum
772 2786 891 2850 Cosmae
916 2796 945 2847 et
958 2785 1020 2845 Da·

227 2890 330 2963 miani,
350 2890 495 2950 Diaconus
521 2889 681 2950 Cardlnalis
705 2889 740 2949 de
758 2889 840 2949 Fuso
861 2887 1019 2965 vulgariter

231 3002 435 3070 nuncupatus,
458 2994 574 3051 recessit
595 3010 630 3051 ex
649 2990 729 3053 Urbe
750 2994 844 3051 iturus
864 2986 1012 3067 Neapolim

229 3093 401 3155 visitaturus
438 3090 547 3170 Regem
575 3089 792 3170 Neapolitanum
820 3107 875 3169 pro
905 3087 1020 3167 speciali

226 3193 364 3255 amicitia.

271 3297 355 3357 Die..
372 3338 404 3353 ..
432 3292 468 3353 Β.
499 3294 529 3352 in
557 3291 674 3354 Christo
694 3291 781 3351 Pater
816 3288 854 3348 D.
885 3285 1019 3348 Matthias

227 3399 379 3478 episeopus
397 3394 615 3473 Populonensis,
629 3392 665 3452 Β.
679 3392 715 3451 D.
731 3388 890 3452 Cardioslis
905 3385 1020 3464 Neapo-

228 3497 309 3558 litani
338 3514 424 3575 nepos
444 3506 473 3555 et
494 3494 631 3575 Magister
662 3492 794 3562 Domus,
820 3490 929 3551 Romae
962 3489 1018 3548 vita

230 3601 348 3659 iunctus
374 3608 438 3669 est,
465 3592 551 3672 cujus
576 3612 682 3675 eorpus
711 3594 740 3653 in
773 3592 888 3653 ecelesia
915 3590 1019 3650 Deatae

231 3701 341 3761 Mariae
361 3718 449 3779 supro
463 3697 625 3758 Minervam
640 3714 690 3777 per
706 3694 826 3756 familias
847 3691 902 3754 SS.
925 3691 960 3750 D.
982 3689 1019 3750 ll.

227 3803 324 3882 Papae
340 3812 369 3862 et
389 3799 453 3859 ΒΒ.
471 3798 533 3858 DD.
544 3796 748 3859 cardinalium
767 3814 802 3855 ac
823 3793 1018 3872 praelatorum

226 3903 334 3965 Curiae
355 3898 511 3961 honorilice
536 3899 707 3959 emaciatum
722 3907 764 3956 est
779 3938 787 3967 ,
801 3904 830 3956 et
847 3892 945 3954 eadem
967 3910 1018 3953 ee·

226 4004 314 4065 alesia
338 4000 476 4063 traditum
497 3994 769 4077 sepulturae,cnjus
790 3995 884 4054 anima
899 3994 1015 4070 requie·

226 4114 289 4165 scat
312 4104 340 4161 io
360 4118 440 4179 pace.

271 4203 324 4262 Die
347 4197 441 4275 jovis,
461 4195 584 4258 secunda
606 4196 708 4257 mamis
729 4195 866 4271 octobris,
884 4194 959 4258 Rev.
988 4195 1016 4254 in

231 4302 353 4367 Christo
368 4300 455 4361 Pater
471 4309 500 4359 et
517 4296 656 4358 Dominus
675 4296 711 4358 D.
737 4296 880 4358 lohannes
897 4296 1016 4357 breim-

228 4403 333 4467 boldus
355 4401 431 4464 tituli
453 4400 575 4461 Sensim
594 4398 730 4461 Praxedis
758 4397 915 4479 Presbyter
940 4396 1017 4459 Car·

233 4504 335 4563 dinalis
346 4501 562 4564 Mediolanensis
576 4498 735 4579 vulgariter
749 4510 939 4578 nuncupatus,
953 4498 1017 4560 llo·

235 4624 298 4667 mse
324 4603 352 4664 in
372 4602 503 4664 domibus
523 4618 592 4662 suae
616 4600 715 4661 solitae
747 4599 913 4662 residentiae
938 4601 1016 4661 cirea

230 4707 332 4767 horam
358 4715 500 4783 quartam
520 4702 611 4764 noctis
632 4699 765 4781 spirltum
787 4699 909 4762 reddidit
924 4698 1017 4759 Crea-

231 4805 300 4877 torl,
322 4800 410 4881 cujus
433 4821 549 4883 corpus,
569 4801 680 4863 veneris
700 4801 842 4879 sequentis
862 4799 939 4860 circa
961 4798 1017 4860 bo·

235 4925 302 4967 ram
324 4905 494 4985 vigesimam
512 4902 680 4975 secundam,
694 4900 730 4961 ad
750 4900 898 4962 ecclesiam
920 4897 1016 4959 Sancti

230 5006 384 5087 Augustini
407 5001 563 5065 honorilice
585 5002 770 5073 associatum,
785 4998 1016 5081 praecedentibus

232 5106 385 5186 Religionis
405 5115 434 5165 et
452 5104 537 5165 Cl'ero
557 5102 659 5176 Urbis,
680 5102 763 5163 dictis
784 5101 865 5180 prius
898 5100 926 5159 io
950 5100 1015 5159 aula

233 5207 358 5278 domus,
378 5204 478 5263 lunare
499 5214 660 5282 praesente,
681 5201 799 5282 vigiliis,
819 5200 1017 5263 Cardinalibus

231 5305 442 5387 praesentibus,
457 5313 486 5363 et
506 5303 568 5363 aliis
589 5303 630 5365 de·
644 5321 725 5364 more
746 5302 904 5363 observatis
924 5299 979 5382 (l).

274 5490 312 5545 (1)
327 5486 426 5536 Auctor
442 5486 510 5535 torte
527 5482 642 5547 scripsit.
661 5503 671 5525 ·
691 5483 819 5547 Postquam
836 5484 965 5541 illicitum,
976 5481 1016 5531 ta·

232 5579 297 5617 cera
315 5565 442 5616 recusari.
461 5585 471 5607 ·
902 5630 904 5632 ι

274 5647 311 5707 (2)
324 5645 455 5694 lohannes
468 5642 657 5703 tretmhotdus,
668 5643 879 5703 Mediolanensis,
891 5638 1015 5704 iuvenili-

231 5727 283 5777 hus
301 5725 385 5786 aunis,
401 5723 507 5783 iubente
523 5723 655 5775 Galeactio
671 5722 750 5775 liaris
766 5723 861 5774 Stortia
878 5719 1016 5772 Mediolani

707 640 990 710 pontinianus
1011 640 1233 709 inhocadmi
1254 642 1406 708 octtvt.
1811 645 1871 707 iiis

1133 780 1176 842 De
1212 799 1306 844 manse
1337 780 1504 862 septembris
1534 784 1664 863 proxime
1697 784 1872 862 praeterito,

1091 893 1179 962 prout
1200 893 1296 961 postea
1317 883 1352 943 ad
1374 883 1485 946 Urbem
1505 888 1645 966 scriptum
1671 897 1730 958 est,
1750 886 1821 948 obiit
1843 887 1872 948 io

1090 982 1214 1044 Francia
1235 981 1308 1044 Rev.
1324 984 1352 1043 ln
1373 982 1489 1046 Christo
1506 983 1593 1046 Pater
1611 997 1642 1046 et
1661 986 1809 1061 Dominus,
1835 987 1872 1047 D.

1090 1081 1247 1144 Bartholus
1279 1083 1458 1145 miseratione
1479 1083 1574 1145 divim
1595 1084 1670 1145 tituli
1695 1084 1726 1146 S.
1756 1086 1872 1148 Martia

1090 1184 1118 1243 in
1150 1181 1294 1244 Montibus
1314 1183 1471 1264 Presbyter
1492 1182 1652 1247 cardinalis
1674 1184 1872 1267 Lugdunensis

1090 1285 1252 1363 vulgariter
1278 1296 1470 1365 nuncupatus,
1493 1285 1576 1365 cujus
1596 1289 1690 1350 anime
1711 1288 1873 1369 requieseat

1089 1382 1118 1445 in
1140 1402 1210 1464 pace
1230 1382 1284 1467 (3).

1088 1594 1170 1658 Duce,
1185 1610 1294 1649 uxorem
1309 1598 1394 1661 duxit,
1410 1599 1476 1651 hlios
1492 1601 1653 1663 procreavit,
1663 1605 1690 1653 et
1700 1601 1871 1664 legationibus

1089 1675 1123 1725 ad
1138 1674 1276 1728 Caesarem
1297 1681 1324 1728 et
1344 1678 1378 1729 ad
1400 1679 1548 1731 Pontificem
1571 1681 1676 1731 luiterus
1700 1686 1748 1732 est.
1769 1682 1871 1732 Mortua

1088 1756 1210 1819 conjuge,
1225 1755 1437 1810 Prothouotariue
1454 1760 1720 1823 dictushpostolicus,
1730 1762 1870 1824 episeopus

1087 1831 1268 1897 heresiensis,
1279 1842 1305 1887 et
1317 1837 1430 1899 tandem,
1446 1841 1596 1902 postulante
1612 1840 1682 1891 Duce
1697 1839 1871 1891 Mediolanen-

1088 1913 1122 1970 si,
1137 1915 1280 1967 Cardiuaiis
1296 1922 1402 1968 creatus
1424 1922 1473 1979 est,
1489 1921 1602 1981 primum
1624 1919 1692 1970 tituli
1708 1919 1732 1969 S.
1748 1918 1826 1972 Nerei
1844 1922 1871 1968 et

1087 1992 1206 2054 Achillei,
1213 1998 1306 2056 postea
1317 1995 1340 2044 S.
1350 1995 1483 2047 Praxedis.
1492 1997 1700 2056 observandum,
1710 1996 1869 2048 Galeactium

1087 2069 1191 2132 ducem,
1205 2075 1365 2135 poenitentia
1382 2075 1498 2135 ductum,
1509 2078 1627 2138 sixtum,
1640 2076 1717 2127 novis
1739 2076 1871 2139 epistolis,

1087 2149 1121 2199 ab
1137 2149 1297 2202 Arcimboldi
1314 2154 1479 2216 promotione
1497 2159 1631 2208 retrahere
1648 2158 1806 2215 tentavisse,
1823 2156 1871 2205 sed

1087 2229 1234 2289 incessum
1249 2237 1411 2294 quapropter
1422 2235 1563 2294 mandavit,
1575 2235 1770 2287 hrcimholdum
1782 2234 1816 2286 ad
1826 2234 1871 2285 Pa-

1087 2321 1148 2370 pam
1164 2310 1304 2372 secedere,
1313 2312 1384 2375 quod
1398 2313 1534 2364 Mediolani
1551 2327 1583 2364 eo
1608 2326 1674 2377 opus
1690 2326 1741 2364 non
1753 2314 1872 2364 haberet.

1088 2389 1198 2446 Romam
1211 2390 1362 2451 adveniens,
1376 2390 1491 2443 Pontifici
1506 2396 1607 2457 graius,
1618 2393 1728 2455 tegerus
1738 2392 1871 2442 Perusiam

1088 2469 1209 2529 primum,
1217 2474 1318 2532 postea,
1327 2484 1394 2521 anuo
1403 2475 1483 2535 titii,
1493 2475 1582 2523 occisa
1591 2474 1643 2532 iam
1653 2470 1785 2523 Geieaetio
1796 2471 1874 2532 duce,

1087 2549 1130 2599 die
1153 2551 1295 2600 creationis
1319 2551 1479 2611 innocentii,
1496 2553 1709 2615 archiepiscopus
1734 2549 1872 2601 Mediolani

1087 2630 1189 2679 electus
1206 2632 1254 2678 est.
1269 2627 1308 2679 Ex
1321 2641 1421 2689 errore,
1433 2630 1538 2692 quidam
1549 2629 1677 2680 affirmant
1687 2630 1720 2679 M.
1731 2629 1871 2679 Antonium

1087 2707 1255 2770 Majaragium
1273 2708 1427 2771 panegyrim
1443 2709 1467 2758 ei
1483 2710 1623 2758 recitasset
1640 2720 1699 2757 nam
1719 2706 1805 2756 oratio
1821 2707 1872 2757 Ma·

1085 2785 1180 2850 joragii
1196 2785 1285 2837 habita
1300 2785 1348 2835 iuit
1365 2787 1392 2836 in
1408 2786 1510 2837 leudem
1526 2785 1649 2836 iohannis
1662 2785 1751 2849 Angeli
1767 2783 1873 2835 Arnim·

1088 2866 1168 2926 baldi,
1184 2867 1209 2916 io
1225 2879 1274 2929 qua
1297 2865 1329 2916 de
1345 2866 1476 2916 Cardineli
1487 2865 1515 2916 ht
1530 2868 1628 2915 tantum
1641 2863 1748 2924 mantio,
1760 2876 1809 2914 avo
1824 2862 1871 2914 io·

1088 2944 1183 2995 hannis
1209 2944 1312 3007 Angeli3
1337 2946 1396 3007 qui,
1422 2945 1511 3007 nepoti
1533 2956 1580 2994 suo
1600 2956 1633 2993 ex
1660 2942 1730 3002 lilio,
1750 2941 1872 2993 Pontihce

1087 3024 1285 3085 acquiescente,
1308 3022 1527 3073 Mediolanensem
1556 3021 1810 3084 archiepiscopatum
1827 3032 1873 3069 re-

1088 3102 1246 3165 signaverat.
1272 3100 1301 3151 id
1317 3102 1468 3160 notandum,
1484 3114 1517 3152 ne
1534 3114 1568 3151 ex
1586 3103 1704 3152 oratione
1719 3100 1872 3163 Majoragii,

1087 3180 1228 3231 cardinalis
1246 3179 1355 3230 historia
1371 3179 1535 3231 deturbetur.

1128 3261 1156 3310 ln
1171 3250 1284 3311 comitiis
1299 3260 1444 3310 innocentii
1459 3259 1561 3318 Octavi,
1578 3272 1612 3309 ex
1623 3257 1745 3309 omnibus
1762 3254 1873 3313 notitiis,

1087 3339 1202 3402 ignotum
1227 3342 1268 3388 est
1287 3338 1369 3388 verbe
1393 3338 1459 3387 lacte
1484 3336 1566 3387 tuisse
1590 3337 1623 3387 de
1645 3331 1808 3386 troimhoidi
1831 3344 1874 3381 es·

1088 3420 1243 3481 sumptione.
1269 3416 1380 3468 Temere
1400 3417 1479 3479 igitur
1502 3419 1529 3466 et
1551 3416 1645 3467 ieviter
1668 3415 1782 3465 Palatius
1806 3411 1871 3461 haec

1088 3495 1230 3547 scrihebat
1243 3517 1254 3538 ·
1265 3496 1360 3545 Romae
1371 3495 1487 3546 decessit
1496 3508 1564 3545 anno
1575 3496 1637 3546 titt
1647 3498 1708 3557 pest
1719 3492 1875 3556 assumptio·

1086 3587 1147 3625 nem
1163 3573 1317 3633 innocentii,
1332 3574 1408 3632 cujus
1425 3574 1451 3623 in
1467 3574 1578 3625 comitiis
1594 3586 1627 3624 ne
1651 3575 1708 3636 ipse
1725 3569 1873 3622 ilrcimhol·

1087 3655 1137 3706 dus
1153 3656 1354 3717 promoveretur
1371 3652 1398 3701 in
1414 3652 1518 3715 Papam,
1530 3653 1557 3702 in
1569 3664 1646 3702 causa
1659 3650 1732 3701 luere
1749 3649 1872 3713 loquendi

1087 3735 1271 3792 inconstantia,
1283 3731 1396 3790 vanitas,
1408 3732 1480 3791 vitia,
1492 3730 1586 3794 quihus
1603 3732 1715 3780 virtutes
1727 3727 1875 3778 obrueban-

1087 3818 1130 3864 tur
1144 3812 1290 3864 cardioalis
1305 3810 1476 3870 Arclmboldi,
1486 3815 1556 3861 teste
1567 3809 1743 3867 (laumberto,
1754 3821 1780 3870 p.
1795 3810 1846 3858 itit.
1860 3827 1870 3850 ι

1127 3892 1271 3955 intemplo
1292 3890 1345 3941 diri
1362 3890 1498 3951 Augustini
1522 3890 1643 3950 sepultus
1664 3888 1715 3937 luit
1738 3887 1794 3936 aine
1815 3898 1869 3934 me·

1086 3972 1243 4026 moria.Post
1255 3976 1385 4033 tempora,
1399 3968 1528 4019 lohannes
1543 3968 1640 4030 Nepos,
1656 3965 1872 4028 archiepiscopus

1085 4051 1235 4112 Mediolani,
1256 4048 1452 4112 inscriptionem
1469 4046 1564 4110 adjecit
1581 4047 1747 4108 sequentem:

1216 4213 1329 4259 tonsum
1344 4211 1526 4259 maturusne
1541 4205 1637 4255 Passa.
1653 4202 1738 4257 caan

1300 4294 1358 4340 ava
1374 4291 1501 4338 Parnaso
1517 4290 1656 4337 taetrum

1224 4373 1261 4420 tir
1277 4372 1397 4421 Gornour
1414 4372 1534 4419 aurnum
1551 4371 1731 4416 sacrunomo

1126 4452 1235 4501 Parnon
1250 4452 1347 4499 Moeno
1364 4445 1497 4496 saraiae.
1515 4448 1709 4495 Montaniana.
1723 4443 1761 4490 ttr
1772 4442 1829 4489 star

1230 4527 1367 4579 innatans
1384 4529 1509 4574 suessos
1526 4524 1727 4573 haeruoosnos

1269 4611 1307 4657 ta
1322 4609 1497 4656 Priscorum
1510 4605 1684 4653 Morsatartsr

1238 4686 1286 4737 cus
1313 4685 1388 4737 xxv.
1416 4690 1504 4735 suros
1530 4688 1716 4734 Paanroaaar

1177 4770 1215 4817 to
1234 4768 1396 4817 sanareris.
1419 4767 1576 4815 Munianus.
1593 4767 1775 4814 Tarnaosrne

1438 4846 1466 4893 v.
1488 4847 1516 4893 P.

1218 4923 1289 4973 insu
1303 4927 1393 4975 sanos
1410 4924 1488 4971 Lxx.
1503 4923 1631 4974 Moerus.
1647 4926 1737 4974 ontvr

1297 5003 1362 5055 Xtii.
1374 5000 1445 5052 lnvs.
1456 5007 1570 5054 artinis
1586 5003 1682 5051 Mhhv.

1113 5161 1149 5221 (³)
1166 5161 1287 5211 Fortasse
1301 5173 1334 5210 ex
1346 5160 1544 5210 amanuensium
1561 5170 1662 5218 errore,
1674 5158 1810 5209 Barthoius
1823 5170 1869 5220 ep·

1084 5241 1197 5302 pelletur
1214 5240 1256 5290 hic
1272 5239 1418 5290 cardinalis
1435 5237 1544 5289 Carolus
1555 5237 1588 5288 da
1603 5236 1792 5287 Borbouiorum
1804 5238 1869 5287 stir-

1084 5334 1127 5383 pe.
1149 5318 1334 5382 archipraesul
1357 5316 1557 5381 Lugdunensis,
1577 5318 1747 5366 consecratus
1768 5315 1818 5364 tuit
1842 5314 1870 5366 in

1085 5399 1238 5462 episcopum
1260 5409 1328 5446 anuo
1345 5398 1413 5447 itii).
1438 5394 1642 5445 administrator
1658 5396 1801 5457 perpetuus
1817 5392 1869 5444 Ec-

1084 5479 1183 5529 clesiae
1200 5477 1418 5540 burdegalensis,
1434 5475 1551 5537 suscepit
1568 5487 1583 5525 e
1600 5486 1676 5525 sacro
1692 5473 1762 5523 toute
1783 5471 1865 5523 Caro·

1085 5558 1138 5608 lum
1154 5557 1214 5607 viii.
1232 5558 1325 5620 [tegam
1341 5557 1449 5608 Galliae.
1473 5555 1613 5620 Presbyter
1630 5554 1775 5605 Cardinalis
1797 5554 1864 5603 tituli

1083 5636 1108 5685 s.
1122 5638 1222 5689 Martini
1240 5637 1266 5685 iu
1281 5634 1412 5688 Montibus
1429 5635 1516 5686 dictus
1539 5633 1588 5684 luit
1605 5647 1620 5683 a
1635 5632 1707 5683 sixto
1734 5629 1770 5681 iv.
1794 5642 1866 5680 aano-

1084 5717 1153 5767 ltid.
1164 5715 1190 5767 ln
1201 5716 1278 5766 tertie
1295 5712 1468 5766 Cardinaiium
1485 5712 1626 5765 creatione.
1644 5712 1750 5764 Praeter
1762 5710 1867 5764 archis-

1595 5808 1623 5839 th
