4492 6859
354 623 417 683 toti
824 617 1110 684 iustificatos
1129 610 1353 677 thttxtllhttl
1375 607 1501 675 stitit.

356 788 396 801 -
427 758 548 837 ¹dustria
582 757 700 835 antiqua
733 793 770 807 ·-
807 756 898 817 Stiria
934 786 973 800 -
1009 755 1144 816 Karintia

357 951 384 1000 di
399 953 506 1015 Napoli,
523 953 572 1002 che
589 954 681 1013 volea,
697 955 786 1015 quaut’
797 965 842 1002 era
868 953 894 1000 in
916 952 965 1010 lui,
981 951 1144 999 allontanare

357 1030 401 1081 dal
419 1044 466 1081 auo
483 1032 570 1093 llegno
594 1032 618 1081 la
640 1044 751 1094 guerra,
776 1030 885 1079 lacendo
910 1030 1004 1079 cedere
1022 1029 1144 1076 ali’amor

357 1108 427 1159 della
444 1121 511 1172 pace
528 1123 543 1159 e
560 1109 585 1158 al
601 1110 710 1171 proprio
726 1108 814 1171 quello
831 1107 983 1170 de'Nipoti,
1000 1104 1040 1168 gia
1055 1104 1145 1165 dispo·

357 1192 399 1239 sto
426 1191 586 1239 mostravasi
604 1187 638 1237 ad
655 1190 837 1237 acconsentira
854 1188 903 1236 rhe
922 1188 939 1236 il
955 1186 1025 1235 Duca
1043 1185 1069 1234 di
1085 1182 1145 1231 Bari

357 1267 380 1315 si
397 1271 567 1317 mantenesse
584 1270 804 1329 perpetuameute
821 1267 847 1314 iu
863 1267 923 1328 quel
941 1265 1022 1328 grado
1038 1263 1146 1313 d’auto-

357 1345 409 1394 rit'a
424 1345 473 1394 che
491 1346 641 1395 esercitava
657 1345 739 1393 allora
757 1344 784 1393 in
800 1345 974 1404 lombardia,
989 1342 1089 1407 purche
1106 1341 1145 1389 al·

358 1421 500 1472 l'alleanza
517 1421 682 1473 rinunziasse
700 1423 740 1474 col
756 1423 792 1473 lta
810 1422 836 1471 di
852 1424 971 1473 Francia.

399 1501 440 1550 ata
457 1499 473 1548 it
491 1499 545 1549 tato
562 1498 667 1549 d'ltalia
685 1500 761 1549 volea
777 1501 826 1550 che
844 1502 860 1549 il
879 1501 949 1550 lluca
966 1500 994 1549 di
1008 1499 1080 1558 Rari,
1096 1499 1145 1547 che

361 1577 395 1626 ad
419 1579 487 1628 altro
506 1590 560 1627 non
581 1580 681 1629 mirava
702 1579 751 1629 che
774 1578 943 1629 all'assoluta
967 1578 1104 1629 serrantia
1120 1577 1146 1625 di

360 1656 532 1717 lombardia,
548 1671 613 1719 gran
629 1663 729 1707 mastro
745 1658 771 1708 di
788 1658 870 1722 linger
886 1646 948 1721 rjuai
959 1671 1019 1714 era,
1036 1657 1114 1706 desse
1132 1669 1146 1704 a

359 1735 419 1783 tutti
436 1735 519 1797 vaghe
531 1737 645 1798 risposte
657 1750 672 1784 a
683 1736 804 1798 ambigue
820 1749 974 1798 promessc,
986 1724 1009 1785 'al
1023 1738 1080 1785 solo
1096 1734 1147 1784 line

361 1812 388 1861 di
401 1813 622 1873 addormentarii,
637 1825 653 1863 a
669 1828 718 1877 per
734 1828 786 1864 non
803 1826 895 1864 essere
912 1814 946 1864 da
963 1814 1015 1863 essi
1031 1814 1148 1869 assalito,

360 1892 445 1953 prima
463 1894 512 1941 che
530 1893 553 1942 le
570 1892 642 1942 iorze
659 1892 701 1943 del
718 1894 754 1943 lte
770 1905 928 1955 passassero
952 1893 977 1942 le
999 1891 1069 1954 Alpi.
1084 1893 1148 1941 llnzi

360 1981 408 2032 per
424 1971 519 2033 meglio
537 1971 661 2030 munirsl,
677 1984 692 2020 a
709 1986 724 2020 a
741 1984 794 2019 non
810 1984 874 2020 aver
891 1970 924 2020 ne
941 1975 1062 2032 temporo
1079 1982 1094 2018 a
1110 1974 1149 2019 te·

363 2061 435 2099 mere
453 2048 496 2097 dal
513 2048 658 2098 medesimo
674 2049 709 2098 lta
726 2049 750 2098 di
767 2051 874 2098 Francia
890 2051 998 2109 (timore
1015 2050 1064 2098 che
1076 2049 1149 2097 molti

363 2129 387 2178 si
404 2128 560 2178 studiavauo
577 2128 744 2191 d’ingerirgii
761 2129 933 2187 nell’animo,
950 2141 964 2177 e
981 2130 1030 2177 che
1046 2133 1149 2177 nutrrva

362 2206 390 2256 in
406 2212 482 2269 parte
499 2209 549 2271 egli
567 2210 685 2269 stesso),
701 2208 724 2257 s’
735 2220 781 2256 era
798 2213 940 2269 procurata
957 2220 1007 2257 una
1024 2209 1149 2269 possente

362 2286 481 2336 alleanza
498 2288 567 2336 nella
584 2298 699 2349 persona
710 2285 737 2334 di
749 2286 934 2336 tlassimiliauo
950 2284 1098 2342 d’hustria,
1114 2285 1149 2334 lte

362 2362 536 2424 da’llomaui,
551 2366 593 2413 cui
609 2364 688 2414 diade
706 2365 732 2412 in
747 2364 843 2427 meglio
859 2364 955 2413 Blanca
976 2376 1023 2414 sua
1044 2364 1149 2425 nipote,

362 2444 458 2492 sorella
477 2443 518 2491 del
536 2442 606 2492 Duca
617 2442 643 2490 di
654 2443 764 2501 llilano,
781 2455 830 2491 con
847 2443 910 2492 dota
927 2442 954 2492 di
966 2446 1150 2506 quattrocento

364 2522 426 2570 mila
442 2521 535 2570 Durati
551 2524 578 2571 in
590 2520 704 2580 danaro,
720 2521 754 2569 da
770 2523 876 2584 pagarsi
889 2524 914 2570 in
928 2522 1006 2583 tempi
1024 2520 1151 2570 determi-

363 2602 434 2659 nati,
452 2601 538 2650 ealtri
548 2608 677 2662 quaranta
689 2602 748 2650 mila
760 2601 786 2649 in
798 2602 883 2664 ginis:
901 2613 931 2661 e,
948 2614 996 2663 par
1011 2601 1060 2649 dar
1075 2599 1152 2661 quai·

366 2679 416 2728 che
433 2679 526 2729 ombra
541 2679 566 2728 di
587 2680 708 2740 giustizia
725 2681 776 2731 alla
793 2681 915 2730 violenza
937 2680 985 2728 che
1006 2678 1151 2737 meditare,

364 2762 474 2807 ottenue
490 2757 524 2808 da
542 2760 602 2821 quel
619 2761 670 2818 lta,
686 2759 839 2809 nell'animo
858 2759 901 2809 del
918 2761 995 2821 quale
1012 2758 1039 2807 in
1056 2762 1151 2820 questa

367 2839 438 2886 volta
455 2837 471 2886 ι’
479 2838 544 2887 utile
561 2839 684 2899 prevaisc
695 2840 851 2896 all’onesto,
864 2840 888 2887 la
899 2849 1037 2900 promessa
1049 2836 1074 2885 di
1086 2848 1152 2885 con-

368 2918 497 2980 cedergli,
518 2916 541 2967 si
562 2921 632 2969 tosto
653 2919 702 2968 che
723 2923 816 2981 pagata
837 2927 932 2967 evasse
955 2918 1073 2966 l’ultima
1094 2920 1152 2965 rata

366 2998 435 3047 della
452 2998 527 3056 dota,
544 2998 720 3047 l’investitura
737 2997 778 3047 del
796 2998 894 3047 Ducato
911 2997 936 3047 di
948 2997 1041 3048 hlilano
1059 3007 1106 3057 par
1123 2992 1152 3044 se

369 3088 385 3125 e
400 3078 408 3125 i
425 3076 483 3126 suoi
501 3076 683 3135 discendenti,
700 3077 727 3125 in
744 3076 906 3139 pregiudicio
926 3076 968 3125 del
987 3075 1057 3126 Duce
1073 3075 1153 3124 Gian-

365 3156 495 3207 Gaieazzo
512 3168 527 3206 e
543 3155 651 3206 de'suoi
669 3158 817 3207 successori
837 3178 860 3205 ι.

406 3235 480 3287 Νυυε
493 3234 526 3285 ad
538 3238 715 3284 monumenta.
725 3235 837 3297 legatus
848 3235 1050 3287 mediolanensis
1069 3233 1151 3282 adivit

368 3314 462 3376 Regem
479 3313 579 3364 Gallum
596 3314 646 3362 hoc
663 3315 784 3376 epistolio
804 3313 929 3363 Ludovici
945 3313 1042 3371 Ducis,
1060 3325 1074 3360 a
1091 3311 1154 3361 Bar·

366 3392 478 3442 nardino
495 3392 572 3441 Corio
590 3393 616 3442 in
631 3396 708 3453 parte
729 3392 845 3453 septima
866 3392 1037 3442 historiarum
1055 3392 1153 3440 relatos

392 3483 419 3513 ··
437 3470 571 3521 Stortiade
588 3471 682 3521 domus
698 3471 838 3533 proprium
856 3484 962 3533 semper
978 3472 1027 3520 tuit
1050 3469 1153 3519 Gallicis

368 3550 450 3600 rebus
474 3550 579 3608 edesse,
596 3563 609 3599 a
627 3549 723 3613 qulbus
746 3550 883 3599 innumera
909 3549 1037 3599 beneficia
1058 3549 1156 3598 retule-

371 3634 439 3680 runt.
464 3628 640 3679 Genususium
665 3626 792 3676 ditionem
821 3626 966 3677 lodovicus
994 3632 1069 3689 pater
1093 3631 1153 3678 tuus

373 3707 513 3757 Francisco
529 3706 625 3755 stortia
644 3706 754 3768 genitori
771 3718 830 3755 meo
851 3705 949 3755 donum
976 3705 1067 3764 dedit;
1088 3706 1155 3755 hanc

374 3789 403 3835 tu
420 3787 482 3835 mihi
498 3784 615 3835 ilrmasti.
639 3784 687 3834 Pro
704 3786 782 3835 tantia
804 3784 906 3835 meritis
932 3785 1087 3835 Franciscus
1108 3797 1155 3846 ge·

372 3867 445 3914 nltor
460 3863 539 3913 iillum
557 3864 614 3924 eius
631 3862 778 3913 Galeazium
800 3864 908 3913 tratrem
926 3876 1012 3912 meum
1029 3875 1088 3912 cum
1105 3864 1156 3911 mi·

374 3943 494 3994 litaribus
510 3944 593 4006 copiis
614 3942 641 3991 in
657 3942 765 3991 Galliam
791 3944 877 4003 misit,
894 3943 1087 4005 compescendo
1103 3942 1156 3993 Te-

372 4014 694 4082 trarcharum'iurorem,
722 4024 767 4085 qui
793 4022 921 4072 adversus
954 4027 1055 4084 patrem
1084 4026 1155 4071 tuurn

372 4115 446 4151 arma
471 4106 626 4161 moverant,
644 4102 737 4151 toedus
762 4114 822 4151 cum
839 4101 980 4150 Francisco
1007 4101 1156 4151 Britanniae

372 4182 439 4231 duce
467 4183 659 4243 percutientes,
678 4184 707 4229 ut
734 4180 807 4229 ilium
835 4184 880 4229 aut
903 4192 986 4242 reguo
1011 4180 1158 4241 ejicerent,

371 4266 415 4311 aut
433 4260 570 4322 perpetuis
587 4258 659 4308 curis
675 4259 773 4307 victum
791 4256 928 4307 haberent.
945 4256 1010 4306 Utile
1032 4259 1157 4319 genitoris

372 4342 424 4392 mel
451 4339 577 4388 auxilium
602 4338 667 4398 tuit,
683 4338 816 4386 salubrius
841 4337 979 4386 consilium
1004 4338 1109 4396 attulit,
1129 4341 1157 4386 ut

372 4418 538 4468 conditiones
563 4427 735 4477 quascunque
757 4415 878 4465 hostibus
902 4415 999 4474 daret,
1024 4414 1156 4477 aquibus

371 4498 524 4553 frustratus,
540 4494 581 4544 sui
598 4496 663 4553 juris
680 4505 788 4557 compos
800 4497 867 4554 erat,
883 4494 943 4543 dum
960 4495 1035 4556 ltegis
1052 4495 1156 4544 titulum

370 4579 473 4623 tantum
491 4572 635 4632 retineret,
653 4574 700 4621 aed
718 4572 861 4623 observata
878 4575 903 4622 in
925 4576 1061 4635 posterum
1079 4586 1159 4622 occa·

370 4654 445 4704 sione
460 4653 576 4717 singulos
593 4651 772 4714 opprimeret:
784 4652 853 4702 haud
865 4654 935 4702 cuim
947 4651 1022 4702 iacile
1039 4653 1157 4702 iuturum

370 4733 517 4795 Principum
540 4742 677 4781 numerum
701 4732 726 4779 iu
749 4743 829 4780 unum
857 4736 1028 4793 conspirare,
1049 4735 1075 4780 et
1098 4744 1157 4781 eam

370 4825 504 4861 armorum
521 4810 589 4870 vim,
605 4822 682 4872 quarn
700 4812 762 4858 tunc
779 4809 921 4866 habebant,
939 4811 1047 4872 singulis
1061 4810 1159 4873 juvan-

370 4889 412 4941 dis
439 4902 593 4952 congerere.
614 4890 655 4938 Sic
677 4889 752 4939 brevi
769 4891 956 4951 locupletatus,
977 4893 1004 4937 et
1021 4889 1158 4951 subjecto·

369 4982 430 5019 rum
447 4970 598 5034 suspicione
613 4969 699 5017 iactus
716 4968 802 5028 liber,
817 4967 966 5017 lodovicus
983 4972 1059 5030 pater
1078 4972 1159 5027 tuus,

372 5063 480 5114 regnum
507 5049 577 5100 haud
601 5050 665 5098 alias
693 5051 792 5108 majus,
813 5051 841 5097 ct
864 5048 944 5098 ditius
969 5059 1018 5109 pro
1044 5046 1157 5096 arbitrio

371 5144 473 5181 summa
495 5130 610 5181 omnium
627 5131 653 5177 iu
671 5140 730 5178 eum
753 5130 903 5177 reverentia
926 5128 1054 5178 exercuit.
1082 5126 1156 5175 illum

371 5223 500 5273 proceres
517 5209 736 5265 Tetrarcharum,
752 5209 857 5269 populi,
873 5208 968 5267 urbes,
985 5207 1088 5256 finitimi
1104 5206 1158 5255 Du-

373 5303 437 5351 ces,
461 5291 563 5353 lieges,
579 5292 606 5338 ct
622 5288 818 5351 provinciarum
835 5287 958 5336 Potentes
975 5286 1158 5345 verebantur,

372 5369 405 5418 ab
432 5367 555 5420 omnibus
573 5366 728 5424 colebatur,
747 5366 781 5414 ab
805 5364 928 5415 omnibus
953 5363 1156 5426 respiciebatur.

369 5447 423 5511 Ego
439 5449 502 5496 nihil
520 5450 608 5496 tantae
624 5449 685 5495 tuae
702 5457 763 5507 erga
782 5458 823 5494 me
840 5444 1035 5494 muniilcentiae
1059 5444 1157 5492 adiisse

371 5527 460 5587 potui,
476 5527 525 5576 nisl
541 5525 701 5576 desiderium
718 5523 881 5582 incredibile,
899 5523 945 5572 tihi
958 5525 983 5572 in
997 5523 1085 5585 aliquo
1097 5535 1159 5584 pro·

370 5604 463 5662 desem
480 5609 507 5654 et
523 5604 584 5654 dum
602 5606 688 5654 animo
706 5616 809 5653 mecum
828 5604 1013 5662 revolverem,
1031 5602 1157 5665 quidnam

372 5684 538 5746 potissimum
555 5688 679 5746 protunc
696 5684 795 5746 gloriae
817 5684 987 5746 amplitudine
1007 5681 1156 5742 edicerem,

1892 605 2003 689 (arna)

1211 784 1249 798 ·—
1273 750 1409 811 Carniola
1431 778 1471 792 -
1492 749 1611 827 dspurg
1635 784 1671 794 -
1693 745 1800 808 Tirolie
1822 779 1862 792 —-
1885 748 2002 806 alsacia

1212 948 1274 996 nihil
1301 949 1406 998 demum
1433 951 1457 998 in
1487 949 1591 1011 imperii
1619 948 1696 1010 halus
1723 948 1855 997 tenuitate
1883 949 2004 997 occurrit

1212 1031 1319 1087 praeter
1343 1028 1498 1085 consilium,
1515 1028 1585 1089 quod
1608 1028 1668 1075 olim
1692 1030 1769 1087 pater
1793 1037 1871 1074 meus
1887 1025 2004 1086 genitori

1214 1106 1258 1153 ιυυ
1275 1104 1369 1154 obtulit
1387 1107 1420 1155 ad
1438 1107 1582 1169 augendum
1601 1108 1658 1163 ejus
1681 1106 1842 1167 imperium,
1862 1109 1888 1154 et
1907 1104 2005 1153 Gallia·

1213 1194 1271 1232 rum
1288 1186 1403 1236 dedecus
1421 1185 1605 1244 amovendum,
1617 1185 1689 1246 uund
1705 1183 1822 1234 obiicere
1841 1185 2005 1235 videbantur

1212 1263 1405 1327 Parthenopaei
1429 1265 1532 1324 Reges,
1548 1264 1593 1326 qui
1610 1264 1681 1312 nullo
1704 1270 1779 1327 jure,
1796 1264 1877 1312 nullis
1902 1265 2005 1327 legibus

1213 1343 1313 1392 inducti
1328 1345 1441 1406 ltegnum
1460 1343 1523 1392 illud
1540 1342 1587 1391 tibi
1604 1341 1736 1400 debitum,
1752 1342 1799 1390 tibi
1818 1356 1833 1391 a
1852 1343 2006 1401 majoribus

1213 1422 1389 1472 haereditario
1410 1425 1488 1483 jure,
1503 1426 1531 1471 et
1547 1434 1596 1483 per
1614 1424 1800 1471 testamentum
1821 1422 1950 1470 relictum
1976 1436 2005 1470 ac

1213 1501 1326 1550 Gallicae
1353 1513 1467 1550 coronae
1493 1499 1626 1558 additum,
1643 1503 1760 1557 temere,
1776 1502 1803 1548 et
1821 1500 2008 1548 irreverenter

1215 1584 1363 1643 occupant,
1380 1580 1490 1641 populos
1507 1579 1636 1638 lacerant,
1654 1583 1680 1628 et
1696 1591 1745 1641 per
1762 1577 1908 1626 inhonesta
1926 1579 2009 1627 vecti·

1214 1660 1280 1721 galia
1297 1659 1461 1708 exhauriunt.
1481 1657 1519 1707 hu
1537 1658 1693 1716 meministi,
1709 1657 1813 1715 Caroli,
1832 1656 1924 1720 magni
1943 1670 2007 1718 pro-

1215 1738 1355 1800 genitoris,
1372 1738 1414 1801 qui
1426 1737 1525 1787 l’urcas
1541 1736 1696 1786 devicturus
1713 1735 1778 1785 nihii
1795 1737 1864 1784 satis
1882 1735 1920 1783 ad
1937 1748 2009 1783 com·

1216 1818 1359 1879 parandam
1383 1818 1514 1874 classem,
1531 1820 1558 1865 et
1581 1816 1726 1865 exercitum
1751 1814 1906 1877 augendum
1930 1828 2008 1877 quam

1216 1908 1325 1957 regnum
1349 1894 1413 1945 illud
1429 1895 1521 1953 duxit,
1537 1893 1581 1942 ubi
1600 1894 1695 1943 armari
1713 1893 1836 1950 classes,
1858 1895 1887 1941 et
1913 1892 2008 1941 instrui

1217 1976 1361 2034 exercitus,
1377 1974 1513 2030 recreari,
1529 1977 1556 2022 et
1567 1977 1638 2022 stare
1651 1972 1781 2034 possunt?
1790 1972 1850 2031 Quo
1861 1984 1952 2033 usque
1964 1984 2009 2033 pa·

1217 2055 1292 2105 tiaris
1316 2053 1440 2103 Gallicum
1465 2064 1568 2101 nomem
1594 2050 1691 2109 ahiici,
1716 2050 1899 2099 haereditates
1924 2050 2008 2111 regias

1218 2135 1251 2185 ab
1269 2137 1368 2184 exteris
1384 2131 1524 2193 occupari,
1541 2130 1654 2192 populos
1673 2129 1744 2178 velut
1760 2130 1786 2176 in
1811 2128 1944 2189 praedam
1966 2130 2007 2177 ha·

1218 2213 1290 2264 berit
1301 2211 1360 2261 Tibi
1378 2221 1469 2261 omues
1482 2210 1584 2265 tavent,
1603 2212 1628 2257 et
1645 2208 1748 2256 unicum
1765 2207 1918 2269 Principem
1931 2220 2008 2269 expo·

1219 2296 1312 2348 scunt,
1325 2295 1398 2339 tuum
1415 2289 1528 2337 libentes
1537 2287 1625 2349 jugum
1640 2286 1790 2335 substinere
1802 2287 1926 2347 cupiunt,
1938 2285 2009 2333 dum-

1220 2371 1297 2421 modo
1309 2368 1373 2418 illud
1390 2366 1502 2425 medum,
1514 2368 1541 2414 et
1553 2365 1717 2428 tyrannicum
1729 2363 1849 2420 ejiciant.
1861 2363 1918 2425 Ego
1930 2376 2008 2425 quan·

1220 2456 1273 2500 tum
1291 2453 1384 2510 potero
1407 2443 1547 2508 praestabo
1564 2444 1662 2501 armis;
1678 2442 1789 2504 pecunia
1805 2478 1814 2500 ,
1832 2444 1928 2504 equis,
1945 2442 2008 2492 viris

1216 2527 1328 2591 juvabo,
1344 2527 1365 2576 sl
1383 2523 1583 2594 modolvirilitcr
1600 2534 1678 2585 agere
1695 2536 1728 2570 ne
1744 2520 1874 2571 dedecori
1893 2521 2007 2571 dedecus

1219 2595 1341 2658 addatur.
1351 2604 1409 2657 Non
1420 2606 1459 2655 est
1470 2602 1532 2666 quid
1544 2603 1664 2651 verearis
1680 2600 1789 2650 arduam
1807 2600 2007 2663 expeditionem

1219 2697 1277 2735 esse
1294 2686 1320 2733 ln
1338 2693 1417 2745 ragno
1442 2693 1490 2743 per
1506 2680 1627 2729 diuturna
1646 2682 1765 2739 tempora
1782 2690 1930 2740 possesso,
1947 2681 2008 2729 ede-

1219 2768 1280 2814 runt
1304 2763 1373 2812 enim
1398 2760 1516 2809 universi
1540 2770 1607 2821 pena
1630 2757 1721 2807 italiae
1738 2757 1916 2814 Potentatus,
1943 2757 2010 2809 Deus

1219 2843 1276 2905 ipse
1290 2844 1389 2904 lusiam
1408 2852 1514 2889 cansam
1532 2837 1726 2900 amplexabitur
1740 2841 1767 2885 et
1785 2836 1907 2895 favebit,
1922 2851 2008 2900 popu·

1220 2922 1304 2972 lorum
1330 2919 1416 2971 odium
1445 2920 1517 2967 illum
1545 2917 1645 2976 eiiciet,
1665 2920 1693 2965 ut
1717 2920 1744 2965 te
1768 2917 1866 2975 ducat,
1885 2917 1907 2966 si
1933 2916 2009 2966 modo

1220 3004 1370 3067 praesentia
1396 3006 1439 3049 tua
1465 3011 1537 3048 arma
1561 2998 1677 3055 viderit,
1702 2996 1771 3046 idem
1795 2997 1881 3045 ceteri
1907 2996 2010 3045 iactita-

1218 3081 1293 3133 bunl.
1311 3084 1453 3143 Accingere
1471 3091 1544 3141 ergo,
1559 3083 1586 3128 et
1602 3090 1705 3127 ornnem
1722 3087 1791 3138 pone
1810 3087 1925 3135 moram,
1940 3089 2010 3125 sem-

1220 3175 1268 3224 per
1288 3163 1377 3211 nocuit
1401 3159 1507 3209 dilierre
1532 3158 1646 3219 paratis:
1663 3157 1791 3219 ingentem
1810 3167 1844 3203 ex
1862 3154 1914 3203 hac
1930 3167 2009 3216 expe-

1220 3241 1317 3291 ditione
1333 3240 1443 3303 gloriam
1461 3235 1621 3299 reportabis,
1638 3247 1706 3297 quae
1724 3236 1808 3295 majus
1826 3233 1899 3292 tibi,
1916 3236 1941 3281 et
1959 3246 2006 3293 po·

1221 3320 1300 3375 eteris
1315 3320 1404 3367 lumen
1416 3316 1510 3379 pariet.
1520 3313 1585 3364 ilinc
1597 3314 1675 3384 enim,
1684 3312 1735 3362 aud
1747 3312 1887 3361 dllliculter
1899 3314 2010 3374 trajecto

1221 3399 1308 3456 Ponto,
1320 3398 1420 3447 'furcas
1433 3395 1557 3452 invades,
1575 3397 1681 3443 invasos
1699 3394 1834 3456 opprimas
1844 3428 1852 3452 ,
1863 3403 2008 3454 oppressos

1221 3478 1385 3529 Christianae
1403 3474 1521 3537 religioni
1547 3474 1706 3535 conjunges,
1733 3471 1959 3530 hierosolimam,
1985 3474 2010 3518 et

1221 3568 1289 3618 qrrae
1311 3556 1371 3604 olim
1399 3552 1513 3614 majores
1530 3552 1565 3600 tui
1585 3551 1683 3609 armis,
1700 3554 1727 3599 et
1743 3551 1843 3600 virtute
1867 3550 2011 3607 devicere,

1222 3639 1266 3685 tuo
1287 3633 1401 3695 Imperio
1425 3631 1574 3681 submittes.
1598 3628 1665 3688 Quid
1682 3628 1821 3691 gloriosius
1838 3630 1896 3690 geri
1919 3640 2012 3690 aquo·

1225 3727 1303 3777 quam
1316 3715 1414 3776 potest,
1425 3722 1503 3774 quam
1517 3710 1666 3771 religionem
1679 3708 1753 3770 cujus
1764 3706 1892 3765 Princeps
1904 3709 1948 3759 sit.
1959 3720 2011 3756 non

1223 3795 1299 3844 modo
1318 3792 1350 3841 ah
1368 3789 1487 3840 hostibus
1504 3788 1660 3845 detondere,
1677 3788 1724 3837 scd
1740 3786 1915 3836 conculcatos
1938 3787 2010 3848 ipsos

1222 3873 1299 3923 nobis
1317 3879 1475 3934 aggregare,
1491 3872 1518 3916 et
1535 3880 1586 3916 non
1604 3868 1687 3916 solum
1710 3866 1878 3915 inimieorum
1901 3866 2012 3927 iniurias

1223 3953 1390 4015 propulsare,
1407 3949 1454 3999 sed
1471 3948 1541 3997 ultro
1558 3946 1670 4005 interra,
1687 3950 1714 3994 et
1725 3946 1943 4008 peruniversum
1962 3950 2013 3994 ter-

1223 4027 1313 4081 rarum
1333 4030 1425 4079 orbem
1442 4028 1523 4075 muria
1541 4028 1638 4085 etiam,
1654 4027 1680 4073 et
1697 4028 1812 4085 superos
1828 4022 1948 4084 glorioso
1965 4035 2014 4072 no·

1225 4112 1293 4159 mine
1305 4107 1451 4169 complere?
1462 4102 1506 4154 iiis
1519 4104 1676 4167 praesertim
1689 4102 1754 4152 haec
1771 4102 1856 4151 tienda
1875 4102 2015 4158 omnibus,

1227 4186 1322 4250 quibus
1338 4184 1527 4246 Parthenopaei
1545 4181 1674 4232 innumeri
1694 4181 1821 4230 Proncres
1837 4184 1927 4241 patria
1951 4181 2014 4231 sede

1225 4265 1259 4315 ob
1276 4264 1398 4321 iniuriam
1417 4276 1431 4311 a
1448 4261 1612 4312 l'erdinando
1628 4261 1707 4323 Regni
1726 4264 1888 4321 occupatore
1901 4261 2017 4321 expulsi.

1227 4349 1301 4395 tuum
1320 4344 1458 4400 auxilium,
1469 4346 1539 4391 tuam
1558 4352 1643 4402 opem,
1660 4353 1734 4390 suam
1751 4340 1784 4388 ab
1802 4339 1897 4389 inieris
1909 4340 2015 4389 redem-

1225 4425 1358 4484 ptionem,
1384 4433 1456 4470 suam
1475 4421 1500 4469 in
1516 4420 1629 4482 patriam
1655 4418 1846 4467 restitutionem
1866 4430 1899 4466 eo
1922 4418 2015 4467 ellectu

1226 4505 1378 4565 expectant,
1393 4512 1445 4562 quo
1462 4500 1522 4549 olim
1539 4498 1655 4547 damnati
1673 4501 1796 4560 parentes
1814 4499 1900 4546 nostri
1918 4497 2016 4546 Christi

1225 4582 1447 4633 resurrectionem
1474 4576 1636 4639 operiebant.
1663 4577 1765 4626 Adsunt
1792 4578 1844 4625 illis
1868 4577 2019 4633 lectiones,

1226 4658 1321 4707 adsunt
1338 4657 1410 4704 cives
1429 4652 1625 4708 honestissimi,
1642 4652 1685 4714 qui
1702 4654 1728 4700 ta
1745 4656 1917 4713 praesentem
1935 4664 2017 4700 vene-

1227 4736 1368 4791 rabuntur,
1386 4732 1522 4781 absentem
1541 4730 1715 4788 dissimulant,
1733 4728 1855 4790 supplicii
1877 4734 1963 4784 uretur
1981 4732 2018 4778 ci·

1227 4816 1338 4864 vitales.
1350 4815 1376 4861 et
1388 4810 1486 4872 populi,
1503 4808 1575 4857 nullo
1592 4810 1617 4855 in
1636 4820 1681 4857 eos
1699 4807 1820 4856 condictu
1837 4805 1885 4856 tibi
1902 4807 2018 4859 deditae.

1227 4897 1270 4941 tue
1283 4891 1380 4940 vexilla
1393 4890 1492 4948 erigent
1502 4905 1510 4945 ς
1521 4890 1562 4935 est
1577 4886 1732 4935 Autonellus
1748 4884 1933 4933 Salernitauus
1944 4885 2018 4933 l’rin·

1226 4983 1289 5033 ceps
1307 4968 1376 5031 apud
1392 4972 1418 5016 tc
1435 4968 1513 5015 homo
1541 4966 1609 5013 acris
1632 4965 1743 5027 ingenii,
1760 4964 1833 5026 regni
1858 4964 1930 5013 illius
1957 4977 2020 5013 con·

1225 5049 1343 5105 trarius‚
1359 5050 1386 5095 et
1402 5047 1445 5107 qui
1463 5045 1559 5093 multos
1575 5055 1664 5092 secum
1682 5044 1772 5092 trahet
1789 5042 1823 5091 nb
1847 5043 1968 5091 omnium
1991 5045 2017 5092 in

1226 5142 1285 5179 eum
1303 5125 1515 5176 benevolentiam
1533 5127 1559 5172 et
1577 5123 1788 5181 miserationem,
1810 5126 1865 5171 turn
1882 5123 2018 5172 validissi-

1226 5219 1328 5256 marum
1355 5205 1467 5267 partium
1500 5202 1697 5265 propinquitate
1725 5201 1848 5264 adjutus.
1875 5201 2017 5251 Praeterea

1226 5285 1328 5334 Turcus
1351 5286 1376 5331 iu
1401 5281 1496 5330 illirico
1513 5281 1601 5340 copias
1626 5280 1708 5328 movit
1734 5280 1865 5328 adversus
1889 5278 2017 5328 Christia-

1226 5376 1284 5413 nam
1304 5363 1471 5424 religionem,
1487 5358 1632 5407 Pennonios
1651 5361 1774 5406 evertere
1790 5358 1901 5406 summis
1917 5357 2019 5406 conati-

1227 5443 1276 5492 bus
1303 5442 1417 5497 nititur,
1441 5441 1466 5486 in
1491 5437 1690 5485 dehonestatem
1715 5435 1860 5497 dedecusq.
1883 5434 1969 5493 ildei,
1991 5440 2016 5483 et

1227 5520 1361 5581 religionis
1386 5522 1493 5566 nostrae
1516 5517 1602 5565 omnia
1623 5514 1712 5573 terro,
1733 5515 1809 5576 igne,
1839 5515 1924 5563 ruinis
1953 5528 2018 5563 con·

1226 5599 1320 5649 fundit.
1337 5596 1468 5646 Patiemur
1486 5609 1500 5642 a
1518 5594 1649 5643 communi
1668 5594 1743 5642 hosta
1760 5592 1937 5654 pessundari,
1951 5597 1977 5640 et
1989 5594 2015 5641 in

1226 5676 1410 5729 coutumeliam
1429 5674 1537 5732 haberi,
1553 5672 1687 5723 christum
1705 5674 1812 5734 sperni,
1828 5670 1940 5734 Templa
1957 5672 2017 5733 pol·
