4492 6859
240 632 353 719 (asna)

245 767 456 852 baptizandae,
474 766 588 829 interim
609 767 705 830 dicens
726 771 761 830 in
782 770 906 831 nomine
921 768 1029 832 Patris

243 882 299 931 etc.
323 870 416 933 Finito
436 869 546 944 officio,
568 870 711 950 baptizata
738 870 775 930 ad
798 872 915 931 domum
936 870 1030 951 patris

243 980 392 1050 reportata
410 976 464 1041 est,
483 977 512 1028 et
532 967 696 1043 Cprdinaies
721 987 817 1030 omnes
836 971 871 1029 ad
893 988 944 1031 sua
975 988 1029 1050 pa-

243 1070 312 1130 iatia
335 1068 494 1141 redierunt,
514 1069 623 1143 trihus,
641 1071 851 1143 Beneventano,
867 1069 987 1142 Ursino,
1000 1080 1030 1129 ct

246 1168 278 1228 8.
301 1166 464 1228 Anastasiae
495 1167 636 1248 demptis,
656 1170 725 1248 qui,
747 1170 770 1229 si
792 1181 870 1231 recte
891 1169 1028 1242 mentinl,

243 1269 414 1349 priusquam
436 1267 471 1326 ad
493 1287 544 1328 sna
565 1268 670 1348 palatia
689 1269 829 1342 redirent,
850 1271 1029 1349 praedictum

243 1368 435 1429 Franciscum
456 1367 529 1429 Cihn
540 1411 550 1442 ,
570 1366 654 1446 cujus
674 1368 732 1431 fllia
751 1371 892 1450 baptizata
913 1383 954 1432 est
965 1414 975 1445 ,
1003 1374 1031 1431 in

244 1471 351 1550 palatio
371 1488 424 1531 suo
443 1470 642 1531 visitaverunt.

287 1572 372 1632 Festo
391 1569 580 1650 Epiphaniae,
601 1571 632 1631 6.
650 1568 778 1647 januarii
796 1616 805 1646 ,
825 1573 906 1634 circa
928 1572 1031 1633 horam

246 1670 426 1752 vigesimam,
446 1680 595 1749 portatum
614 1682 658 1733 est
675 1672 710 1731 ad
730 1672 877 1733 basilicam
892 1673 925 1733 S.
941 1671 1032 1747 Petri,

246 1771 397 1843 cadaver,
417 1770 476 1831 sive
498 1788 604 1851 corpus
633 1771 770 1833 iohannis
792 1774 826 1834 de
852 1771 1033 1835 [ranfredinis

248 1869 384 1933 Oratoris
405 1869 623 1932 communitatis
643 1872 900 1948 Florentinorum,
918 1873 954 1932 ad
977 1872 1031 1933 SS.

248 1972 285 2032 Ι).
301 1970 335 2031 Ν.
348 1970 456 2031 dudum
477 1970 620 2044 destinati,
641 1973 692 2050 qui
713 1972 775 2033 heri
793 1986 857 2053 post
878 1972 1033 2053 prandium

247 2074 323 2135 diem
346 2072 450 2132 clausit
471 2080 642 2132 extremum.
664 2071 860 2134 Exhumatnm
882 2073 938 2134 fnit
963 2090 1034 2133 cor·

250 2192 305 2255 pus
325 2169 389 2249 ejus
410 2182 438 2234 et
460 2172 571 2231 viscera
592 2175 713 2253 sepulta3
733 2191 839 2253 corpus
860 2191 931 2233 sero
952 2182 1035 2250 post·

249 2291 337 2353 quam
359 2274 388 2331 in
409 2272 559 2333 eeclesiam
580 2284 728 2351 portatum
757 2272 836 2347 fnit,
856 2283 888 2336 et
908 2271 1033 2333 officium

249 2392 285 2434 aa
303 2390 399 2435 sermo
420 2371 565 2452 completi,
586 2372 744 2451 depositum
768 2375 824 2435 fuit
850 2374 879 2433 in
909 2373 1034 2451 quadam

247 2490 344 2553 cepsa,
366 2472 423 2533 leia
441 2472 524 2551 nigra
546 2471 744 2545 circumdata,
764 2484 794 2534 et
815 2492 900 2554 capsa
921 2474 982 2553 ipsa
1005 2475 1035 2535 in

247 2572 379 2653 cappella
398 2571 429 2631 S.
452 2571 560 2632 hiariae
580 2572 771 2647 deFloribus,
788 2573 850 2635 sive
866 2591 956 2653 prope
972 2591 1035 2634 eam

249 2673 385 2753 reposita,
399 2673 466 2751 quia
489 2673 563 2733 infra
577 2690 684 2753 paucos
697 2673 756 2734 dies
775 2675 950 2735 Florentiam
964 2692 1035 2752 por·

249 2773 369 2834 madum
390 2782 464 2846 erat,
478 2785 567 2852 prout
579 2778 665 2835 etiam
683 2774 739 2835 fuit
759 2787 916 2856 portatam.
939 2775 1038 2835 inter·

249 2875 371 2936 fuerunt
384 2875 508 2936 familiae
529 2875 584 2935 88.
606 2873 642 2936 D.
665 2874 699 2936 N.
722 2888 750 2938 et
771 2876 834 2935 itit.
849 2875 912 2936 DD.
928 2875 1038 2938 Cardi-

249 2975 372 3050 naiium,
391 2993 425 3035 ac
445 2972 584 3036 Oratores
603 2975 631 3035 iu
654 2994 773 3037 romana
797 2977 880 3037 curia
898 2995 1039 3054 praesen·

251 3086 308 3137 tes:
338 3076 474 3155 praelati,
493 3088 521 3136 et
544 3073 683 3138 Oratores
704 3086 919 3157 congregarunt
951 3096 981 3138 se
1009 3078 1039 3138 in

250 3177 346 3257 prima
366 3195 481 3237 camera
510 3186 573 3256 post
594 3179 703 3251 aulam,
722 3180 750 3238 in
770 3195 828 3256 qua
848 3178 934 3237 etiam
955 3177 1038 3239 sede-

251 3278 320 3338 hant
342 3290 399 3339 tras
418 3276 533 3350 funesti,
547 3276 639 3352 iilius,
651 3280 773 3339 maritus
792 3278 877 3351 filiae,
898 3289 926 3339 et
948 3279 1039 3340 frater

252 3381 354 3441 uxoris
386 3397 454 3439 suae
464 3399 475 3452 ;
508 3396 614 3457 corpus
644 3376 759 3455 jacebat
789 3381 818 3439 in
850 3380 917 3439 aula
949 3397 1039 3459 supra

253 3498 380 3541 mensam
399 3496 481 3540 more
501 3479 586 3539 solito
601 3522 611 3551 ,
629 3491 658 3541 et
679 3482 757 3541 circa
781 3480 848 3541 hinc
870 3479 935 3542 inda
956 3481 1041 3543 seda·

253 3581 322 3640 hant
337 3580 493 3640 familiares
509 3580 556 3640 sui
576 3579 678 3640 funesti
699 3582 816 3642 circiter
827 3579 938 3657 decem,
951 3584 1042 3645 fune·

254 3680 364 3741 ralihus
385 3684 484 3762 pannis
503 3680 605 3741 induti.
626 3681 822 3744 iuterfuerunt
841 3674 948 3745 fratres
964 3703 1040 3763 qua·

255 3791 323 3843 tuor
336 3793 540 3857 conventuum,
553 3780 583 3841 8.
595 3781 703 3844 hieriae
715 3783 749 3845 de
760 3783 883 3865 Populo,
897 3785 1040 3861 hracoeli,

257 3882 294 3944 de
313 3883 456 3956 iiinerva,
476 3893 505 3944 ct
527 3882 558 3942 S.
577 3885 740 3963 Augustini,
759 3882 928 3958 beneficiati,
939 3896 967 3945 at
978 3886 1041 3945 cle·

257 3984 312 4045 rici
333 3984 425 4045 dietae
445 3982 579 4058 hssiiieae
597 3982 628 4042 S.
652 3982 738 4044 Petri.
758 3985 893 4045 Canoniai
913 3983 1040 4063 ejusdem

256 4086 394 4145 ecclesiae
417 4093 558 4143 venerunt
575 4086 601 4143 ei
627 4082 741 4144 chriam
771 4102 862 4163 usque
890 4086 926 4145 ad
951 4088 1042 4148 scalas

256 4183 389 4262 ejusdem
411 4183 541 4244 basilicae
552 4204 564 4256 3
585 4198 800 4262 praecesserunt
828 4186 878 4248 to.
899 4187 1041 4249 intarticia

258 4295 325 4365 post
342 4284 439 4357 famu,
461 4301 534 4362 quae
553 4296 726 4345 mercatores
748 4285 889 4348 florentini
907 4307 925 4347 a
945 4290 1043 4370 seipsis

256 4385 381 4446 ordinati
402 4385 562 4465 portabunt.
576 4384 659 4446 ibant
674 4387 779 4467 singuli
795 4390 963 4464 familiarem
978 4388 1043 4470 prf-

259 4506 325 4547 mns
353 4497 418 4547 erat
439 4486 542 4561 vilior,
563 4488 722 4548 successive
754 4490 956 4563 ascendentes,
978 4504 1043 4572 post

260 4589 396 4649 ultimum
407 4586 605 4659 familiarium,
618 4587 695 4651 lilius
705 4589 831 4652 dduncti
843 4592 954 4653 medius
969 4594 1043 4655 inter

261 4689 333 4750 duos
353 4689 494 4769 praelatos
514 4688 617 4750 Palatii
634 4709 652 4749 a
672 4691 814 4765 dexteris,
835 4703 863 4754 et
885 4690 1043 4756 Oratorem

261 4789 348 4870 iiegis
367 4791 539 4852 [ferdinandi
560 4790 698 4868 Siciliae,
720 4792 819 4855 deinde
836 4794 928 4856 frater
947 4795 1044 4857 uxoris

261 4891 389 4954 defuncti
413 4893 499 4952 etiam
521 4891 631 4953 medim
652 4894 726 4957 inter
745 4898 888 4975 praelatos
906 4896 1008 4957 Palatii
1025 4916 1044 4957 a

261 4992 411 5066 dexteris,
436 5005 466 5054 at
498 4990 654 5056 Oratorem
680 5012 697 5055 a
729 4997 858 5058 sinistris.
892 4997 968 5059 Tum
995 5000 1042 5061 alii

262 5094 383 5174 praelati
401 5106 430 5155 et
450 5091 590 5156 Oratores
610 5114 663 5157 suo
684 5097 792 5161 ordine.
807 5100 946 5163 Gandeiaa
963 5095 1045 5165 datae

263 5207 331 5258 sant
352 5194 495 5277 religiosis
515 5194 545 5255 in
565 5198 637 5259 ostio
657 5198 791 5261 basilicae
812 5201 995 5282 praedictae,
1015 5204 1045 5264 in

262 5299 348 5377 cujus
367 5299 493 5362 medium
514 5300 550 5359 ad
575 5302 673 5361 locum
703 5303 822 5363 solitum
848 5303 973 5381 positum
1002 5319 1046 5367 est

262 5401 373 5476 funus,
398 5412 427 5463 et
451 5401 511 5464 lilio
532 5421 567 5462 ac
587 5402 649 5463 aliis
669 5402 787 5465 funestis
807 5405 886 5465 circa
905 5404 1046 5467 stantibus

264 5513 412 5564 cantatum
439 5516 482 5567 est
499 5505 537 5566 fi.
553 5505 673 5567 hibero
693 5525 740 5565 sne
754 5506 887 5569 Domine
897 5529 910 5580 ,-
933 5508 1045 5569 interim

263 5606 403 5684 praelati,
423 5617 452 5667 et
478 5604 618 5668 Oratores
639 5605 756 5667 iverunt
776 5608 814 5668 ad
835 5607 959 5669 chorum
980 5619 1046 5672 ante

262 5705 358 5767 altere
379 5706 483 5769 heatae
503 5707 612 5773 itariae
633 5707 859 5783 canonicorum,
886 5720 915 5772 et
942 5712 1045 5782 ibidem

700 628 981 697 enarraremus
1000 628 1225 697 liiiiOOEiiTii
1244 625 1398 693 octavi.
1820 622 1882 686 tta

1096 779 1201 829 stantes
1219 764 1297 843 justa
1318 766 1434 836 altare,
1455 780 1556 824 versas
1574 761 1609 822 ad
1625 761 1768 841 praelatas
1787 757 1885 820 domi·

1094 888 1150 931 nus
1158 869 1263 929 Petrus
1277 867 1406 937 Marcus,
1424 863 1460 922 ii.
1481 861 1516 922 D.
1535 861 1693 923 Cardinalls
1707 861 1740 920 S.
1762 857 1883 938 Georgii

1096 970 1300 1050 cappellanus,
1326 982 1485 1025 sermonem
1514 962 1581 1023 lecit
1601 963 1636 1024 de
1664 962 1723 1021 vita
1755 959 1887 1038 defuncti

1097 1089 1178 1130 more
1199 1077 1344 1129 consueto.
1356 1064 1467 1126 Fuisset
1484 1062 1576 1141 magis
1594 1059 1794 1132 commodum,
1806 1058 1885 1137 quod
2004 1050 2009 1056 ’

1096 1170 1177 1232 linito
1197 1165 1376 1249 responsorio
1397 1182 1493 1225 sermo
1523 1162 1670 1242 incoeptus
1691 1170 1787 1231 emet,
1815 1160 1884 1236 quia

1098 1282 1199 1333 cantus
1213 1270 1331 1330 iliorum
1346 1265 1423 1326 hunc
1438 1263 1617 1344 impediebat.
1636 1261 1777 1322 Sermone
1791 1257 1885 1333 linito,

1098 1349 1202 1432 funesti
1223 1389 1241 1429 a
1260 1368 1318 1427 suis
1338 1368 1437 1426 amicis
1450 1384 1501 1428 nec
1519 1363 1662 1445 praelatis,
1673 1379 1726 1422 nec
1745 1357 1884 1420 Oratori-

1100 1473 1154 1533 bus
1174 1467 1318 1539 assoclati,
1342 1466 1491 1527 redierunt
1512 1465 1548 1524 ad
1570 1464 1698 1535 domum,
1710 1460 1841 1521 similiter
1855 1468 1885 1518 et

1100 1572 1244 1653 praelati,
1265 1565 1467 1645 Oratorssque
1499 1566 1536 1625 ad
1562 1564 1662 1625 domos
1681 1579 1747 1622 suas
1773 1560 1886 1621 reversi

1098 1683 1187 1742 sunt,
1207 1667 1305 1729 deinde
1326 1668 1412 1728 funus
1431 1677 1573 1746 portatum
1593 1673 1637 1725 est
1657 1674 1686 1723 et
1707 1659 1884 1740 depositum,

1100 1784 1245 1851 utsupra.
1271 1768 1404 1831 Mortuus
1432 1778 1529 1827 autem
1549 1774 1593 1827 est
1613 1765 1698 1825 domo
1722 1758 1842 1836 liciajoli
1857 1760 1886 1820 in

1098 1872 1200 1951 Burgo
1219 1889 1277 1931 non
1293 1871 1377 1947 ionga
1400 1887 1416 1928 a
1437 1870 1533 1949 platea
1556 1867 1587 1927 S.
1607 1865 1700 1938 l’etri,
1714 1881 1803 1943 quam
1818 1861 1888 1940 qui-

1099 1973 1165 2033 dem
1190 1971 1226 2031 D.
1246 1971 1386 2032 Antonius
1405 1970 1438 2030 de
1461 1968 1591 2030 Forlivio
1607 1966 1745 2029 Gamerae
1763 1963 1890 2043 aposto-

1100 2074 1171 2135 lieae
1190 2074 1314 2135 clericus
1337 2068 1521 2141 inhabitavit,
1541 2078 1570 2127 et
1590 2086 1623 2129 ex
1641 2066 1739 2128 eadem
1754 2065 1839 2127 domo
1852 2063 1889 2125 ad

1100 2175 1206 2235 dictam
1227 2172 1373 2234 basilicam
1394 2170 1561 2248 deportatus
1579 2179 1630 2229 est.

1143 2275 1195 2335 iiis
1213 2274 1314 2335 diebus
1334 2280 1432 2333 exorta
1454 2271 1552 2347 aliqua
1571 2268 1713 2331 eontentio
1730 2269 1804 2328 inter
1819 2284 1885 2327 ma·

1100 2376 1239 2455 gaiacum
1260 2374 1296 2434 D.
1317 2371 1474 2437 iohannem
1497 2370 1532 2429 de
1556 2369 1673 2430 Stadien
1701 2369 1842 2440 militem,
1861 2378 1891 2429 et

1102 2479 1262 2546 doctorem,
1280 2475 1355 2553 ligae
1374 2471 1509 2542 Svsviae,
1531 2471 1592 2532 sire
1619 2470 1651 2531 8.
1674 2468 1792 2549 Georgii
1811 2464 1892 2528 Oru-

1102 2586 1245 2645 torem,.et
1267 2574 1301 2633 D.
1324 2572 1446 2634 Petrum
1460 2568 1572 2639 Queich
1593 2570 1797 2650 Praepositum
1811 2569 1891 2630 illus.

1103 2677 1137 2736 D.
1152 2675 1270 2738 Comitis
1284 2673 1475 2735 Palatinensis
1491 2673 1562 2735 Rani
1577 2676 1711 2736 electoris
1733 2686 1801 2747 etc,
1812 2672 1894 2736 Ora-

1103 2787 1197 2839 torem
1215 2774 1252 2835 ad
1273 2773 1329 2835 SS.
1344 2773 1380 2834 D.
1404 2773 1438 2835 Ν.
1458 2773 1641 2848 destinatum,
1663 2794 1749 2856 super
1768 2791 1891 2855 praece·

1103 2878 1207 2939 dentis.
1222 2875 1315 2937 Ambo
1334 2875 1387 2956 ipsi
1408 2875 1590 2938 concorditer
1610 2876 1795 2938 differentiam
1810 2893 1892 2937 suam

1103 2978 1174 3039 mihi
1192 2979 1375 3051 remiserunt,
1393 2978 1432 3037 ita
1444 2976 1521 3054 quod
1539 2977 1715 3050 ordinarem,
1735 2973 1819 3056 juxta
1834 2994 1892 3038 cn·

1105 3082 1165 3141 riae
1194 3077 1427 3139 consuetudinem
1438 3120 1448 3151 ,
1469 3088 1497 3138 et
1519 3076 1685 3157 justitiam,
1706 3076 1773 3155 quis
1791 3095 1894 3139 eorum
2006 3153 2009 3165 .

1095 3178 1276 3260 praecedere
1293 3178 1419 3239 deberet.
1441 3175 1527 3238 iioiui
1545 3196 1619 3239 nnus
1646 3179 1812 3257 suscipere,
1842 3175 1894 3237 sed

1105 3281 1174 3356 disi,
1199 3299 1261 3342 rem
1280 3277 1336 3339 SS.
1356 3280 1391 3338 D.
1414 3276 1449 3338 Ν.
1472 3278 1547 3339 veile
1576 3294 1750 3358 proponere,
1773 3286 1803 3336 et
1830 3270 1896 3351 ejus

1106 3382 1273 3443 mandatum
1294 3379 1394 3441 deinde
1416 3380 1489 3441 velle
1503 3379 1605 3457 exequi
1617 3399 1628 3451 ;
1641 3378 1694 3458 ipsi
1713 3375 1897 3436 nihilominus

1105 3503 1160 3565 pro
1180 3501 1213 3545 ea
1235 3482 1292 3554 die,
1314 3499 1371 3558 qua
1391 3480 1462 3541 haec
1484 3478 1555 3538 mihi
1579 3476 1897 3550 dixeruntconcorda·

1107 3594 1176 3644 runt
1194 3582 1274 3662 quod
1291 3581 1325 3641 D.
1349 3581 1490 3642 iohannes
1511 3579 1696 3660 praecederet
1715 3579 1774 3639 sins
1794 3572 1898 3657 preju-

1107 3684 1181 3747 dicio
1192 3729 1200 3758 ,
1211 3683 1308 3746 deinde
1323 3683 1378 3753 aila
1401 3682 1445 3743 die
1464 3681 1651 3761 praecederet
1671 3679 1706 3739 D.
1719 3679 1824 3741 Petrus
1837 3678 1898 3740 sina

1108 3784 1285 3867 praejudicio
1296 3782 1410 3845 Domini
1419 3783 1576 3844 iohannis:
1599 3781 1669 3843 haec
1685 3780 1760 3842 inter
1779 3799 1809 3840 se
1827 3780 1900 3859 piu-

1108 3890 1165 3949 ries
1183 3888 1211 3945 in
1238 3886 1387 3967 cappella,
1419 3884 1498 3963 Papa
1525 3893 1683 3962 praesenta.
1704 3882 1773 3942 Fuit
1800 3892 1896 3942 autem

1109 3989 1180 4048 haec
1202 3987 1274 4046 iuter
1294 4004 1343 4047 eos
1365 4002 1460 4045 causa.
1480 3983 1582 4045 Dictus
1602 3984 1637 4043 D.
1653 3983 1794 4045 iohannes
1815 3981 1899 4042 Nun·

1109 4090 1166 4149 tius
1183 4098 1261 4159 erat,
1280 4086 1340 4147 sive
1363 4084 1474 4145 Orator
1489 4086 1563 4165 ligae
1585 4084 1617 4144 S.
1630 4083 1749 4163 Georgii
1774 4101 1825 4162 per
1842 4080 1899 4143 Se·

1109 4188 1273 4250 sanissimos
1294 4189 1501 4266 imperatorem
1524 4196 1553 4247 et
1572 4186 1681 4266 Regem
1702 4185 1899 4246 Romanorum

1109 4287 1295 4351 confirmatae
1316 4298 1346 4348 et
1366 4286 1523 4360 stabilitae,
1553 4287 1697 4348 institutae
1725 4304 1781 4368 pro
1799 4285 1899 4346 defen·

1109 4392 1187 4450 sione
1207 4400 1353 4450 terrarum
1375 4386 1568 4460 Germaniae,
1588 4387 1681 4449 Sacro
1696 4405 1816 4449 romano
1836 4386 1899 4447 im-

1110 4491 1190 4572 perio
1209 4491 1416 4564 subiectarum,
1428 4489 1463 4552 de
1482 4508 1539 4569 qua
1551 4489 1666 4569 quidem
1686 4489 1820 4569 ligatione
1833 4500 1902 4551 sunt

1109 4593 1240 4660 diarchia
1260 4593 1393 4655 badensis
1413 4592 1516 4655 Comes
1541 4592 1577 4655 de
1600 4590 1778 4670 Vitehergh,
1800 4601 1830 4652 et
1853 4589 1904 4650 alli

1110 4696 1273 4775 complures
1286 4695 1425 4769 Comites,
1446 4694 1578 4770 barones,
1599 4692 1714 4765 milites,
1730 4703 1760 4754 et
1780 4690 1899 4764 nobiles,

1109 4797 1211 4877 oppida
1240 4797 1352 4860 Utinen.
1385 4792 1426 4880 (l)
1455 4807 1484 4859 et
1510 4797 1567 4855 alia
1599 4797 1758 4877 complura.
1781 4793 1838 4854 Est
1870 4803 1900 4854 et

1109 4898 1201 4959 eidem
1213 4899 1381 4977 collegiatus
1396 4898 1433 4959 ii.
1445 4898 1479 4957 D.
1491 4896 1728 4978 lirchiepiscopus
1754 4896 1904 4975 hiagunti·

1111 5001 1219 5072 nensis,
1239 5000 1318 5060 iiius.
1341 4982 1542 5079 Sigismurrdus
1570 4999 1702 5059 Austriae
1732 4995 1903 5070 Archidux‚

1111 5110 1140 5159 et
1160 5100 1210 5159 alii
1229 5100 1391 5180 Principess
1406 5111 1436 5161 et
1456 5100 1599 5180 cumipse
1619 5097 1655 5158 D.
1689 5097 1833 5159 iohannes
1847 5113 1904 5157 non

1111 5203 1206 5262 solum
1228 5199 1338 5263 Orator
1359 5202 1433 5282 ligae
1454 5200 1615 5281 praedictae
1633 5207 1722 5273 emet,
1742 5197 1792 5259 sed
1813 5196 1899 5258 etiam

1111 5303 1308 5382 praefatorum
1321 5303 1536 5383 archiepiscopi
1548 5301 1782 5382 iiiaguntinensis,
1794 5309 1824 5360 et
1838 5298 1901 5360 Ar·

1111 5406 1258 5478 chiducis‚
1273 5408 1323 5484 qni
1342 5425 1397 5485 pro
1417 5404 1591 5484 expeditione
1605 5420 1657 5462 sua
1672 5419 1739 5462 suos
1755 5397 1899 5460 Oratores

1112 5508 1291 5570 ministratur
1309 5509 1338 5568 in
1358 5526 1425 5569 eum
1444 5508 1554 5576 iocum,
1574 5506 1602 5565 in
1624 5521 1683 5582 quo
1704 5503 1763 5582 ipse
1783 5500 1820 5560 ad
1835 5499 1899 5563 Ur·

1115 5595 1180 5671 hem
1202 5608 1311 5672 Orator
1331 5608 1429 5674 fuerat
1450 5607 1614 5680 destinatus,
1635 5615 1664 5666 et
1685 5620 1824 5663 unacum
1840 5602 1898 5680 liga

1115 5710 1209 5792 ipsum
1220 5711 1417 5787 ordinaverat,
1431 5722 1463 5772 ut
1480 5707 1722 5788 hisguntinansem
1739 5703 1901 5765 Palatinum
