4492 6859
700 636 984 702 PUNTiPlCd'PUb
1004 630 1232 700 mnrium
1252 628 1380 694 sum
1820 634 1886 696 bib

1094 788 1159 833 eam
1187 770 1277 842 uum,
1305 787 1381 849 quae
1407 787 1460 849 per
1478 780 1593 849 portam
1612 768 1747 835 batim
1777 772 1884 851 ducit,

278 881 372 942 iluito
392 878 500 941 clarinr
522 898 554 939 es
570 878 684 939 subdita
705 878 902 941 Pracsalibus.
1096 892 1149 952 per
1169 888 1259 950 qaam
1281 870 1350 932 dicti
1365 868 1532 933 enatantes
1551 871 1748 947 divertentes,
1766 872 1886 939 tiniae

233 984 291 1051 Uni
310 981 422 1043 virtute
440 978 508 1042 lieet
529 980 680 1042 nituerunt
702 992 830 1059 tempure
853 980 960 1058 prisce,
1095 972 1248 1053 Principe,
1269 972 1376 1036 ibidem
1405 971 1443 1032 ab
1463 990 1499 1035 eo
1518 986 1701 1037 recemrant
1712 998 1722 1049 3
1745 975 1884 1058 Princeps

275 1080 361 1142 iiand
377 1081 588 1141 uincuntaetas
606 1098 693 1158 φκιιι
716 1081 803 1142 modo
821 1089 919 1141 nostre
937 1075 1026 1138 sidet.
1096 1093 1168 1135 sero
1188 1092 1257 1135 cum
1284 1074 1345 1136 suis
1366 1091 1468 1135 sersus
1495 1084 1610 1153 portam
1637 1074 1884 1153 lateranensem,

234 1183 341 1259 Sesttp
359 1180 523 1248 Alexander
540 1181 687 1261 Hispanus
706 1182 819 1261 origine
837 1182 912 1247 celsa
1094 1175 1150 1237 iter
1163 1193 1249 1237 suum
1262 1186 1435 1256 prosecutus
1446 1194 1539 1255 nequae
1549 1177 1587 1239 ad
1605 1179 1755 1240 ecclesiam
1767 1179 1886 1243 batere·

278 1281 392 1361 Regnat
409 1292 439 1343 et
459 1281 555 1342 officio
573 1280 707 1361 iungitur
725 1281 871 1353 aethereos
1095 1294 1225 1349 oensem,
1242 1295 1276 1338 eo
1288 1274 1352 1353 ejus
1362 1276 1565 1358 principeiem,
1583 1281 1798 1344 etantesiorem
1810 1301 1884 1364 pne..

231 1377 869 1462 Quiprudennjustueconstanupiusatque
881 1380 1028 1443 modestus
1094 1389 1165 1451 turn,
1179 1389 1240 1440 tum
1253 1376 1615 1459 prolutoittgieudc,tum
1627 1383 1713 1444 etiem
1733 1384 1804 1462 qnia
1824 1383 1884 1446 duo

279 1484 340 1545 Pro
354 1483 464 1545 meritis
477 1492 559 1543 tento
572 1483 703 1545 culmine
716 1483 822 1562 dignius
837 1494 917 1557 creir
1095 1478 1264 1542 insomnes
1285 1479 1311 1539 ei
1332 1478 1449 1541 cbricm
1471 1481 1544 1541 ituri
1562 1499 1654 1560 usque
1667 1494 1749 1545 extra
1763 1494 1882 1564 portam

233 1583 299 1663 Epa
313 1583 506 1647 Christicolae
527 1583 655 1645 [lomina
666 1585 825 1663 persolvite
844 1596 944 1664 grates
1093 1580 1294 1659 praedictam,
1311 1580 1439 1644 noudum
1466 1582 1675 1664 applicuerant.
1701 1586 1821 1647 interius
1855 1594 1886 1649 et

1096 1682 1228 1746 carnium
1246 1694 1387 1748 veneunt
1400 1670 1515 1745 cisum
1529 1683 1728 1749 cardinalium
1747 1687 1885 1765 familiae,

1095 1801 1132 1845 ae
1165 1782 1334 1863 Principum
1368 1782 1511 1847 Oratores
1601 1787 1683 1851 Urbe
1706 1789 1883 1867 existentesp

1095 1883 1237 1947 venerunt
1255 1885 1385 1947 etiemci
1410 1885 1525 1947 obuiam
1550 1890 1710 1952 successise
1728 1891 1764 1952 [l.
1786 1892 1885 1955 tatius

1093 1986 1216 2048 Ursinus
1248 1986 1321 2048 lieu.
1358 1986 1475 2049 Domini
1513 1988 1673 2052 cardinalis
1705 1990 1742 2053 de
1772 1992 1887 2056 Ursinis

1095 2087 1270 2161 Germanus,
1289 2089 1325 2148 1).
1341 2086 1493 2150 Gerendus
1511 2088 1703 2164 Usuernaris,
1725 2091 1758 2151 l).
1777 2091 1883 2153 Dumi-

281 2190 478 2252 burianum
498 2190 555 2252 boc
587 2210 672 2253 mane
705 2192 807 2254 ttssse
841 2192 869 2253 in
891 2191 1027 2272 cappella
1094 2189 1178 2249 nicus
1199 2188 1317 2260 Uaria,
1349 2189 1450 2252 etalii
1472 2189 1591 2268 quidem
1613 2190 1747 2265 nabiles,
1777 2191 1830 2269 qui
1850 2210 1885 2253 cs

239 2291 388 2372 praedicta
412 2302 542 2371 quatuor
563 2290 705 2355 Oratores
726 2294 829 2367 Ducis
847 2292 1024 2366 Mediolani,
1092 2310 1169 2369 eqiro
1195 2290 1395 2353 descendentes
1424 2293 1587 2372 Principem
1617 2294 1753 2355 venerari
1777 2293 1882 2355 solue·

239 2392 373 2455 uidelicet
405 2410 502 2454 comer
531 2394 716 2468 Cdaaetuis,
754 2413 853 2466 eomes
893 2394 1026 2465 Slortia,
1095 2404 1175 2465 rante
1198 2392 1246 2453 sed
1261 2393 1400 2473 Princeps
1420 2394 1612 2473 eusrecipere
1634 2396 1804 2465 reeusarit,
1825 2392 1882 2453 nisi

238 2494 276 2553 l).
297 2493 455 2571 Carmine,
473 2504 504 2555 et
521 2493 608 2555 hon
630 2493 767 2565 bisinus,
788 2494 840 2572 qui
864 2495 928 2555 inca
943 2491 1026 2553 Ura·
1095 2493 1202 2554 iterum
1222 2511 1313 2570 equos
1335 2493 1562 2554 reaccenderent.
1591 2492 1761 2573 Expectarit
1791 2493 1883 2554 Pria·

238 2604 338 2655 torum
373 2595 517 2655 laicorum
553 2614 584 2656 se
622 2596 803 2657 haeserunt
841 2596 1028 2674 interrogari
1094 2611 1162 2673 ceps
1182 2612 1234 2673 per
1259 2593 1363 2653 boram
1398 2594 1442 2654 rel
1464 2594 1542 2653 cirea
1563 2610 1653 2671 eures
1679 2603 1882 2673 antepartum

237 2706 389 2774 propterte
412 2695 467 2755 S&
497 2695 531 2755 U.
563 2694 599 2756 N.
622 2714 660 2756 en
682 2696 836 2757 Sanctitati
857 2696 934 2758 Suae
961 2697 1029 2775 pia-
1093 2693 1233 2755 basilicae
1259 2692 1422 2773 praedictae
1451 2692 1653 2755 Cardinalium
1679 2693 1808 2756 duorirm
1831 2693 1884 2755 de·

239 2807 302 2856 eeat
316 2796 417 2875 primis
431 2796 546 2857 duobus
561 2797 605 2858 rel
620 2797 714 2857 tribus
731 2799 830 2858 iocum
845 2798 874 2858 in
886 2796 1028 2876 gradibus
1094 2806 1264 2875 pacatorum
1301 2792 1478 2866 adrentum,
1508 2794 1560 2873 qui
1586 2793 1700 2856 tandem
1726 2803 1793 2873 post
1827 2792 1884 2855 bo·

240 2896 307 2957 solii
327 2897 388 2969 sui,
408 2898 480 2977 ipsis
500 2897 593 2978 magis
614 2898 840 2973 convenientem,
859 2899 953 2973 dare3
974 2897 1028 2977 qui
1094 2914 1158 2957 rere
1184 2912 1243 2959 xxi
1268 2896 1311 2956 sel
1339 2894 1602 2966 cinanmomum,
1623 2892 1756 2957 videlicet
1782 2891 1877 2957 bers.
1921 2952 1925 2955 ,

239 2996 311 3056 mibi
343 2998 492 3077 respondit
522 2998 577 3059 sibi
609 3016 665 3060 non
696 3000 832 3078 plaoere,
865 3001 914 3062 sed
947 3001 1029 3078 quad
1092 2997 1212 3058 Domini
1241 2996 1346 3057 Mende
1366 2995 1483 3075 Regalis
1507 2995 1664 3076 Presbyter
1685 3005 1715 3057 et
1735 2993 1878 3058 temtus

236 3116 287 3158 eus
308 3098 337 3157 in
358 3097 435 3159 dicta
449 3098 572 3169 bancho,
589 3118 657 3160 eam
672 3101 737 3160 eliis
755 3098 931 3163 Oratoribus
948 3110 1028 3162 stare
1092 3100 1240 3161 Diaconos
1257 3098 1434 3170 cardinales,
1451 3108 1481 3159 et
1506 3097 1672 3176 Principem
1692 3114 1775 3158 mere
1795 3096 1883 3158 solito

236 3197 445 3276 permitterem.
1094 3208 1278 3279 receperunt,
1299 3198 1396 3277 ipsum
1415 3197 1489 3258 inter
1511 3216 1541 3259 se
1572 3196 1701 3259 medium
1733 3196 1882 3260 ducem

279 3300 365 3360 Paria
400 3299 548 3373 masnile,
580 3316 614 3361 x„
635 3300 797 3364 decembris
835 3304 864 3364 in
885 3304 1027 3378 diluculo,
1093 3299 1254 3376 Postquam
1289 3309 1461 3378 peruentum
1493 3309 1537 3359 est
1560 3297 1596 3357 ed
1626 3298 1751 3377 plateam
1781 3295 1882 3359 Sancti

238 3400 367 3477 equitari
386 3420 488 3461 sersus
507 3400 655 3461 ldariuarn
667 3422 723 3483 pro
733 3404 923 3467 instructione
934 3404 1028 3465 danda
1093 3400 1233 3461 lobannis
1263 3397 1485 3472 lausanensis,
1518 3398 1568 3459 ubi
1588 3408 1683 3460 matare
1702 3397 1770 3476 equi
1803 3396 1881 3459 aerei

238 3501 284 3569 ill.
298 3500 383 3561 Dcm.
401 3500 554 3562 Priderieo
572 3502 608 3563 de
621 3503 769 3583 ingen,
791 3504 920 3585 Principi
940 3506 1028 3565 Alte·
1093 3520 1162 3562 rum
1187 3500 1306 3563 &asom
1328 3500 1483 3574 cernitur,
1512 3510 1656 3561 uenerunt
1680 3498 1803 3578 praelati
1821 3498 1882 3559 Pa·

232 641 346 724 (titt)

234 780 331 843 Clanis
348 775 520 843 Cesaribus
538 775 683 855 quandam
703 790 823 857 repente
844 777 936 849 iuisd,

275 1684 405 1754 Quilibet
425 1697 454 1747 et
476 1696 610 1749 restrum
627 1696 723 1749 mente
741 1687 787 1766 pia
809 1699 940 1749 resonet:

235 1788 324 1850 Vivat
343 1785 503 1849 Alexander
525 1786 715 1848 celebrandus
737 1788 861 1867 inspice
881 1788 980 1869 Magni

277 1889 406 1969 Fastidio
425 1884 522 1963 major
544 1906 601 1948 non
622 1887 767 1968 probitate
789 1886 893 1965 maiar.

483 1989 585 2051 Assem

240 3618 353 3673 murae,
372 3600 510 3663 Serenus.
531 3602 706 3663 Perdinaadi
727 3602 844 3666 Siciliae
865 3616 895 3665 et
912 3605 1026 3665 Hieru-
1094 3603 1156 3664 lotii
1172 3620 1240 3664 utrm
1258 3602 1368 3663 familia
1381 3600 1488 3681 Papae,
1507 3618 1581 3679 quae
1596 3611 1624 3662 et
1643 3600 1696 3680 ipsi
1714 3599 1886 3681 Principem

241 3702 333 3761 ssim
362 3699 452 3780 Regis
472 3702 718 3782 secundogenito,
738 3703 863 3766 Romam
902 3715 1028 3766 ventura
1093 3722 1175 3766 more
1205 3703 1292 3765 solite
1312 3713 1507 3782 receperunt,
1524 3702 1560 3762 Ι).
1580 3702 1806 3765 bartholomaeo
1819 3701 1885 3781 epi-

238 3803 505 3883 superbarum,
527 3806 556 3864 in
578 3803 1026 3887 ejusingressuilrbisspenda
1092 3824 1181 3885 scopo
1215 3804 1423 3884 Segobriceuse
1458 3803 1601 3882 Magistra
1635 3803 1746 3864 llomus
1783 3801 1883 3882 palatii

241 3916 352 3977 erasit,
372 3903 408 3964 de
427 3922 489 3981 quo
507 3924 559 3983 per
580 3905 617 3965 D.
639 3905 781 3967 iacobum
800 3904 848 3987 (l)
865 3905 1027 3967 Pontanum
1092 3905 1269 3985 Apostoliei‚
1295 3906 1364 3965 iicet
1382 3903 1502 3981 quintus
1519 3904 1666 3982 praelatus
1684 3912 1770 3974 meet,
1792 3902 1881 3963 rerba

243 4004 370 4083 Regium
391 4005 420 4064 in
432 4004 512 4065 Urbe
528 4001 685 4065 Oratorem
706 4017 901 4077 asserentem,
923 4025 954 4066 se
973 4025 1028 4067 su·
1093 4007 1224 4067 iaciente.
1234 4002 1310 4065 eun
1318 4003 1453 4083 Principe
1468 4013 1552 4064 eram
1566 4012 1674 4082 septem
1688 3998 1883 4065 sliiUratorce

239 4124 292 4183 per
324 4103 380 4165 boc
409 4104 548 4183 speciales
586 4105 696 4167 litteras
723 4124 741 4165 e
770 4108 905 4185 praelata
937 4107 1027 4168 Prin·
1092 4106 1130 4166 ad
1150 4103 1351 4186 praestandam
1382 4122 1449 4164 cum
1475 4122 1512 4165 eo
1532 4102 1666 4165 Pcutidei
1692 4102 1884 4165 obedientiam

239 4206 305 4284 cipe
347 4205 510 4284 recepisse,
543 4205 607 4267 beri
638 4225 704 4267 aero
747 4208 828 4269 cirea
870 4209 1027 4271 mcundam
1058 4188 1063 4270 i
1093 4207 1195 4281 anissis
1218 4206 1349 4268 videlicet
1374 4204 1466 4267 Reus.
1498 4206 1526 4266 ln
1548 4205 1667 4267 Christo
1692 4205 1795 4266 Patres
1816 4203 1881 4266 Do-

240 4306 344 4366 noram
368 4306 481 4379 noctis,
501 4317 621 4385 rogatus
641 4308 764 4368 ineram.
787 4308 904 4389 lieperii
919 4308 1026 4370 ibidem
1093 4307 1163 4370 mini
1190 4306 1357 4369 Vincentius
1393 4306 1638 4386 drcbiepiacnpus
1665 4305 1880 4367 beberoutimrs

241 4406 405 4485 preessae
436 4405 623 4485 Principem,
650 4407 700 4468 cui
731 4410 814 4488 plene
833 4411 922 4470 retuli
944 4410 1029 4471 ardi-
1092 4420 1122 4472 et
1146 4410 1324 4482 manus,
1340 4406 1420 4469 Zeno
1437 4406 1468 4467 S.
1486 4406 1602 4479 blanci,
1628 4418 1656 4470 et
1682 4406 1882 4485 Hieronymus
1950 4461 1952 4465 ,

242 4525 306 4568 neta
333 4518 362 4567 et
383 4506 502 4568 ιιιοάιιιιι
524 4505 681 4580 introitus,
714 4518 744 4570 et
765 4509 937 4588 receptionis
957 4528 1028 4571 suae
1094 4510 1313 4573 Policastrensis
1342 4508 1491 4589 episcopi,
1510 4526 1545 4569 ac
1570 4507 1719 4568 lllustriss.
1738 4506 1880 4569 Dominus

243 4626 279 4669 ec
309 4625 436 4679 eornm,
457 4626 531 4685 qaae
562 4626 615 4687 per
635 4626 704 4669 eum
725 4608 803 4671 eirca
824 4610 881 4671 hoc
914 4611 1024 4691 agenda
1093 4611 1348 4675 Pranciseasllux
1363 4609 1526 4685 Grarinae,
1545 4619 1574 4671 et
1592 4606 1739 4689 Uepnriici
1763 4607 1880 4670 Uomim

243 4716 336 4768 mni·
1093 4715 1218 4779 ceretu
1243 4714 1449 4786 Persicorum,
1467 4710 1574 4793 lipsius
1593 4710 1727 4785 mnes,
1752 4719 1782 4773 et
1802 4710 1880 4771 ller-

282 4807 369 4868 Peria
391 4807 487 4880 terim,
501 4825 538 4869 ιι
553 4806 724 4883 decembris,
742 4810 822 4871 eirea
837 4810 940 4872 boram
955 4828 1025 4876 xrn
1095 4816 1275 4878 tholomaeus
1311 4815 1432 4875 Paleeae
1464 4814 1590 4875 Comites
1613 4811 1776 4892 sanctatis
1807 4828 1881 4888 (ιω

243 4908 373 4987 praelato
406 4905 534 4987 Principi
568 4909 712 4983 uenienti,
742 4922 886 4973 venerunt
911 4913 1029 4978 oesia-
1094 4918 1195 4979 ordine
1221 4917 1317 4979 debitc
1350 4917 1501 4977 collocari.
1517 4966 1519 4970 .
1533 4917 1566 4975 ln
1590 4915 1688 4994 prima
1719 4913 1785 4973 loco
1815 4922 1880 4991 post

243 5008 338 5069 ileum
358 5008 474 5069 Domini
494 5010 663 5072 cardinales
680 5010 902 5092 Neapolitanas,
922 5026 952 5077 et
972 5015 1029 5077 Se·
1095 5018 1260 5099 Principem
1272 5019 1308 5078 n.
1322 5018 1503 5080 vincentium
1515 5014 1772 5093 drobiepiseapum
1783 5012 1886 5073 tene·

245 5109 338 5171 neoda
352 5121 501 5187 umquem
516 5112 710 5189 particulares
727 5113 807 5174 illius
821 5115 918 5190 amici,
937 5134 1029 5194 usmis
1096 5122 1260 5195 rontinum,
1282 5120 1410 5181 medium
1429 5123 1503 5182 inter
1523 5115 1786 5196 drcbieplscopum
1802 5112 1881 5174 Tar·

245 5212 283 5271 ad
309 5210 468 5272 secandum
498 5211 613 5272 miliare
639 5223 721 5275 extra
741 5214 851 5277 Urbem
877 5227 906 5276 et
927 5217 1033 5288 uitrac
1096 5239 1280 5284 raconemera
1304 5221 1540 5282 Gubernatorem
1565 5216 1691 5281 Urbica
1717 5214 1826 5277 deurit
1852 5223 1883 5275 el

245 5312 297 5373 ubi
316 5312 479 5392 praelatum
501 5311 664 5392 Principem
696 5315 807 5378 bonore
838 5316 923 5377 solito
944 5335 1031 5377 reee-
1094 5323 1354 5404 Archippiscapnm
1372 5322 1603 5402 Saguntinuma
1628 5316 1759 5376 sinistris
1784 5315 1816 5374 in
1834 5334 1883 5377 aas·

243 5423 372 5492 perum,
393 5413 445 5492 qui
476 5414 554 5474 seuit
575 5413 649 5474 inter
672 5434 720 5477 eos
741 5415 852 5477 mins
879 5435 972 5496 usque
992 5418 1029 5479 ad
1095 5425 1191 5485 mundo
1216 5425 1252 5484 l).
1271 5425 1414 5486 &nonem
1441 5422 1605 5503 episcopam
1638 5417 1737 5479 &nell
1766 5416 1882 5490 limis

1096 5525 1225 5587 ικάἱιιιιι
1240 5526 1313 5587 inter
1331 5523 1591 5605 Arcbiepiscopum
1605 5519 1791 5582 Ουιιιιιίιιιιιιι
1810 5516 1881 5579 Pri·

243 5597 288 5606 .-

246 5746 270 5794 dn
284 5672 321 5793 (iti
338 5668 436 5719 Nomen
451 5666 567 5718 Pontano
579 5671 636 5719 erat
646 5666 769 5721 Jobouues
778 5669 907 5734 dociacus,
919 5676 947 5723 ut
960 5673 1029 5723 'alias

266 5757 290 5793 ns
303 5783 309 5794 .
582 5762 586 5770 ·

1096 5639 1202 5690 metent
1218 5627 1321 5688 Palatii
1342 5624 1502 5696 adesleb,
1523 5634 1552 5685 et
1565 5622 1732 5701 episcopam
1752 5618 1889 5681 [nmba··

1096 5729 1236 5802 ιίωιιιιιιι
1249 5727 1405 5792 Oraterem
1417 5725 1505 5806 tege
1520 5723 1662 5788 Prarruise
1674 5739 1694 5782 a
1706 5718 1836 5784 sinistris
1850 5721 1882 5782 ln
