4492 6859
242 513 248 527 ⁸
298 581 418 670 (etot)

300 723 396 784 noluit
417 723 492 784 inira
517 722 619 786 Credo
640 736 765 800 mutare,
786 747 821 790 ue
842 748 975 792 errorem
999 731 1095 812 ipsum

301 841 402 884 omnes
428 823 656 902 intelligerent,
677 845 764 904 quem
785 830 855 888 alias
886 832 972 909 pauci
998 833 1096 891 consi·

300 923 488 986 deraretunt.
518 926 612 985 Finita
634 937 689 986 etc.
715 929 910 1006 praefatione,
942 930 1003 990 Rex
1024 930 1096 992 sedit

795 588 1081 658 rottrtntcttttts
1103 591 1329 656 auuxtttuttt
1350 592 1476 657 snxrt.

1891 597 1952 662 att

1218 730 1375 792 Publicatis
1403 730 1618 808 indulgentiis,
1653 729 1780 812 laegatus
1814 732 1955 812 signando

1163 832 1255 892 altare
1276 831 1370 903 dixit,
1391 832 1544 893 Donrimrr
1566 834 1746 906 vobiscum,
1773 842 1802 892 et
1831 832 1956 895 dicendo

1165 931 1198 992 r'rr
1216 933 1382 1012 principio
1408 943 1477 993 ernt
1496 935 1621 995 verbnm
1642 944 1700 994 eto.
1722 933 1775 992 ivit
1806 934 1843 992 ad
1864 933 1952 994 laidi·

301 1017 376 1084 cum¹
393 1042 503 1084 corona
523 1025 631 1102 absque
653 1046 687 1087 eo
709 1028 786 1104 quod
816 1029 923 1089 diceret
946 1029 1095 1104 Sanctus,
1126 1009 1130 1146 Ι
1162 1035 1307 1106 storiam,
1329 1032 1461 1111 deposuit
1482 1045 1650 1112 paramenta
1679 1034 1774 1094 omnia
1796 1053 1902 1108 sacra,
1922 1045 1951 1095 et

301 1144 355 1204 per
377 1124 616 1185 inadverteutiam
638 1137 779 1207 utsupra
802 1127 857 1211 (l).
886 1131 1046 1191 incensatio
1066 1143 1095 1192 et

299 1225 467 1286 distributio
490 1227 567 1303 pacis
595 1228 670 1289 iacta
696 1229 816 1290 luerunt
837 1231 937 1292 ordine
960 1236 1094 1311 superius

299 1319 380 1399 dato,
395 1337 512 1405 excepto
534 1327 610 1403 quod
625 1327 660 1386 l).
679 1328 846 1390 Leouasdus
865 1329 1008 1412 Capociur
1023 1352 1094 1414 cap·

300 1428 433 1506 pellanua
454 1425 489 1486 de
511 1426 616 1486 bacuio
635 1430 771 1508 pastoraii
795 1433 946 1505 serviens,
965 1433 1016 1511 qui
1038 1452 1092 1511 pa-

302 1544 365 1588 cem
387 1536 451 1587 erat
474 1526 539 1584 aliis
560 1526 693 1601 daturus,
715 1549 771 1590 nan
792 1532 955 1611 expectauit
976 1533 1012 1591 l).
1033 1535 1093 1593 lr-

307 1626 521 1706 cbiepiscopum
542 1627 782 1707 Neapolitanum,
803 1651 838 1692 ex
858 1632 986 1711 eoquod
1019 1633 1091 1711 llegi

303 1747 375 1806 pace
389 1727 454 1786 data
468 1729 504 1787 ad
522 1729 620 1789 locum
635 1749 719 1790 suunt
736 1733 842 1807 rediit3
859 1736 905 1794 sed
921 1736 1015 1794 statim
1030 1737 1092 1796 riso

304 1827 383 1907 quod
405 1827 466 1888 llex
487 1848 586 1908 pacem
609 1844 784 1913 acceperat,
806 1835 883 1896 dedit
911 1855 1010 1915 pacem
1033 1836 1092 1896 Pa·
1122 1781 1127 1926 i

300 1929 447 1990 triarcltae
481 1932 684 2005 Antiocheno,
719 1944 748 1993 et
780 1936 844 1994 aliia
877 1938 1012 2016 praelatis
1038 1956 1091 1998 suo

298 2030 421 2091 ordine:
445 2049 480 2091 ex
502 2050 561 2109 quo
583 2052 660 2112 ego,
683 2033 738 2094 hoc
763 2035 845 2108 riso,
866 2037 1091 2116 Arcbiepiscopo

298 2131 450 2210 praedicto
471 2132 508 2191 ad
531 2133 627 2192 locum
651 2152 736 2194 suum
759 2153 878 2197 rererso
904 2136 967 2197 dedi
989 2156 1088 2216 pacem

297 2233 391 2294 eidem
414 2251 483 2293 cum
505 2233 580 2294 Pace
603 2234 710 2313 liegis,
743 2236 851 2315 etipse
883 2240 939 2298 alio
961 2239 1090 2317 praelato

297 2335 326 2394 in
348 2351 465 2394 scamno
487 2353 540 2393 suo
562 2346 590 2395 et
612 2337 659 2395 illc
681 2337 764 2399 alteri
782 2347 851 2408 etc,
867 2337 967 2398 deinde
984 2338 1088 2399 Pacem

296 2434 388 2513 ipsam
421 2434 452 2494 in
484 2439 577 2497 altare
605 2439 730 2514 reposui.
753 2437 814 2498 lien
836 2440 913 2499 venit
943 2439 979 2496 ad
1001 2458 1089 2500 coro·

300 2537 456 2607 nationem,
478 2537 708 2596 communicatus
724 2549 778 2608 est,
800 2547 829 2596 ct
849 2537 1019 2616 purificatus
1035 2558 1088 2598 or-

297 2635 361 2696 dine
384 2637 559 2715 supradicto.
580 2636 644 2697 lion
665 2637 833 2698 blidericus
854 2657 966 2718 semper
998 2639 1088 2719 tlepo-

295 2740 376 2811 auit,
396 2747 425 2796 et
448 2736 582 2816 imposuit
603 2736 677 2815 Regi
703 2755 842 2797 coronam
864 2749 894 2798 et
915 2750 1088 2818 sceptrum,

297 2847 326 2898 et
347 2855 468 2917 pomum
490 2837 527 2896 ab
548 2855 582 2897 eo
603 2838 712 2916 carpit,
727 2848 755 2898 ct
776 2837 801 2898 ei
817 2837 918 2899 deinde
938 2839 1087 2900 restituit:

298 2950 329 3000 et
350 2939 418 3016 quia
437 2939 472 2998 D.
488 2939 608 2999 Gentilis
630 2939 789 3018 Virginius,
810 2938 847 2998 ad
870 2940 1018 3000 tenendam
1036 2959 1089 3000 co-

297 3058 399 3100 ronam
414 3038 564 3118 deputatus
576 3038 633 3122 (2),
645 3059 700 3100 non
716 3040 814 3120 potuit
830 3053 948 3119 propter
965 3041 1088 3121 impedi·

1162 1135 1272 1214 accepit
1293 1151 1424 1212 cappam.
1447 1133 1566 1193 iuterim
1586 1134 1647 1194 Rex
1669 1144 1826 1195 coronatus
1845 1152 1949 1194 ascen·

1163 1232 1205 1292 dit
1227 1233 1262 1292 ad
1294 1235 1408 1305 altare,
1440 1234 1522 1311 print
1553 1235 1726 1313 corporale,
1757 1253 1792 1293 ex
1821 1234 1952 1294 manibus

1163 1332 1264 1412 legati
1280 1333 1466 1404 deosculato,
1498 1344 1528 1393 et
1553 1335 1684 1413 signatus
1712 1330 1796 1409 juxta
1818 1335 1948 1396 ordinem

1161 1436 1296 1513 superius
1317 1435 1449 1506 dictum,
1476 1445 1505 1495 et
1525 1435 1621 1508 sedit;
1656 1435 1761 1512 quibus
1785 1435 1826 1495 sic
1848 1435 1952 1495 seden-

1162 1535 1237 1596 tibus
1257 1536 1397 1597 Dominus
1411 1535 1555 1598 lohannes
1569 1535 1715 1597 Pantanus
1735 1536 1824 1614 Regis
1844 1535 1951 1596 Secre-

1161 1638 1261 1708 tarius,
1276 1657 1310 1698 ex
1326 1637 1451 1715 qttadnm
1471 1638 1595 1709 cedula,
1612 1655 1700 1715 quam
1720 1637 1850 1696 manibus
1867 1646 1949 1698 tene·

1160 1737 1220 1810 bat,
1232 1749 1310 1797 stans
1331 1738 1366 1797 ad
1388 1739 1532 1799 sinistram
1550 1738 1637 1818 Regis
1659 1740 1687 1796 in
1706 1738 1799 1817 gradu
1819 1737 1950 1798 inferiori

1159 1838 1281 1910 altaris,
1303 1839 1508 1917 pronunciarit
1530 1839 1564 1900 de
1587 1838 1676 1899 aerbo
1697 1838 1733 1897 ad
1757 1839 1900 1910 verbum,
1919 1847 1950 1899 et

1158 1938 1304 1997 Humidus
1336 1937 1425 2016 Regis
1458 1939 1494 1996 ad
1534 1938 1680 1999 sinistram
1715 1938 1838 2000 Pontuni
1872 1949 1950 1999 stans

1157 2038 1255 2097 eadem
1288 2038 1376 2100 rerba
1408 2040 1570 2100 strccessire
1604 2042 1823 2119 proclamabat,
1856 2050 1888 2100 ut
1909 2039 1946 2098 ab

1157 2139 1292 2199 omnibus
1326 2140 1579 2218 intelligerentnrr
1616 2159 1651 2200 eo
1683 2141 1770 2200 modo
1807 2140 1946 2219 praedixit

1158 2240 1305 2300 Pantanus
1338 2240 1427 2299 rerba
1460 2240 1587 2300 llcraldo
1620 2243 1821 2320 proclamanti,
1854 2251 1944 2321 prout

1152 2337 1356 2416 juramentum
1380 2340 1453 2419 llegi
1483 2342 1656 2420 perlegerat.
1678 2342 1823 2404 Sententia
1845 2355 1941 2402 autem

1156 2442 1429 2520 pronunciationurn
1450 2452 1479 2502 et
1494 2443 1755 2519 proclamationum
1778 2440 1945 2518 hujusmodi

1155 2540 1220 2601 suit.
1229 2538 1313 2608 Quod
1326 2539 1397 2612 liert,
1409 2539 1446 2600 ob
1457 2541 1614 2619 singularia
1626 2547 1728 2602 merita
1740 2552 1795 2604 etc.
1808 2542 1869 2602 Rex
1880 2543 1947 2603 iecit

1157 2644 1266 2704 crearit
1286 2653 1342 2703 etc.
1366 2641 1498 2701 illustris.
1518 2641 1553 2700 D.
1576 2640 1734 2701 Jobannem
1755 2641 1863 2720 llorgia
1876 2640 1943 2699 llu-

1156 2762 1219 2805 cem
1240 2741 1364 2804 Candiae
1387 2740 1552 2801 Sanctitatis
1573 2740 1609 2800 l).
1631 2739 1664 2800 li.
1688 2739 1802 2812 filium,
1824 2740 1949 2823 Prinoiq

1156 2864 1219 2926 pem
1249 2843 1443 2905 Tricatensem
1481 2841 1527 2924 (3)
1562 2841 1704 2904 Comitem
1733 2841 1946 2916 claremontis,

1154 2945 1297 3005 Comitem
1318 2943 1465 3017 Isauriae,
1482 2956 1511 3004 et
1532 2943 1673 3005 Comitem
1692 2943 1852 3005 Carinolae.

1197 3045 1269 3106 item
1290 3043 1375 3104 simili
1398 3044 1483 3105 modo
1501 3065 1553 3124 per
1575 3046 1661 3104 aliam
1684 3044 1827 3116 cedulam,
1842 3053 1875 3104 ut
1888 3060 1943 3103 su·

297 3151 427 3201 mettium
447 3141 592 3218 podagrae
616 3160 650 3200 ex
666 3140 793 3200 tlralamo
808 3141 960 3202 ambulare
973 3140 1088 3218 quando
1155 3165 1208 3226 pra
1231 3146 1452 3225 pronunciatam
1473 3155 1502 3206 et
1524 3147 1754 3225 proclamatum,
1775 3145 1837 3207 llcx
1857 3162 1943 3206 crea·

295 3253 361 3302 ante
395 3243 489 3301 altare
520 3241 674 3318 praemissa
703 3252 785 3301 eraut
805 3261 822 3301 a
842 3241 921 3320 Rege
943 3242 1088 3320 recipien-
1157 3247 1220 3319 rit,
1248 3247 1396 3307 constitnit
1416 3257 1470 3307 etc.
1504 3245 1541 3307 ob
1563 3246 1667 3306 similia
1687 3246 1802 3324 ‚merita
1824 3255 1879 3304 etc.
1901 3244 1945 3305 ll·

295 3343 353 3416 da,
375 3361 511 3404 coronant
546 3342 611 3402 Dan
633 3342 768 3403 tetradas
788 3344 919 3422 borgia,
940 3353 1087 3422 sceptrum
1157 3349 1279 3408 lustrem
1292 3346 1327 3405 tt.
1342 3346 1494 3406 lairadum
1515 3345 1624 3423 Borgia
1646 3341 1775 3420 ejusdem
1790 3341 1944 3404 SS.D.N.

294 3443 358 3504 non
391 3443 527 3515 licetur,
559 3455 587 3503 rt
619 3463 737 3523 pomum
771 3443 806 3504 D.
830 3444 973 3505 llenrictts
999 3462 1088 3523 prae-
1155 3447 1309 3509 llexandri
1328 3446 1424 3526 Papae
1438 3447 1484 3508 rt.
1500 3445 1585 3506 eriam
1601 3445 1703 3518 titium,
1719 3444 1754 3505 de
1771 3443 1946 3503 domama-

294 3547 364 3606 dicti
398 3547 543 3608 tenebant.
578 3547 669 3605 Finita
701 3547 811 3618 llissa,
840 3557 869 3606 et
892 3544 1088 3606 benedictione
1156 3551 1278 3631 goniae,
1299 3561 1327 3610 et
1344 3550 1411 3610 iecit
1428 3549 1524 3627 ipsum
1540 3547 1699 3627 principem
1718 3546 1867 3624 Squillati,
1883 3544 1944 3605 Co·

295 3668 345 3727 per
367 3647 509 3726 Legatum
533 3646 847 3726 duta,ipse1regutus,
871 3648 971 3725 vigore
994 3647 1087 3706 bullae
1119 3593 1122 3726 i
1156 3654 1254 3713 mitem
1277 3651 1425 3722 Curiatae,
1439 3661 1469 3711 ct
1482 3648 1574 3727 Regni
1594 3648 1709 3708 Siciliae
1724 3648 1796 3707 eitra
1812 3645 1943 3704 Pharum

294 3749 349 3808 sibi
372 3767 544 3820 concessae,
571 3749 634 3809 sire
655 3750 800 3809 iucnltutis
822 3749 898 3828 apud
920 3749 1012 3808 altare
1032 3767 1087 3826 ap·
1119 3731 1123 3778 ¹
1157 3753 1439 3823 Prothonotarium,
1460 3761 1488 3810 et
1509 3750 1785 3810 Loctrmtenentem:
1812 3766 1871 3825 quo
1893 3757 1942 3806 ta-

294 3869 395 3928 pensae
416 3850 548 3926 superius
570 3850 741 3926 registratae
756 3894 765 3922 ,
783 3851 920 3910 concessit
943 3849 1086 3926 plenarias

294 3950 491 4026 indulgentius
526 3968 599 4027 quus
630 3950 701 4009 Rev.
725 3951 810 4008 llom.
833 3949 995 4028 Stephanus
1027 3948 1087 4008 Ar·

294 4051 493 4128 cltiepiscopua
512 4050 711 4122 Putracensis,
730 4051 755 4109 si
778 4060 855 4111 recte
876 4052 1008 4123 melarini,
1030 4068 1087 4128 pu·

297 4150 418 4210 blicuait
439 4151 493 4209 sub
515 4147 684 4225 ltujusmodi
709 4151 813 4211 serbis.

338 4274 354 4304 e
374 4249 411 4309 El
433 4250 506 4310 Iler.
528 4252 556 4309 iu
577 4251 673 4312 Crista
693 4262 818 4330 putreat
835 4251 958 4330 Signore
979 4251 1086 4312 Joanne

301 4350 389 4410 titulo
415 4351 450 4410 tlc
475 4352 581 4411 Sancta
602 4351 732 4411 Susanna
749 4351 918 4432 presbytero
933 4351 1085 4412 Cardinule

295 4451 330 4512 dc
352 4451 518 4530 lllonregule
534 4451 608 4512 tlella
626 4453 699 4513 Sede
720 4453 883 4531 Apostolica
905 4450 1027 4531 Legata,
1047 4452 1085 4512 dci

294 4563 323 4611 et
346 4553 468 4613 concede
500 4571 550 4630 per
579 4556 682 4631 rigore
715 4553 788 4612 della
820 4553 931 4613 iacoltd
966 4555 1002 4612 ad
1022 4573 1084 4614 esso

295 4667 467 4709 concessae
490 4650 623 4709 ciascunu
646 4667 766 4728 persona
798 4651 848 4727 qui
870 4660 999 4728 presente
1021 4651 1085 4729 ple·

295 4751 375 4808 naria
395 4748 441 4808 de'
455 4751 520 4808 tutti
537 4752 647 4828 peceati
665 4752 840 4824 remissione,
854 4762 883 4812 et
909 4751 1083 4830 indulgentia

296 4851 325 4909 in
347 4850 442 4910 forma
465 4849 538 4910 della
561 4852 655 4912 cltiesa
677 4863 835 4911 consueta:
862 4864 980 4930 pregate
1001 4853 1083 4913 ltldio

294 4970 346 5030 per
369 4951 399 5010 lo
419 4950 500 5011 lelicc
518 4962 593 5012 stato
615 4953 689 5012 della
707 4951 820 5012 Santitri
839 4952 884 5012 del
901 4953 979 5031 Papa
999 4954 1083 5013 Alea·

295 5049 401 5109 sundro
423 5050 523 5125 Sesto,
545 5052 574 5110 di
607 5051 668 5111 Sua
690 5051 805 5112 Rea.rna
824 5052 981 5130 Signoria,
1009 5053 1081 5114 dalla

296 5148 407 5210 llaestri
429 5151 474 5211 del
497 5151 540 5212 lie
567 5152 685 5212 Alionso
698 5194 708 5224 ,
740 5162 768 5212 et
790 5150 864 5212 della
899 5151 930 5212 S.
952 5153 1082 5214 llomana

296 5249 398 5311 Cbiesa
419 5275 446 5311 tt.

339 5508 375 5562 (tl
392 5505 455 5554 Vide
473 5517 553 5566 supra
570 5519 626 5566 pag.
646 5507 697 5556 ³0³.

336 5587 371 5646 tat
389 5583 445 5644 rag.
461 5587 515 5634 tal.
533 5589 625 5633 auctor
641 5585 745 5634 dixerat
762 5585 903 5648 Virginium
925 5586 1078 5648 deputatum

295 5665 330 5714 ad
348 5666 487 5715 tenendum
506 5669 651 5727 sceptrum.

1157 3854 1221 3914 liter
1245 3853 1444 3933 pronunciata,
1466 3850 1539 3910 idem
1556 3850 1620 3910 Dan
1636 3847 1772 3909 lofredus
1790 3845 1944 3926 genuflexit

1155 3970 1254 4012 coram
1276 3952 1376 4030 Rege,
1399 3951 1451 4029 qui
1479 3951 1615 4030 imposuit
1635 3949 1691 4009 sibi
1722 3950 1858 4009 elmetum
1880 3949 1942 4008 sire

1156 4056 1288 4131 galcam,
1304 4063 1333 4113 et
1346 4062 1465 4129 accepto
1486 4069 1562 4121 ense,
1581 4049 1642 4109 Rex
1657 4068 1724 4109 cum
1745 4059 1852 4127 puncta
1867 4049 1943 4109 ensis

1155 4155 1257 4216 leuiter
1278 4153 1373 4231 tetigit
1392 4152 1504 4231 galeam
1536 4169 1626 4229 supra
1647 4168 1750 4210 aurern
1772 4148 1941 4221 sinistram,

1153 4263 1183 4315 et
1205 4254 1315 4314 crearit
1341 4272 1408 4314 cum
1430 4253 1550 4311 militem
1578 4250 1692 4311 dicens:
1715 4249 1809 4309 Iddio
1826 4259 1855 4308 et
1874 4247 1941 4308 Sua

1156 4354 1292 4435 Giorpr'o
1322 4353 1348 4413 n·
1377 4353 1485 4432 farcio
1505 4352 1609 4412 buono
1637 4349 1808 4411 cervoliero.
1835 4345 1942 4407 Deinde

1153 4454 1288 4534 imposuit
1310 4452 1362 4511 sibi
1386 4453 1488 4511 stolam
1505 4450 1599 4510 albam
1617 4468 1685 4511 cum
1705 4492 1829 4508 .....
1850 4463 1941 4524 supra

1153 4575 1211 4634 qua
1234 4555 1306 4615 stola
1322 4563 1388 4613 ante
1404 4552 1610 4631 impositionem
1629 4547 1744 4625 jurarit
1765 4547 1838 4607 celle
1858 4547 1943 4625 capi·

1153 4657 1214 4716 tula
1244 4656 1321 4714 illius
1342 4652 1485 4713 societatis
1506 4651 1671 4711 obserrarc.
1704 4648 1803 4717 Tum,
1826 4656 1941 4724 recepto

1151 4757 1188 4816 ab
1208 4775 1253 4826 eo,
1274 4765 1304 4815 et
1324 4771 1376 4833 per
1398 4752 1492 4830 ipsum
1514 4750 1578 4810 llon
1593 4749 1744 4810 lofredum
1765 4765 1853 4825 super
1875 4745 1940 4805 col·

1152 4858 1246 4917 lanam
1274 4871 1393 4913 auream
1426 4852 1570 4911 societatis
1600 4845 1771 4910 llcrmcllini
1803 4844 1940 4924 praestita

1147 4953 1340 5032 juramento,
1361 4951 1439 5029 quod
1460 4951 1527 5011 velit
1548 4951 1674 5028 capitula
1695 4942 1840 5009 societatis
1861 4944 1940 5004 illius

1149 5056 1320 5117 llermellini
1341 5053 1515 5124 observare,
1548 5049 1610 5112 Rex
1641 5047 1769 5111 eamdem
1797 5047 1938 5107 collunam

1147 5235 1182 5242 -ιι-
1191 5233 1360 5241 ---—.——-
1368 5229 1575 5238 —.-—·—.-—-
1592 5231 1595 5236 .

1190 5340 1227 5400 (3)
1240 5338 1267 5386 la
1284 5338 1396 5400 epistola
1413 5349 1460 5385 sua
1476 5334 1606 5384 lebannes
1623 5333 1723 5396 llorgie,
1734 5343 1803 5380 anuo
1816 5329 1884 5386 libb,
1900 5329 1937 5392 (ia

1151 5431 1207 5468 mea
1223 5417 1393 5476 Bibliotheca)
1409 5417 1447 5464 sic
1464 5427 1524 5463 seso
1541 5413 1655 5474 appellat
1671 5413 1714 5460 to.-
1731 5409 1815 5470 Borpo
1832 5405 1940 5456 Curatur

1149 5497 1306 5556 Candidaque
1323 5495 1394 5554 Dur,
1412 5492 1553 5554 Tironiana
1569 5491 1689 5552 Princeps
1704 5501 1735 5538 oc
1752 5486 1828 5548 llepnl
1841 5484 1942 5540 Siciliae

1148 5577 1235 5636 ntapnt
1246 5575 1428 5624 Comestobilis.
1446 5571 1596 5634 Lugendum
1609 5570 1688 5632 igitur
1700 5567 1876 5624 turonensem,
1887 5575 1940 5612 nou

1151 5656 1326 5706 Tricalcnstnt.
