4492 6859
360 756 493 821 bissinis
510 772 561 836 per
580 751 722 832 Campum
741 749 858 822 1114444,
879 749 1002 828 plateam
1017 746 1147 807 ludaeo-

357 879 450 931 rum,
470 867 500 920 et
524 864 641 937 portam
669 851 769 914 Sancti
796 849 882 911 Pauli
907 848 995 911 exivit
1022 846 1145 920 Urbem,

360 961 473 1042 galeam
503 959 532 1018 in
560 953 695 1019 441448.
723 952 833 1026 Pauli,
854 968 922 1014 cum
944 949 1055 1011 duabus
1082 948 1146 1010 aliis

357 1062 450 1143 galeis
480 1058 585 1120 ibidem
615 1073 673 1137 pro
700 1053 809 1116 familia
835 1072 887 1115 aaa
915 1051 1022 1133 paratis
1049 1052 1145 1131 ipsum

355 1173 565 1245 expectantem,
578 1169 608 1221 et
622 1156 676 1218 sibi
696 1166 827 1237 paratam
850 1155 1024 1225 intraturus,
1045 1162 1074 1213 et
1091 1169 1145 1232 per

359 1282 441 1325 44444
459 1260 608 1341 Neapolim
628 1257 786 1320 rediturus.
803 1255 842 1316 Et
858 1273 925 1315 carn
940 1253 1012 1314 lter.
1029 1252 1145 1313 Domini

357 1358 782 1439 Cardiualeslleapolitenuset
804 1355 947 1430 senessia,
957 1355 1045 1434 Regis
1057 1372 1146 1432 prae·

356 1465 425 1527 dicti
443 1474 472 1527 44
492 1464 538 1525 sui
558 1461 720 1541 singulares
746 1458 833 1519 amici
847 1501 856 1528 ,
872 1458 921 1536 qui
944 1457 1025 1536 prius
1051 1457 1145 1515 naulae

359 1563 505 1627 cuiusuis
525 1560 638 1623 familiis
655 1557 859 1629 ascenderant,
880 1567 909 1619 et
927 1553 1010 1632 juxta
1030 1565 1144 1635 partam

357 1665 456 1728 Sancti
484 1662 570 1726 Pauli
602 1658 668 1738 ejus
700 1646 845 1724 recessum
872 1656 1081 1739 expectabant,
1112 1667 1145 1718 ut

356 1766 422 1827 inde
451 1768 544 1845 ipsum
569 1761 605 1822 ad
626 1762 723 1841 galeas
755 1759 917 1841 praedictas
945 1758 1144 1829 associarent,

358 1868 558 1929 intellexerunt
579 1864 693 1923 nullum
714 1861 811 1923 adesse
829 1881 863 1923 ex
877 1860 941 1921 litt.
957 1859 1022 1920 Dll.
1036 1857 1146 1920 cardi·

357 1968 470 2031 nalibus
491 1966 604 2027 nomine
625 1963 747 2043 Collegii
765 1962 965 2025 cardinalium
995 1972 1025 2023 et
1052 1976 1146 2038 neque

353 2069 460 2132 Montis
478 2067 610 2148 Regalis,
629 2084 721 2145 neque
736 2064 905 2137 Ascanium,
928 2065 978 2142 qui
999 2061 1070 2123 alias
1087 2076 1145 2141 pru
1177 2090 1181 2104 ·

356 2172 522 2252 receptione
539 2168 680 2230 adrentus
696 2166 742 2227 sui
757 2164 793 2224 ad
808 2164 864 2226 hoc
885 2164 1007 2224 luerunt
1021 2180 1072 2241 per
1087 2159 1144 2220 SS.

354 2270 391 2333 D.
413 2270 448 2331 ll.
469 2280 499 2331 et
517 2267 680 2347 Collegium
702 2265 883 2345 praedictmn
905 2262 1047 2342 deputati,
1063 2278 1146 2322 coru·

355 2372 498 2432 miserunt
510 2368 593 2442 milri,
604 2365 791 2446 quatenusad
814 2368 952 2446 palatium
965 2362 1144 2442 praedictum

356 2471 393 2532 ad
418 2470 571 2551 Apostolos
597 2469 782 2546 equitarem,
802 2478 831 2529 et
852 2467 1005 2528 veritatem
1030 2464 1073 2524 rei
1097 2464 1145 2522 in·

356 2573 518 2652 colligerem
538 2587 575 2630 an
599 2578 629 2631 et
655 2568 705 2647 qui
735 2567 903 2631 cardinales
924 2568 1020 2664 ipsum
1051 2574 1146 2626 essem

354 2672 479 2752 cnliegii
499 2672 612 2733 nonaine
638 2687 729 2750 usque
753 2670 789 2728 ad
815 2668 904 2732 Urbis
924 2678 1040 2748 portam
1061 2683 1146 2726 asso·

357 2773 466 2835 ciaturi
488 2790 544 2853 pro
573 2788 681 2843 morc;
708 2770 758 2831 ubi
783 2786 852 2831 eum
882 2768 1079 2830 intellexissem
1107 2765 1145 2826 ab

355 2874 436 2937 liius.
461 2872 662 2934 Dominatione
692 2889 745 2933 aua
777 2872 867 2951 ipsam
900 2870 979 2931 circa
1012 2868 1144 2946 quintam

355 2976 460 3039 lauram
481 2973 576 3036 noctis
595 2974 767 3054 praeteritae
785 2991 802 3033 a
824 2972 856 3033 S.
880 2971 917 3033 D.
935 2969 972 3031 tt.
998 2970 1143 3031 licentiam

355 3078 510 3159 recepisse,
528 3088 559 3140 et
578 3094 671 3155 neque
691 3086 773 3148 tunc,
792 3092 885 3154 neque
904 3072 1044 3152 usquein
1064 3074 1143 3133 illam

356 3197 487 3242 44444444
516 3177 563 3239 sui
593 3177 774 3240 intellexisset
795 3177 923 3256 aliquem
942 3194 978 3239 ex
997 3174 1145 3238 cardine-

356 3279 432 3341 libus
449 3281 543 3361 ipsum
562 3280 774 3342 associaturum
789 3323 799 3353 ,
816 3279 977 3359 significari
998 3279 1028 3338 id
1049 3277 1143 3338 llere.

356 3378 488 3444 Dominis
516 3376 703 3460 Neapolitano
721 3392 748 3442 et
770 3380 888 3443 Senensi
916 3379 1144 3453 cardinalibus,

356 3483 433 3544 intra
446 3480 568 3542 Portam
579 3480 668 3543 Urbis
676 3478 762 3557 juxta
773 3480 910 3554 lilontem,
920 3480 1052 3541 omnibns
1065 3491 1143 3540 terra

355 3580 581 3661 expectantibus,
592 3581 643 3657 qui
656 3579 850 3641 decreverunt
871 3579 1037 3660 Principem
1056 3598 1145 3658 prae·

356 3682 449 3741 latum
486 3680 588 3748 subtus
617 3681 769 3742 ecclesiam
800 3680 900 3741 Sancti
933 3681 1025 3743 4414411
1058 3680 1142 3759 juxta

358 3780 464 3843 flumen
485 3780 616 3861 recipere
633 3824 642 3852 ‚
662 3792 691 3843 et
711 3793 744 3841 ut
767 3780 963 3862 praemittitur
988 3781 1142 3842 associare.

355 3879 422 3961 Ego
442 3880 479 3942 ad
499 3880 663 3961 Principem
686 3880 781 3955 redii,
801 3890 831 3943 et
852 3881 986 3944 ordinato
1001 3880 1065 3960 ejus
1092 3898 1143 3941 re·

355 3996 449 4057 44444,
468 3993 609 4063 pervento
629 3981 666 4043 ad
686 3983 784 4043 lacum
811 3982 1017 4063 praedictum,
1036 3981 1143 4046 cardi-

354 4082 434 4144 nales
464 4082 587 4162 praeisti
613 4083 718 4144 ibidem
754 4084 849 4164 ipsum
886 4097 1085 4165 receperunt,
1113 4095 1143 4145 et

353 4182 479 4246 laterae
498 4185 627 4247 medium
648 4184 829 4247 deduxerant
848 4204 943 4265 nsque
969 4184 1006 4246 ed
1033 4187 1143 4264 galeas,

355 4288 385 4349 in
405 4291 471 4351 loco
491 4306 581 4370 supra
602 4286 766 4368 specificato
786 4290 882 4367 ipsum
904 4297 1093 4367 expectantes.
1109 4287 1143 4346 ln

355 4389 430 4451 locis
451 4391 561 4451 strictis
582 4389 736 4470 praecessit
756 4388 905 4469 Princeps,
926 4400 957 4451 et
974 4388 1143 4451 cardinales

356 4490 452 4570 ipsum
473 4489 564 4551 secuti
584 4499 663 4561 sunt,
674 4489 749 4550 iacta
769 4500 862 4551 tamea
877 4509 927 4569 per
943 4490 1037 4568 ipsum
1052 4489 1143 4550 Prin·

356 4589 450 4671 cipsm
469 4588 667 4652 honestissime
688 4591 857 4652 resistentia.
873 4591 1036 4652 4444444144
1050 4590 1107 4652 luit
1125 4611 1142 4651 a

355 4689 474 4752 familiis
504 4699 534 4751 et
559 4690 694 4771 praelatis
724 4691 852 4751 omnium
887 4690 1085 4752 Cardinalinm
1114 4703 1143 4753 et

355 4789 419 4852 aliis
453 4789 611 4870 praelatis,
644 4790 867 4871 quampluribus
899 4791 1078 4862 curialibus,
1113 4804 1142 4852 et

357 4888 485 4953 Oratore
502 4891 750 4954 Florentinorum.

398 4992 623 5056 Praecesserunt
650 4993 744 5073 ipsum
770 5001 838 5054 octo
870 4991 951 5071 Pagii
971 4992 1039 5062 sui,
1062 5010 1143 5055 more

357 5094 525 5155 Alemanico
553 5090 773 5173 allegerica,
798 5112 832 5154 ac
853 5092 1009 5155 Bobemica
1030 5093 1141 5164 restiti,

357 5216 475 5273 arcum,
496 5208 653 5279 scopatam,
673 5216 768 5259 ensem
787 5209 817 5260 et
837 5198 892 5260 alia
914 5197 1057 5278 quaedam
1088 5218 1142 5260 or·

357 5312 500 5371 armenta,
519 5300 607 5379 perlis
624 5311 653 5362 et
672 5303 792 5379 gemmis
813 5299 950 5380 preciosis
971 5313 1071 5361 ornata
1082 5346 1091 5375 ,
1112 5302 1141 5361 in

358 5399 487 5460 menibus
507 5399 640 5463 terentes.
659 5400 804 5463 Perranto
825 5401 861 5461 ad
883 5400 977 5482 ripam
999 5400 1141 5474 fluminis,

358 5498 407 5559 ubi
425 5501 569 5575 triremes,
580 5502 639 5562 sire
654 5502 752 5581 galeae
766 5502 961 5582 expectabant,
973 5501 1142 5565 cardinales

356 5600 487 5682 Principi
506 5601 535 5661 in
558 5601 642 5664 mulis
663 5605 725 5665 raie
746 5603 1020 5685 dixerun13qnibus
1042 5616 1140 5666 retro·

357 5701 523 5766 cedentibus
551 5715 580 5764 et
606 5704 642 5763 ed
663 5703 774 5767 Urbem
794 5707 1029 5778 revertentibus,
1052 5704 1139 5766 Prin·

826 609 1130 692 ,PONTlFlchUS
1152 611 1377 676 scendunt
1397 611 1525 678 suxit

1897 616 2006 699 (44444

1216 764 1285 827 ceps
1305 747 1427 808 intrarit
1445 748 1605 820 triremem,
1629 758 1659 811 et
1674 752 1810 825 recessit,
1828 752 1959 815 remissis
1973 756 2009 816 ad

1213 847 1324 910 Urbem
1344 866 1422 925 aqua
1436 866 1491 910 suo
1512 859 1542 909 44
1561 850 1644 923 41144,
1673 854 1724 931 qni
1746 872 1798 933 per
1821 864 1938 915 terram
1959 874 2006 918 se·

1213 950 1311 1027 quenti
1333 950 1378 1011 die
1399 951 1494 1029 ipsum
1516 954 1630 1030 sequuti
1649 966 1726 1015 sunt.

1255 1048 1393 1123 Sabbato,
1414 1050 1583 1113 duodecima
1603 1052 1745 1131 januarii,
1766 1055 1840 1116 bora
1865 1076 2008 1135 respers-

1213 1167 1280 1209 rum
1299 1160 1441 1211 4444444444
1458 1169 1535 1213 nora
1556 1152 1630 1215 Rev.
1653 1155 1688 1216 D.
1708 1155 1856 1218 cardinali
1874 1156 2008 1230 8444441,

1211 1248 1301 1311 144444
1323 1252 1478 1314 memoriae
1509 1254 1665 1315 Antoniana
1696 1256 1951 1320 Plccoiomineum
1971 1261 2005 1323 dc

1212 1347 1358 1431 dragum,
1380 1352 1489 1415 Ducem
1506 1355 1751 1435 Antelpbitanum,
1770 1358 1897 1421 fratrem
1919 1379 2006 1421 suum

1212 1462 1282 1512 natu
1315 1454 1476 1533 majorem,
1501 1455 1577 1517 diem
1609 1460 1745 1521 clausisse
1778 1472 1947 1523 extremum
1978 1464 2006 1523 in

1213 1565 1296 1616 nocte
1331 1559 1461 1635 sequenti
1490 1558 1564 1620 diem
1582 1559 1662 1638 juria
1691 1564 1822 1642 proxime
1857 1566 2007 1644 praeteriti

1213 1655 1242 1714 in
1245 1700 1429 1719 ........
1453 1659 1501 1719 4141
1523 1661 1568 1722 die
1590 1666 1729 1724 mercurii
1756 1665 1886 1726 secunda
1912 1664 2006 1743 liujus

1213 1756 1352 1819 inciderat
1381 1757 1576 1822 tnurmtnrem
1606 1764 1773 1841 quendam,
1798 1786 1832 1829 ex
1859 1786 1920 1845 qua
1941 1768 2009 1849 plus

1212 1855 1367 1935 mingebat,
1379 1875 1467 1936 quam
1483 1860 1608 1935 bibebat,
1629 1881 1698 1925 cum
1719 1865 1800 1928 iebre
1816 1876 1924 1940 senta,
1934 1888 2008 1947 quae

1211 1955 1262 2016 sibi
1284 1969 1407 2019 mortem
1426 1961 1532 2022 attulit.
1555 1962 1727 2041 Requiescat
1749 1967 1778 2025 in
1800 1986 1883 2046 pace.
1909 1969 2010 2048 igitur

1213 2057 1310 2135 piures
1324 2077 1358 2119 ex
1374 2056 1437 2119 itit
1452 2059 1516 2121 DD.
1526 2061 1739 2138 cardinalibus,
1749 2066 1916 2146 praefatum
1937 2067 2009 2129 lter.

1212 2156 1246 2218 D.
1281 2157 1462 2221 cnrdinaiem
1498 2162 1652 2225 senensem
1688 2167 1834 2227 consolari
1873 2167 2009 2230 volentes

1211 2256 1305 2336 ipsum
1326 2259 1488 2333 visitarunt,
1507 2262 1611 2324 diebus
1630 2276 1661 2325 et
1682 2266 1784 2327 ordine
1805 2265 2009 2349 infrascripta:

1212 2355 1353 2419 dominica
1379 2376 1460 2420 xsrrt.
1480 2357 1610 2438 januarii
1632 2374 1696 2444 post
1717 2366 1898 2445 prandium,
1930 2368 2005 2432 ller.

1210 2457 1247 2518 D.
1270 2460 1433 2525 cardinalis
1459 2461 1559 2524 Sancti
1580 2464 1714 2546 Georgii,
1743 2467 1846 2530 deinde
1868 2468 1950 2531 lter.
1971 2470 2006 2532 D.

1211 2558 1370 2622 Cardinalis
1381 2561 1593 2642 Neapolitanus,
1609 2579 1672 2646 post
1692 2568 1777 2629 illum
1792 2568 2007 2632 4444444144-

1211 2661 1265 2722 sis:
1285 2663 1370 2724 lunae
1402 2679 1487 2726 xrrrr.
1506 2663 1636 2740 januarii
1660 2669 1883 2731 Reuerentanus
1908 2684 1941 2734 et
1969 2673 2004 2735 dc

1212 2759 1353 2823 columna
1385 2765 1471 2826 simul
1506 2779 1570 2828 ante
1597 2769 1760 2848 prandium.
1785 2770 1904 2841 nutias
1937 2792 2006 2835 cum

1212 2859 1285 2922 Ber.
1318 2863 1353 2925 l).
1375 2863 1493 2927 8444441
1514 2868 1711 2943 existentibus,
1736 2881 1766 2933 et
1797 2871 1873 2933 ller.
1904 2873 1943 2935 D.
1975 2876 2008 2937 de

1211 2960 1433 3025 Columnarum
1453 2965 1570 3030 Senensi
1589 2972 1776 3033 concordiam
1798 2975 1876 3036 inter
1899 2977 2008 3039 iratres

1212 3060 1302 3125 144444
1320 3067 1476 3127 memoriae
1497 3067 1634 3129 lobannis
1654 3070 1798 3151 Baptistae
1822 3074 1860 3136 dc
1891 3078 2008 3157 (14444-

1212 3164 1275 3225 44444
1296 3166 1420 3245 episcopi
1447 3166 1600 3242 Firmani,
1623 3182 1653 3232 et
1673 3167 1837 3233 Oratorum
1859 3179 2005 3237 curamu-

1212 3265 1307 3326 nitatis
1328 3266 1419 3327 Firmi
1433 3264 1479 3349 (l)
1494 3271 1695 3345 tractantibus,
1707 3286 1852 3336 venerunt
1862 3275 1929 3336 itit.
1946 3278 2007 3338 111).

1800 3476 2001 3488 ..ο-

1252 3574 1665 3635 (11444441444444444144414444
1673 3579 1867 3640 Tudescbinna,
1875 3581 2006 3632 0444144·

1212 3654 1245 3704 114
1256 3654 1390 3715 senensis,
1402 3668 1458 3705 rem
1468 3668 1569 3712 sacram
1578 3656 1759 3710 Firmanorum
1769 3659 2005 3713 administrandam

1212 3738 1328 3797 suscepit
1346 3748 1414 3785 anno
1432 3738 1492 3790 1444
1515 3737 1558 3790 444
1575 3737 1620 3789 XV
1633 3740 1718 3801 lunii,
1734 3739 1798 3789 sixti
1816 3739 1846 3790 lv
1871 3739 2002 3791 Pontidcis

1211 3813 1318 3863 idaximi
1329 3815 1503 3874 auctoritate,
1519 3814 1637 3867 1444444
1654 3817 1771 3880 Baptista
1783 3817 1933 3881 capranica
1951 3820 2005 3881 epi·

1211 3906 1292 3957 scopo
1309 3893 1394 3944 adbuc
1422 3896 1447 3944 14
1473 3896 1543 3946 41414
1570 3896 1690 3958 4444444.
1713 3897 1750 3948 lia
1776 3909 1828 3961 que
1863 3898 1899 3949 de
1926 3911 2004 3949 cansa

1211 3972 1358 4024 0444144114
1373 3974 1497 4028 Senensis
1514 3988 1574 4026 cam
1592 3976 1725 4028 cardinali
1742 3978 1870 4028 04144444
1887 3978 1923 4030 de
1941 3992 2004 4043 pace

1211 4056 1279 4116 14444
1296 4054 1429 4103 civitatem
1457 4053 1535 4105 Firmi
1559 4058 1586 4105 44
1610 4056 1708 4108 1444444
1724 4057 1757 4108 da
1783 4056 1932 4120 Capranica
1950 4071 2002 4109 rem

1210 4131 1329 4196 44441441.
1348 4132 1399 4183 sed
1421 4132 1503 4182 444144
1532 4133 1644 4185 4414111444
1665 4134 1810 4186 1144444444
1835 4135 2004 4199 explanatio·

1211 4224 1270 4262 nem
1287 4211 1596 4276 (1441444444144441444
1613 4213 1773 4266 fracessetti
1794 4214 1820 4264 ln
1846 4213 1940 4265 libello
1956 4215 2006 4266 Nn·

1210 4290 1271 4342 41444
1285 4291 1392 4342 stertet·
1408 4291 1475 4342 della
1490 4291 1551 4342 eittd
1566 4292 1594 4343 dl
1609 4281 1701 4344 Parnm
1721 4293 1816 4344 44414114
1829 4294 1859 4343 h
1880 4305 2005 4356 44444444·

1210 4371 1252 4423 ‹lto
1279 4375 1316 4422 444
1340 4384 1395 4421 rem
1422 4374 1586 4437 perstringit.
1608 4392 1618 4414 ·
1645 4373 1700 4424 1114,
1727 4374 1839 4425 Battista
1855 4372 2004 4437 Capranlca

1211 4450 1239 4501 lu
1255 4452 1298 4502 nei
1316 4452 1377 4502 1444
1394 4454 1500 4510 444144,
1516 4464 1530 4502 4
1547 4456 1646 4515 4444444
1664 4453 1733 4503 44114
1760 4453 1878 4504 14444444
1895 4452 1923 4504 44
1939 4465 2001 4504 4444

1211 4529 1313 4580 444441.
1328 4529 1436 4580 11144444
1448 4531 1573 4593 alquanto
1582 4529 1680 4581 dubbia
1698 4531 1721 4581 14
1733 4531 1860 4592 4444444.
1877 4532 1929 4581 4144
1941 4529 2002 4595 pulc

1211 4608 1358 4673 4441444441
1380 4607 1431 4670 ligii
1456 4608 1482 4657 dt
1499 4607 1610 4658 44141444
1627 4607 1735 4666 444441,
1760 4607 1866 4659 emolli
1892 4609 2003 4661 de'snol

1210 4680 1367 4752 4444441,4’
1385 4688 1438 4739 4414
1455 4699 1575 4738 secesso-
1600 4687 1635 4737 44
1653 4688 1814 4748 tradicione,
1831 4688 2003 4740 4144144441

1210 4768 1392 4831 deli'llgbeiiio
1408 4769 1536 4830 4444444414
1553 4768 1594 4817 441
1611 4767 1746 4828 04441441,
1762 4780 1878 4819 4444444
1897 4769 1999 4832 cb'sgli

1210 4846 1280 4900 14444
1297 4860 1423 4909 44444444
1435 4848 1461 4896 14
1479 4847 1529 4895 mal
1542 4851 1624 4909 punto
1641 4860 1689 4897 con
1707 4861 1758 4897 una
1770 4846 1847 4898 dama
1863 4846 1892 4898 di
1911 4848 1998 4913 quella

1210 4940 1278 4977 4444.
1306 4926 1464 4977 1104441444
1489 4927 1644 4977 4144444114
1668 4925 1726 4976 (1144
1746 4927 1937 4982 144444444,4
1963 4939 1996 4977 44

1210 5007 1353 5057 414444414
1379 5007 1455 5069 colpe
1475 5017 1554 5068 sopra
1573 5018 1606 5055 44
1629 5005 1758 5055 44444444
1775 5005 1844 5056 44114
1868 5018 1932 5059 cusa
1949 5005 2001 5055 cr·

1210 5084 1430 5150 praetentaque
1447 5099 1481 5135 44
1498 5084 1687 5135 commissario
1701 5086 1727 5133 in
1743 5084 1838 5135 Permo
1854 5097 1906 5148 per
1922 5090 2000 5149 parta

1150 5181 1155 5186 ·
1209 5164 1251 5216 del
1268 5163 1414 5223 Pontellce,
1431 5164 1480 5213 4144
1505 5176 1538 5213 44
1555 5162 1635 5213 144444
1651 5164 1684 5226 411
1701 5164 1833 5221 occisori,
1849 5175 1864 5213 e
1889 5177 1925 5216 ne
1943 5165 1999 5216 lece

1209 5244 1336 5296 demolire
1349 5244 1372 5294 ie
1385 5256 1457 5293 4444.
1473 5242 1493 5292 11
1510 5243 1551 5292 441
1571 5243 1645 5300 4494,
1663 5242 1787 5292 medlenti
1804 5243 1878 5292 molti
1894 5243 2001 5309 gravis·

1209 5324 1268 5374 simi
1290 5323 1324 5373 ed
1340 5321 1488 5373 autorevoll
1505 5322 1669 5385 personsggi‚
1687 5321 1716 5371 14
1732 5322 1858 5384 stipulata
1876 5322 2000 5374 14114444

1209 5404 1318 5454 solenne
1328 5404 1485 5453 istromento
1502 5401 1529 5451 dl
1540 5414 1607 5464 pace
1623 5400 1683 5452 trel
1701 5401 1867 5464 crpranloa,
1881 5401 2001 5466 41144414·

1208 5485 1259 5543 mi,
1276 5496 1291 5533 c
1308 5484 1332 5533 le
1349 5483 1416 5533 altre
1433 5481 1554 5544 Femiglie
1571 5481 1690 5542 complici
1707 5479 1750 5531 del
1762 5480 1868 5531 delitto.
1882 5480 2000 5532 444444-

1207 5574 1254 5612 444
1271 5560 1300 5611 tt·
1316 5560 1474 5611 Tudesclsini
1491 5559 1673 5620 Piccoiomini,
1690 5560 1738 5610 444
1755 5559 1795 5623 444
1812 5562 1922 5611 4144444
1940 5560 1996 5612 cio.

1207 5642 1318 5694 Ballista
1330 5640 1474 5703 capranica
1487 5641 1612 5690 44441414
1624 5637 1999 5691 444144144444444144444444

1208 5720 1276 5772 44114
1295 5720 1390 5771 041444
1411 5717 1555 5776 Permane,
1571 5717 1696 5769 44441444
1721 5731 1736 5767 4
1753 5717 1943 5782 44444414144
1960 5720 2000 5770 at·
