4492 6859
293 628 410 710 444444
434 604 437 607 ’

295 773 507 834 concesserunt,
524 762 605 820 raria
622 761 812 836 incommoda,
824 773 854 825 et
869 763 1002 825 scandala
1013 784 1084 846 per·

295 884 378 943 saepe
389 875 456 924 4444
464 874 576 936 exorta,
584 863 779 941 credaturque
792 864 939 925 communi
950 868 1083 944 opinione

295 964 425 1025 omnium
439 962 637 1024 cardinalium
660 959 707 1044 (l)
730 964 854 1044 expediri
874 964 940 1027 Sedi
959 967 1085 1045 Aposto-

295 1063 379 1136 licae,
389 1074 419 1122 et
433 1062 580 1124 Romanae
590 1062 697 1124 Curiae
711 1063 748 1122 ab
763 1064 880 1125 illarum
895 1067 1085 1139 concessione,

295 1181 368 1241 quas
382 1162 542 1222 communis
561 1163 656 1243 opinio
669 1163 798 1236 damnat,
818 1165 980 1239 abstinere,
994 1186 1085 1229 voveo

295 1264 382 1323 etium
394 1283 428 1324 ac
442 1261 526 1340 juro,
540 1276 568 1325 et
581 1265 729 1345 promitto,
740 1266 822 1339 nulli,
836 1266 972 1345 speciales
989 1286 1087 1329 reser-

296 1363 425 1424 44414444
436 1350 510 1441 quac
523 1383 574 1443 per
586 1364 794 1426 cancellariam
802 1366 996 1445 Apostolicom
1003 1366 1085 1445 juna

296 1463 373 1523 illins
388 1464 485 1524 stilum
500 1464 631 1543 expediri
641 1466 739 1526 solitae
756 1483 811 1525 non
826 1478 903 1537 sunt,
916 1467 1088 1540 concedere,

294 1574 325 1624 44
343 1562 380 1621 ab
399 1581 501 1624 earnm
517 1565 695 1625 concessione
717 1566 830 1645 penitas
844 1577 874 1627 et
896 1568 1012 1627 44444144
1033 1566 1089 1626 ab·

295 1664 418 1734 stinere,
445 1682 498 1725 nec
520 1663 686 1743 permittere
708 1665 784 1743 quod
807 1667 921 1745 aliquis,
948 1667 1088 1727 hactenns

294 1766 437 1825 concessis
464 1774 493 1826 et
514 1781 585 1843 quas
609 1765 725 1825 concedi
751 1767 949 1846 contingeret,
972 1778 1088 1841 utatur,

295 1875 325 1923 et
345 1883 380 1924 ex
400 1866 440 1925 eis
459 1865 591 1926 ellectum
614 1875 741 1944 reportet
763 1885 882 1946 quoquo
904 1867 998 1929 modo.

339 1962 423 2035 14444,
445 1981 513 2024 cum
536 1964 657 2043 provide
677 1965 893 2028 consideratum
920 1940 981 2041 sit⁰,
1010 1969 1088 2046 quod

297 2063 416 2124 castella
435 2076 464 2124 et
479 2074 574 2125 terrae
589 2065 622 2124 S.
638 2065 675 2125 11.
691 2065 726 2125 E.
743 2085 816 2143 quoe
833 2070 861 2127 in
878 2069 947 2129 locis
967 2071 1089 2148 propin-

297 2165 363 2242 quis
392 2162 460 2224 huic
485 2166 577 2227 almae
598 2165 673 2227 Urbi
692 2178 771 2242 44444,
795 2170 822 2227 14
844 2170 926 2248 plenu
946 2181 975 2230 et
995 2170 1089 2231 stabili

297 2263 457 2329 obedientia
476 2264 558 2325 Sedis
572 2266 762 2346 444444Ιί444,
776 2281 805 2330 44
817 2288 884 2331 cnm
900 2267 1005 2348 majori
1017 2273 1089 2331 snti-

296 2364 432 2425 ssactione
446 2375 476 2425 44
495 2368 687 2429 consolatione
705 2369 963 2447 gubernabuntur,
983 2371 1006 2429 si
1027 2373 1089 2431 sin·

297 2465 383 2543 gulae
408 2465 530 2545 singulis
550 2465 751 2529 cardinalibus
774 2471 926 2544 tenendae,
946 2481 977 2533 et
997 2473 1090 2550 possi·

297 2565 407 2626 dendae
422 2585 489 2625 cnm
509 2567 638 2645 ipsarum
653 2569 780 2643 arcibus,
794 2583 822 2632 et
838 2574 949 2650 integra
966 2569 1090 2649 jurisdi-

298 2668 405 2740 ctione,
424 2677 453 2726 et
470 2665 603 2727 omnibus
617 2668 775 2730 redditibus
794 2671 1041 2748 assignabuntur,
1061 2683 1090 2731 et

299 2767 452 2828 tradentur
483 2769 564 2845 quasi
591 2765 766 2845 conjunctim
781 2771 836 2830 sub
847 2771 1089 2849 gubernatoribus

298 2865 429 2945 ejusdem
444 2868 544 2941 Urbis,
556 2879 586 2928 et
599 2880 632 2929 nt
647 2869 784 2930 hactenns
799 2872 972 2933 factumest·
982 2875 1091 2935 retine·

298 2982 414 3043 rentur3
429 2969 505 3030 unde
517 2971 653 3048 trtagistru
664 2973 835 3050 experientia
851 2973 1003 3033 retroactis
1016 2985 1091 3034 tem-

299 3071 433 3151 poribus,
449 3071 616 3132 adveniente
638 3071 719 3133 Sedis
733 3074 892 3145 vacatione,
908 3085 937 3136 et
949 3092 1025 3134 nnnc
1036 3093 1092 3135 no·

301 3172 442 3233 4144144444
453 3183 507 3246 est,
517 3183 688 3233 attentatum
702 3172 878 3246 delectionis,
891 3186 921 3236 et
931 3175 1093 3236 rebellionis

299 3274 431 3351 ipsarum
456 3284 603 3334 terrarum
624 3276 788 3353 provenisse
807 3295 873 3337 cnm
906 3278 1030 3338 maximo
1055 3275 1091 3336 tt.

299 3372 336 3433 E.
352 3373 505 3446 dedecore,
527 3386 555 3435 44
581 3374 775 3448 4444444444
797 3376 906 3439 1441444
925 3378 1091 3458 hujusmodi

299 3476 527 3539 consideratione
541 3475 622 3549 44441,
636 3476 811 3538 attendentes
826 3477 911 3539 etiarn
928 3479 1006 3556 quod
1021 3479 1092 3538 alias

300 3580 371 3639 talia
396 3597 448 3657 per
474 3577 637 3655 anteriores
662 3576 836 3650 Pontifices,
858 3580 1092 3658 praedecessores

299 3697 392 3750 meos,
410 3676 569 3756 excogitata
592 3677 723 3749 luerunt,
740 3678 805 3738 licet
819 3681 979 3739 executioni
996 3682 1091 3741 minus

302 3778 483 3851 demandata,
498 3774 590 3854 jaro,
609 3787 639 3837 44
664 3782 802 3858 promitto
817 3823 825 3852 ,
839 3781 917 3857 qnod
936 3781 1093 3860 unicuique

301 3880 487 3943 dominorum
501 3877 710 3951 cardinalium,
732 3881 781 3957 qui
803 3899 880 3942 anne
896 3894 973 3955 sunt,
988 3893 1016 3943 et
1038 3901 1093 3964 pro

302 3996 432 4062 tempore
453 3980 574 4053 1444144,
594 3997 681 4040 unam
697 3992 876 4055 terram,seu
894 3984 1043 4044 castellum
1065 3984 1093 4043 in

303 4083 376 4144 locis
396 4082 579 4162 propinquis,
605 4091 755 4161 utsupra,
778 4101 847 4143 rum
869 4084 946 4144 illins
960 4103 1049 4157 arce,
1070 4084 1094 4143 41

301 4206 367 4249 eam
387 4183 537 4254 habuerit,
550 4201 585 4242 ac
601 4183 684 4262 plena
697 4180 907 4259 jurisdictione,
928 4196 958 4246 44
977 4186 1097 4265 singulis

303 4286 474 4359 redditibus,
489 4294 516 4344 et
540 4282 729 4363 proventibus
750 4284 825 4345 111144
847 4284 958 4346 tradam
977 4297 1005 4347 et
1022 4284 1096 4347 assi·

302 4388 400 4469 gnabo
419 4387 456 4446 ad
480 4387 567 4445 vitam
588 4385 737 4444 dumtaxat
757 4385 833 4445 illius
859 4385 1019 4447 cardinalis
1045 4406 1096 4449 rc-

303 4490 443 4570 gendnm,
453 4485 617 4559 tenendum,
630 4496 659 4546 et
673 4485 884 4564 possidendum,
899 4499 931 4548 nt
945 4489 1030 4550 etiam
1044 4488 1096 4567 ipsi

304 4591 411 4654 domiai
426 4587 593 4651 cardinales
611 4588 709 4648 locum
727 4587 855 4666 aliquem
869 4589 1020 4668 specialem
1040 4588 1094 4648 ha·

302 4690 444 4765 14444414
465 4708 551 4769 quant
571 4688 681 4763 libere,
703 4688 803 4749 44144
823 4688 1018 4749 declinandam
1042 4709 1095 4769 pe-

303 4808 390 4868 stem,
402 4794 447 4855 vel
462 4792 647 4855 recreationis
663 4808 731 4850 suae
747 4808 832 4849 cansa
849 4790 957 4869 possint
971 4810 1001 4852 se
1016 4790 1097 4851 rcci-

305 4915 384 4977 pere.
399 4895 442 4954 lta
454 4905 548 4954 tamen
561 4891 637 4969 qnod
650 4890 734 4950 iidem
748 4890 913 4951 cardinales
926 4892 952 4949 ia
965 4889 1096 4950 titanibus

306 5000 377 5060 444414
385 4993 538 5074 jurabant,
550 4992 627 5072 quod
642 4992 786 5064 officiales,
798 5003 825 5052 et
838 4992 1005 5053 castellanos
1020 5009 1098 5065 suos,

306 5117 380 5179 qnos
397 5096 425 5157 ln
442 5093 605 5173 hujusmodi
625 5092 709 5153 terris
723 5104 751 5154 et
769 5094 885 5152 arcibus
906 5092 1100 5173 deputabunt,

307 5199 477 5279 obligabunt
503 5197 556 5256 snb
582 5195 709 5275 speciali,
722 5206 750 5254 44
762 5213 894 5273 expresso
909 5190 1098 5270 juramento,

307 5302 397 5381 qnod,
422 5298 639 5379 superveniente
665 5296 743 5357 obitu
771 5295 951 5367 cardinalis,
972 5296 1098 5374 aliquam

307 5419 419 5466 terram
441 5399 487 5460 441
505 5398 655 5459 castellum
670 5397 711 5456 414
737 5396 914 5475 possidentis,
940 5398 1030 5468 illam,
1054 5399 1098 5458 441

309 5504 392 5568 ittam
408 5521 475 5564 cum
496 5521 564 5563 arce
577 5545 585 5573 ,
600 5500 625 5559 si
647 5498 798 5573 habuerit,
814 5500 841 5559 14
861 5499 990 5558 manibus
1007 5499 1099 5573 meis,

351 5748 389 5816 444
404 5742 494 5791 Cadra
511 5741 575 5790 41444·
593 5737 672 5788 babet
688 5734 843 5785 Coriallum.

771 624 978 692 44444444
999 630 1102 696 roso
1126 630 1274 695 4444444
1296 625 1498 699 uocarunt.
1592 598 1594 601 ’
1908 620 1952 682 aa

1165 768 1425 829 441444444444444
1453 778 1584 824 44444444
1600 758 1688 821 libere
1702 768 1730 819 44
1747 754 1873 836 expedite
1891 765 1952 815 sto-

1162 867 1216 926 tim
1233 866 1293 927 siae
1314 865 1372 925 ulla
1387 861 1549 942 exceptione
1568 858 1692 932 tradent,
1709 868 1740 920 44
1757 856 1951 935 assignabunt.

1205 968 1365 1038 ltem,cunt
1382 962 1466 1023 444141
1489 981 1523 1023 ex
1544 960 1665 1021 dominis
1684 957 1885 1019 cardinalibus
1904 957 1969 1018 bic·

1161 1064 1357 1146 praesentibus
1376 1062 1534 1135 nonnullis,
1552 1060 1623 1120 alias
1638 1058 1829 1131 cathedrales,
1847 1075 1951 1116 mona·

1160 1168 1260 1238 steria,
1288 1165 1447 1244 prioratus,
1475 1160 1699 1242 praeposituras,
1723 1160 1950 1240 praepositales,

1159 1266 1321 1345 dignitates,
1337 1264 1608 1337 administrationes,
1623 1262 1726 1333 officia,
1742 1260 1839 1321 etalio
1858 1259 1947 1319 bene·

1159 1366 1223 1428 licia
1239 1367 1429 1428 ecclesiastica
1441 1364 1610 1437 saecularia,
1619 1363 1663 1424 rel
1679 1361 1851 1442 quorumvis
1866 1359 1950 1420 ordi·

1158 1485 1228 1528 nam
1250 1468 1418 1547 regularia,
1433 1483 1508 1545 qnae
1523 1465 1661 1537 obtinent,
1673 1476 1705 1526 44
1725 1462 1878 1543 possideat,
1899 1473 1950 1521 aut

1158 1567 1333 1642 obtinebant,
1351 1579 1381 1629 et
1400 1566 1591 1647 possidebant,
1607 1565 1770 1642 resignare,
1780 1581 1831 1624 seu
1848 1559 1951 1622 444444
2017 1626 2018 1629 4

1158 1671 1186 1729 14
1200 1671 1326 1731 aliorum
1344 1670 1475 1730 savorem
1493 1666 1649 1740 intendant,
1663 1665 1811 1745 promitto,
1824 1660 1907 1740 juro,
1920 1672 1950 1721 et

1159 1790 1250 1833 voveo
1263 1770 1420 1832 concedere
1435 1778 1523 1848 prout
1538 1767 1574 1827 de
1585 1766 1727 1846 praesenti
1741 1763 1868 1826 concedo
1882 1762 1951 1841 ipsis

1158 1872 1277 1935 dominis
1300 1870 1517 1942 cardinalibus,
1540 1870 1591 1946 qui
1614 1865 1778 1944 hujusmodi
1798 1862 1950 1926 ecclesias.

1158 1977 1330 2034 monasteria
1362 1982 1430 2043 etc,
1448 1982 1478 2033 et
1508 1971 1565 2031 alia
1594 1968 1784 2031 ecclesiastica
1815 1961 1951 2026 1444411414

1157 2076 1243 2136 etiam
1259 2072 1478 2153 resignaverint,
1490 2083 1542 2131 unt
1559 2068 1756 2150 resignabunt,
1770 2068 1831 2127 sive
1847 2082 1950 2125 eorum

1158 2175 1332 2237 commendis
1359 2174 1507 2243 cesserint,
1528 2182 1581 2233 aut
1601 2171 1703 2233 cedent
1730 2169 1759 2228 in
1780 2178 1951 2247 posterum,

1160 2278 1205 2337 vel
1226 2276 1403 2347 concedent,
1419 2285 1572 2351 qnatenus,
1591 2270 1773 2341 cadentibus,
1795 2277 1846 2327 aut
1864 2265 1950 2326 dcce-

1159 2375 1290 2437 deatibus
1309 2377 1354 2449 iis,
1379 2376 1429 2454 qui
1452 2394 1502 2454 per
1529 2369 1695 2450 hujusmodi
1716 2367 1951 2447 resignationem,

1158 2477 1219 2538 sive
1237 2477 1391 2539 cessionem
1411 2475 1557 2547 ecclesias,
1574 2472 1746 2534 monasteria
1767 2469 1906 2548 14444444,
1923 2477 1951 2525 ct

1158 2577 1213 2637 alia
1227 2573 1664 2638 444444144441441444144441444
1680 2569 1868 2639 obtinuerint,
1877 2565 1951 2627 libe·

1159 2696 1238 2749 rum,
1252 2689 1280 2739 et
1294 2677 1489 2756 plenissimum
1507 2674 1542 2734 ad
1556 2674 1671 2736 easdem
1689 2670 1832 2740 ecclesias,
1849 2685 1953 2727 mona·

1158 2781 1245 2839 steria
1264 2790 1332 2851 etc,
1346 2776 1574 2838 etecclesiastica
1592 2772 1729 2836 beneficia
1746 2781 1814 2842 444,
1830 2768 1954 2828 babeant

1163 2897 1338 2959 regressum,
1350 2896 1452 2939 eornm
1465 2876 1587 2955 deniqne
1598 2875 1803 2955 possessionem
1815 2871 1875 2950 ipso
1883 2867 1954 2945 jure

1144 2983 1311 3060 repetere,
1333 2990 1362 3041 44
1383 2978 1418 3039 44
1438 2996 1515 3038 4444
1536 2995 1638 3057 capere
1658 2974 1767 3044 libere,
1784 2990 1820 3032 ac
1846 2970 1954 3050 pienis-

1159 3082 1229 3142 sime
1247 3080 1410 3160 possint,et
1432 3074 1653 3148 valeant,etiam
1673 3075 1697 3134 si
1724 3091 1779 3133 aon
1800 3070 1953 3131 habuerint
2003 3145 2006 3149 Ι

1160 3183 1253 3243 1441144
1271 3198 1421 3259 regressus
1436 3197 1452 3237 a
1468 3175 1609 3239 Pontibce
1624 3175 1703 3254 Papa
1718 3173 1808 3235 Sixto.

1202 3285 1283 3355 ltem,
1297 3284 1452 3362 promitto,
1474 3296 1584 3347 voveo,
1597 3287 1627 3338 et
1646 3275 1718 3356 juro
1740 3273 1818 3351 quod
1837 3286 1952 3331 omnem

1160 3385 1301 3457 lavarem,
1315 3383 1472 3451 auxilium,
1486 3390 1514 3440 et
1528 3378 1735 3439 authoritatem
1755 3391 1847 3434 meam
1859 3370 1951 3431 inter-

1161 3506 1275 3567 ponam,
1293 3482 1371 3563 quod
1392 3493 1450 3542 4444
1465 3478 1668 3543 cardinalibus
1692 3474 1724 3536 S.
1750 3473 1786 3535 ll.
1812 3471 1847 3532 E.
1864 3487 1952 3549 qnam

1161 3590 1235 3662 aliis,
1253 3587 1304 3666 qni
1323 3582 1458 3647 1444411414
1470 3580 1663 3644 4441441444144
1677 3574 1812 3637 manniae
1831 3570 1954 3634 44444441

1162 3690 1282 3757 luserint,
1297 3698 1326 3749 44
1341 3684 1376 3745 44
1391 3684 1578 3764 possessiones
1596 3697 1699 3741 eornm
1722 3694 1777 3738 nou
1799 3674 1958 3735 admitten-

1163 3800 1224 3862 tur,
1240 3790 1285 3849 vel
1305 3787 1445 3848 hactenns
1464 3782 1577 3843 admissi
1601 3798 1658 3840 non
1679 3788 1764 3849 sunt,
1780 3793 1831 3837 seu
1851 3790 1954 3834 eortrm

1163 3890 1274 3951 tructus
1286 3885 1502 3967 quomodolibet
1516 3884 1544 3943 in
1559 3880 1702 3941 1444444114
1719 3875 1838 3957 pacifice
1853 3875 1956 3934 bacte-

1164 4010 1218 4051 nus
1237 3989 1368 4070 possessis
1390 3985 1582 4065 impediantur
1605 3980 1708 4059 integri
1730 3977 1848 4047 habere,
1868 3974 1957 4035 libere

1165 4113 1200 4154 ac
1215 4093 1289 4152 bona
1304 4088 1360 4150 lide
1374 4088 1460 4149 ctiam
1476 4095 1639 4165 perceptos,
1658 4080 1858 4147 restituantur,
1871 4073 1957 4133 44141-

1168 4195 1297 4271 beboque
1313 4192 1391 4252 circu
1417 4189 1484 4262 hoc,
1499 4199 1533 4247 ut
1547 4184 1597 4263 jns
1622 4195 1651 4244 et
1669 4182 1797 4259 aequitas
1816 4175 1955 4256 postulat,

1168 4313 1281 4358 omnam
1307 4289 1499 4369 diligentiam,
1523 4298 1552 4348 et
1581 4283 1800 4363 obligationem,
1829 4274 1957 4354 nihilque

1170 4393 1407 4477 praetermittam.

1210 4498 1292 4568 item,
1305 4494 1456 4574 promitto,
1468 4506 1571 4560 44444,
1584 4498 1612 4548 44
1627 4486 1694 4545 1444
1705 4481 1784 4560 qnod
1801 4476 1955 4541 canonica·

1171 4609 1227 4669 tus,
1243 4608 1272 4658 ct
1286 4592 1460 4675 praebendas
1476 4591 1608 4651 basilicae
1624 4587 1655 4648 S.
1674 4583 1765 4655 l’etri,
1776 4580 1956 4641 lateranen·

1169 4700 1217 4773 sis,
1232 4709 1261 4759 et
1275 4696 1306 4757 S.
1323 4682 1912 4771 14441444144441444114144444144144444,
1928 4690 1956 4739 et

1169 4802 1225 4860 alia
1244 4798 1352 4870 omnia,
1367 4807 1395 4857 et
1410 4793 1523 4874 singula
1539 4788 1675 4852 1444411414
1691 4788 1718 4847 14
1730 4785 1811 4845 414414
1825 4781 1956 4852 basilicis,

1169 4913 1197 4962 ct
1215 4898 1395 4970 4441444444
1410 4892 1718 4972 aliisquibuscumque
1737 4885 1886 4956 vacantia,
1907 4899 1957 4941 seu

1170 5002 1301 5079 deinceps
1327 5008 1482 5068 vacatura,
1505 5010 1562 5054 non
1588 4990 1747 5059 4441444444,
1762 5003 1853 5062 neque
1876 4998 1959 5042 com·

1171 5101 1320 5172 mandabo,
1337 5116 1429 5176 neque
1445 5096 1479 5156 da
1498 5095 1564 5175 ipsis
1582 5088 1780 5170 aliquomodo
1803 5079 1960 5164 providebo

1172 5206 1233 5267 aliis
1248 5220 1334 5281 quam
1351 5198 1463 5261 civibus
1480 5192 1617 5265 romanis,
1632 5189 1757 5253 etiamsi
1772 5184 1962 5252 monasteria,

1169 5308 1327 5388 prioratus,
1341 5314 1371 5363 et
1385 5299 1504 5379 quaeris
1516 5298 1572 5357 alia
1585 5291 1733 5362 beneflcio,
1747 5301 1963 5367 quorumcum-

1171 5428 1227 5488 que
1242 5406 1377 5467 ordinum
1397 5400 1544 5481 reguluria
1561 5399 1675 5468 lorent;
1691 5406 1719 5455 et
1736 5392 1810 5451 idem
1832 5390 1964 5448 14444444

1171 5530 1201 5571 44
1226 5508 1409 5578 obtulerunt,
1425 5514 1454 5565 et
1477 5502 1644 5579 obligarunt
1667 5496 1773 5557 domini
1795 5489 1961 5554 cardinales

1170 5612 1204 5672 de
1222 5601 1751 5685 4444144444144444444441144144444
1769 5591 1962 5677 spectantibus

1170 5714 1279 5773 ratione
1306 5709 1470 5779 titulorum,
1494 5716 1545 5766 4444
1565 5700 1800 5767 44444444444444
1823 5709 1961 5761 suarum,
