4492 6859
352 614 393 673 ab
824 607 1027 673 conchata:
1046 604 1147 710 POST
1169 607 1316 672 stttrtnt
1339 606 1540 679 Quantula.

354 751 455 827 regula
470 753 498 810 iu
521 750 603 828 plena
618 750 724 823 forma,
741 759 770 808 et
783 757 906 827 ponetur
924 746 952 803 in
974 744 1048 805 libro
1059 745 1142 805 Can·

354 851 501 923 cellariae,
516 862 544 912 et
559 850 756 930 publicabitur
774 850 803 907 in
818 848 929 919 eodem,
942 846 1010 906 dum
1026 856 1055 906 et
1069 864 1146 923 quo-

352 952 404 1012 ties
419 951 525 1012 eisdem
534 951 738 1013 cardinalibus
755 950 910 1020 videbitur,
925 959 952 1008 et
967 946 1101 1025 placeb313
1116 958 1147 1007 et

353 1053 430 1111 ultra
443 1051 550 1112 dictam
562 1051 694 1130 regulam
706 1050 889 1130 expedientur
905 1048 1000 1109 bullae
1015 1048 1145 1124 singulae

351 1171 407 1230 ρι·ο
421 1152 549 1231 quolibet
560 1151 766 1213 cardinalium.
784 1150 951 1211 Teneautm·
971 1160 1065 1209 tamen
1083 1147 1146 1216 illi,

352 1252 457 1330 quibus
477 1271 529 1332 per
548 1250 715 1313 Cardinuies
733 1250 897 1330 praediatus
917 1249 1071 1325 contigerit
1091 1264 1146 1325 pro

352 1364 482 1432 tempore
501 1352 648 1433 provideri
661 1352 696 1411 de
707 1349 850 1412 benefieiis
869 1348 1068 1410 ecelesiasticis
1085 1346 1146 1405 bu-

348 1452 495 1530 jusmodi,
514 1452 685 1532 dispositioni
707 1451 878 1531 apostolieae
897 1449 1069 1529 generaliter
1095 1462 1155 1536 ref·

353 1554 475 1613 servatis
492 1554 536 1614 vel
557 1554 674 1625 affectis,
689 1562 718 1612 et
733 1554 760 1611 in
776 1569 902 1630 quorum
925 1552 1056 1610 favorem
1075 1549 1146 1608 alias

354 1656 531 1733 contingeret
542 1673 594 1734 ρει·
606 1652 851 1733 ipsosCardiuales
862 1650 970 1731 disponi
983 1649 1017 1709 de
1028 1647 1146 1720 eisdam,

353 1754 377 1812 si
399 1755 517 1814 illorum
543 1756 666 1824 fructus,
690 1753 828 1827 redditus,
846 1766 874 1815 et
896 1762 1065 1830 proventus,
1091 1768 1147 1809 un·

353 1872 444 1914 nuum
462 1856 588 1915 valorem
614 1853 715 1932 viginti
732 1865 859 1931 quatuor
882 1853 1059 1915 florenorum
1080 1852 1146 1911 auri

354 1956 388 2016 de
404 1956 525 2016 Cumara
539 1954 696 2016 secundum
712 1972 894 2016 camuranam
911 1953 1146 2015 existimationem

354 2057 542 2128 excederent,
571 2054 693 2133 desuper
723 2071 828 2114 novam
857 2053 1074 2132 provisionem,
1101 2054 1146 2113 vel

353 2158 439 2217 aliam
454 2154 666 2235 dispositionem
681 2174 697 2214 a
712 2153 785 2216 Sede
800 2154 929 2234 praefata
943 2152 1017 2212 iufra
1036 2163 1103 2212 octo
1124 2152 1146 2210 si

354 2258 443 2328 ultra,
457 2267 486 2315 et
500 2266 627 2334 quatuor
645 2273 770 2325 menses,
785 2254 808 2312 si
825 2254 897 2314 citra
919 2262 1029 2313 montes
1046 2252 1147 2313 eonsi-

353 2367 473 2427 sterent,
487 2352 623 2415 beneficia
638 2355 697 2433 ipsa
708 2372 725 2414 a
737 2355 782 2415 die
796 2354 908 2414 habitae
923 2352 1061 2434 pacificae
1077 2371 1147 2433 pos·

354 2456 485 2517 sessionis
505 2454 685 2538 eorumdem,
699 2454 839 2530 obtinere,
860 2466 889 2516 et
913 2473 947 2514 ex
969 2464 1040 2525 toto,
1061 2455 1146 2514 etiarn

356 2557 451 2632 quoad
470 2556 623 2617 Camarum
648 2555 852 2635 Apostolicam,
869 2557 938 2636 jura
965 2553 1083 2633 propria
1105 2553 1146 2616 illi

356 2655 449 2716 debita
464 2654 615 2728 solvendo,
627 2656 725 2716 literas
735 2655 906 2735 apostolicas
921 2656 1044 2734 desuper
1058 2673 1147 2734 expe·

355 2756 427 2818 dire.
442 2757 579 2833 Alioquin
600 2755 736 2819 beneflcio
752 2759 811 2836 ipsa
827 2755 908 2816 dictis
929 2755 1075 2816 mensibus
1095 2772 1147 2814 re·

356 2857 461 2929 cursis,
484 2875 589 2917 vacare
610 2868 779 2917 censeantur
800 2875 835 2917 eo
854 2857 926 2934 ipso,
944 2854 997 2913 nisi
1019 2854 1147 2934 legitimo

357 2956 479 3035 desuper
507 2957 615 3017 fuerint
636 2957 836 3036 impedimenta
858 2957 983 3029 detenti,
1005 2956 1052 3016 vel
1081 2954 1148 3033 ipsis

357 3055 516 3135 petentibus
527 3053 695 3133 hujusmodi
706 3076 809 3119 novam
822 3059 1025 3139 provisionem,
1034 3066 1063 3117 et
1075 3073 1148 3135 pro-

357 3155 534 3228 testantibus,
550 3156 628 3234 quod
647 3176 698 3236 per
716 3177 764 3219 eos
780 3176 835 3219 non
850 3169 917 3231 stat,
933 3156 1087 3236 contigerit
1108 3155 1146 3213 it-

358 3257 415 3315 lam
430 3255 576 3335 denegari.
588 3254 655 3337 Quo
669 3277 737 3319 casu
752 3260 789 3319 ob
805 3277 861 3319 non
881 3260 1026 3321 obtentam
1041 3273 1147 3317 novam

357 3358 560 3435 provisionem,
583 3360 610 3416 iu
633 3361 714 3419 nullo
734 3361 775 3419 eis
795 3358 1012 3439 praejudicetur
1033 3354 1089 3438 (l).

401 3457 481 3529 ltem,
495 3457 572 3535 quod
584 3476 682 3519 omues
694 3470 723 3519 et
739 3460 845 3538 singuli
860 3459 1028 3521 cardinales
1042 3459 1070 3517 in
1086 3457 1149 3517 ele·

358 3560 452 3620 ctione
472 3577 534 3619 meu
555 3570 727 3638 praesentes,
741 3578 814 3636 quos
827 3579 882 3639 pro
900 3569 1039 3638 tempore,
1054 3568 1082 3618 et
1097 3558 1149 3635 qui

358 3676 413 3738 pro
428 3670 555 3738 tempore
569 3659 686 3732 fuerint,
702 3677 884 3737 quacumque
899 3658 934 3720 de
945 3675 1061 3719 causan
1084 3655 1149 3718 no-

358 3777 443 3818 nrauu
464 3758 553 3819 Curia
567 3779 597 3820 sc
616 3761 765 3822 absentare
781 3759 944 3839 contigerit,
963 3757 999 3818 ad
1013 3758 1148 3819 ecclesias

357 3855 447 3930 scias,
475 3861 521 3921 vel
541 3879 741 3940 quaecumque
762 3862 827 3925 loca
848 3861 935 3921 etiam
957 3869 1091 3931 remota,
1119 3870 1149 3919 et

358 3972 438 4020 extra
462 3961 574 4021 ltaliam
593 3979 661 4022 cum
682 3961 796 4023 licentia
818 3980 881 4022 mea
904 3960 948 4021 rel
971 3958 1083 4031 verbo,
1103 3961 1148 4020 vel

358 4061 483 4140 scriptis,
499 4062 643 4140 gaudeant
656 4064 790 4125 omatibus
807 4074 835 4123 et
848 4062 968 4141 singulis
989 4058 1148 4139 privilegiis

359 4161 502 4222 consuetis
516 4182 551 4223 ac
570 4163 595 4222 si
612 4178 774 4243 praesentes
791 4166 944 4225 existerent
959 4164 987 4222 in
1006 4160 1149 4234 omuibus,

359 4273 387 4321 et
408 4280 460 4339 per
480 4262 576 4321 omnia
597 4263 758 4341 plenissime
771 4266 879 4343 ubsque
899 4264 954 4324 alia
974 4264 1149 4341 interpreta-

360 4361 446 4433 tione,
469 4363 513 4422 vel
535 4364 779 4441 tergiversatione.

402 4462 1148 4551 item,omnesetsingulasabsolvendigiispensandi,

360 4571 388 4621 et
407 4562 462 4622 alia
477 4562 609 4636 faciendi,
623 4564 786 4636 facultates,
807 4565 970 4644 privilegia,
985 4566 1149 4625 concessio-

362 4678 421 4734 nes,
432 4672 461 4721 et
472 4662 581 4722 indulta
594 4682 668 4740 quae
680 4682 696 4721 a
708 4664 755 4724 fel.
768 4681 827 4725 rec.
840 4662 921 4724 Sixto
935 4663 1012 4742 Papa
1024 4661 1149 4736 Quarto,

360 4772 389 4821 et
403 4779 588 4839 quocumque
607 4766 665 4824 alio
691 4762 908 4842 praedecessore
929 4781 993 4824 meo
1013 4764 1041 4822 in
1063 4763 1148 4823 faro·

360 4881 423 4925 retu
450 4861 647 4923 Cardinalinm
665 4863 833 4924 eorumdem
855 4864 883 4922 in
905 4882 1024 4942 genere,
1048 4863 1092 4924 vel
1119 4863 1148 4921 iu

359 4966 463 5043 specie,
478 4962 692 5040 quomodolibet
708 4964 844 5023 hactenus
855 4976 1025 5026 emanarunt
1039 4983 1149 5044 appro-

361 5062 408 5135 bo,
423 5074 454 5124 et
466 5061 607 5124 confirmo
620 5059 678 5145 (2),
695 5075 865 5125 manuteneo
880 5077 909 5126 et
927 5066 1060 5137 observo,
1076 5077 1105 5126 et
1125 5065 1148 5124 si

361 5160 388 5220 id
411 5163 575 5236 voluerint,
596 5163 631 5226 de
652 5182 728 5226 uovo
747 5167 901 5229 concedam
924 5168 952 5227 in
973 5167 1146 5247 amplissima

399 5444 433 5504 (1)
453 5443 598 5507 narnate,
618 5446 688 5508 quod
710 5450 849 5510 sequitur,
865 5449 959 5498 iterum
983 5453 1103 5498 recenset
1121 5448 1146 5499 in

360 5519 453 5570 histor.
469 5534 548 5584 super
565 5524 609 5572 cit.

399 5601 435 5655 (tt
446 5597 473 5648 ln
485 5599 610 5663 naynatd.
619 5604 765 5664 approbabo
776 5609 797 5655 et
813 5606 975 5667 consternato:
986 5610 1012 5655 et
1027 5609 1059 5656 nil
1078 5608 1146 5656 atiud

360 5675 393 5725 de
410 5678 469 5737 boc,
484 5690 569 5740 aeque
586 5679 619 5729 de
636 5693 691 5744 seq.
708 5696 812 5745 paragr.
829 5682 896 5732 idem
915 5684 1005 5734 refert.

1903 608 2024 694 (ιιει)

1216 743 1309 804 forma
1331 745 1381 818 ita,
1402 756 1434 805 ut
1455 745 1571 825 plenum
1596 745 1718 819 debeant
1734 755 1763 807 et
1777 746 1892 825 possint
1915 746 2020 807 sortiri

1215 844 1356 905 effectum.
1970 902 1971 906 ,

1256 943 1416 1014 frameam
1430 944 1459 1002 in
1471 942 1618 1022 praedicta
1629 942 1717 1005 Curia
1733 962 1787 1023 ρι·ο
1802 943 2019 1005 confluentium

1216 1042 1253 1100 ad
1279 1042 1359 1104 illam
1391 1043 1524 1103 celeriori
1553 1040 1731 1121 expeditione
1759 1041 1872 1104 dudum
1905 1044 2020 1105 fuerint

1216 1142 1335 1221 proinde
1348 1143 1473 1203 instituta
1487 1145 1856 1224 cancellariaeapostolicae
1867 1155 1897 1205 et
1910 1144 2019 1224 poetri-

1216 1243 1365 1304 tentiariae
1392 1260 1427 1303 ae
1450 1245 1659 1304 camerariatus
1684 1245 1794 1318 officia,
1820 1247 1944 1323 sintque
1969 1245 2017 1305 illa

1215 1361 1271 1421 pro
1287 1356 1415 1421 tempore
1430 1341 1622 1403 obtinentibus
1640 1344 1675 1405 de
1692 1345 1812 1423 antiquo
1832 1345 1903 1405 stilo
1918 1354 1951 1407 et
1972 1343 2019 1404 in·

1220 1453 1346 1504 veterata
1363 1442 1568 1517 consuetudine
1589 1444 1734 1523 praefatae
1752 1445 1871 1518 Curiae,
1885 1464 1943 1506 seu
1966 1463 2018 1505 ex·

1215 1561 1314 1622 pressa
1329 1541 1510 1605 concessione
1523 1544 1777 1624 praedeeessorum
1791 1564 1932 1606 meorum
1948 1563 2019 1606 eer-

1216 1655 1260 1706 tae
1288 1662 1438 1705 concessas
1468 1643 1641 1717 facultates,
1669 1647 1714 1707 vei
1742 1646 1965 1718 utttboritates,
1989 1658 2018 1707 et

1215 1745 1354 1824 quaedam
1385 1745 1526 1806 attributa
1552 1746 1755 1820 emolumenta,
1769 1759 1799 1807 ct
1823 1745 2017 1827 exipsorum

1215 1847 1379 1907 ciliciorum
1405 1846 1575 1907 alteratione
1595 1846 1702 1925 possint
1728 1845 1834 1908 Curiae
1866 1848 2018 1927 praefatae

1216 1947 1298 2006 varia
1320 1945 1501 2007 incommoda
1522 1946 1687 2024 provenire,
1702 1957 1827 2007 statuam
1842 1957 1873 2008 et
1892 1946 2018 2008 ordina·

1216 2048 1263 2119 bo,
1278 2057 1307 2108 et
1322 2065 1376 2125 ρι·ο
1390 2063 1466 2106 ιιιιιιε
1487 2056 1594 2115 statuo,
1610 2057 1639 2108 et
1653 2046 1770 2120 ordino,
1785 2065 1821 2107 ac
1840 2047 1922 2120 volo,
1938 2046 2019 2125 quod

1217 2146 1391 2209 venerabiles
1402 2146 1508 2206 fratres
1518 2148 1574 2207 urei
1586 2144 1747 2207 liudericus
1761 2145 1925 2226 Episcopus
1937 2144 2018 2207 Por·

1216 2250 1321 2310 tuensis
1349 2248 1382 2307 S.
1407 2246 1443 2305 ll.
1471 2246 1506 2307 tt.
1534 2246 1808 2321 vicecancellarius,
1827 2258 1858 2308 et
1878 2246 2018 2308 lulianus

1218 2349 1370 2428 episcopus
1390 2343 1539 2418 Ostiensis,
1555 2347 1604 2423 qui
1619 2346 1850 2426 poenitentiariae
1869 2346 2019 2425 praefatae

1221 2468 1323 2511 curam
1345 2450 1435 2528 gerit,
1458 2466 1493 2508 ac
1519 2447 1640 2510 dilectus
1659 2444 1737 2507 filius
1763 2446 1892 2526 Rapbael
1914 2446 2019 2509 Sancti

1216 2550 1333 2629 Georgii
1346 2549 1381 2609 ad
1397 2550 1496 2609 velum
1508 2567 1630 2611 aureum
1646 2543 1692 2630 (3)
1704 2546 1841 2607 diaconus
1859 2547 2018 2610 cardinalis

1216 2649 1401 2711 Camerarius
1419 2659 1535 2722 noster,
1557 2660 1586 2710 et
1608 2650 1658 2727 qui
1679 2668 1734 2728 pro
1753 2660 1885 2728 tempore
1906 2660 2017 2725 erunt,

1216 2747 1311 2826 Major
1327 2747 1575 2818 Paenitentiarius,
1589 2749 1894 2822 vicecancellarius,et
1907 2749 2017 2813 Came-

1216 2851 1328 2921 rarius,
1355 2847 1434 2910 dietu
1459 2866 1562 2909 eorum
1588 2848 1681 2909 officia
1705 2847 1789 2926 juxta
1821 2852 1956 2928 antiquas
1986 2864 2017 2913 et

1216 2951 1313 3009 solitas
1332 2951 1372 3009 eis
1394 2947 1509 3010 concedi
1532 2948 1703 3021 facultates,
1730 2968 1937 3028 concessasque
1957 2952 2018 3025 eis,

1216 3060 1246 3110 et
1267 3050 1421 3129 cujuslibet
1435 3068 1539 3111 eorum
1560 3051 1641 3113 afel.
1657 3068 1716 3112 rec.
1731 3052 1844 3113 Calixto
1858 3050 1976 3124 Tertio,
1987 3062 2018 3111 et

1217 3148 1272 3211 Pio
1294 3150 1440 3222 Secundo,
1459 3162 1487 3211 et
1509 3149 1601 3212 Paulo
1614 3152 1702 3212 etiam
1715 3150 1860 3224 Secundo,
1880 3168 1934 3211 nec
1956 3168 2014 3211 nou

1217 3249 1299 3313 Sixto
1318 3250 1432 3321 Quarto
1446 3250 1583 3312 Romanis
1601 3250 1788 3314 Pontificibus
1810 3251 2017 3331 praedecesso·

1218 3352 1297 3413 ribus
1314 3353 1396 3427 meis,
1407 3355 1435 3412 iu
1450 3352 1602 3412 literarum
1616 3352 1851 3431 apostolicarum,
1863 3361 1894 3411 et
1913 3348 2017 3429 poeni·

1217 3454 1364 3514 teutiariae
1376 3451 1552 3533 Scriptores,
1562 3451 1788 3526 abbreviaturas,
1798 3452 2016 3524 sollicitatores,

1217 3554 1344 3631 aliosque
1367 3552 1502 3615 officiales
1514 3553 1714 3627 cancellariae,
1733 3551 1969 3635 poenitentiarius
1989 3564 2018 3613 et

1217 3651 1357 3713 Gamerae
1369 3653 1550 3728 eorumdem,
1566 3657 1718 3735 officiaque
1729 3655 1910 3727 eorumdem,
1924 3671 2018 3733 supe-

1218 3752 1393 3827 rioritatem,
1413 3764 1592 3833 potestatem,
1613 3755 1835 3836 dispositionem,
1856 3765 1885 3817 et
1907 3772 2016 3833 quam-

1217 3868 1342 3931 cumque
1356 3853 1535 3926 facultatem,
1549 3853 1773 3929 authoritatem,
1789 3866 1818 3917 et
1838 3856 1938 3917 literas
1960 3854 2016 3915 ab·

1216 3968 1286 4030 sque
1297 3954 1394 4030 aliqua
1406 3953 2018 4029 restrictione,modificatione,limitatione,

1217 4054 1317 4114 etalio
1334 4053 1536 4133 impedimento
1556 4073 1742 4134 quocumque
1766 4057 1856 4117 libere
1876 4076 1929 4135 ρει·
1951 4060 2014 4120 sei-

1217 4171 1299 4232 psos,
1323 4155 1368 4214 vel
1395 4155 1492 4216 locum
1514 4166 1641 4218 tenentes
1668 4178 1720 4237 per
1740 4160 1815 4238 ipsos
1835 4158 2015 4239 deputandos

1217 4272 1352 4316 exercete
1367 4300 1375 4327 ‚
1390 4267 1419 4317 et
1434 4255 1524 4315 solitis
1543 4259 1743 4321 emolumentis
1763 4261 1850 4340 potiri
1872 4260 2014 4335 debeant;

1217 4364 1245 4413 et
1264 4353 1340 4432 quod
1366 4374 1431 4427 eos,
1452 4368 1504 4417 aut
1522 4374 1624 4419 eorum
1643 4360 1770 4437 aliquem
1791 4361 1820 4421 iu
1842 4361 2014 4424 eorumdem

1216 4456 1481 4517 emolumentorum
1499 4457 1593 4519 debita
1613 4459 1702 4520 libera
1721 4461 1904 4542 perceptione
1919 4479 1954 4523 ac
1965 4463 2015 4523 of·

1218 4554 1356 4618 fitiorum
1370 4577 1491 4620 suorum
1504 4560 1665 4635 collatione,
1676 4573 1704 4622 et
1714 4562 1880 4623 executione
1890 4562 2016 4640 privile·

1215 4657 1345 4736 giorum,
1356 4670 1385 4720 et
1398 4660 1568 4720 facultatum
1583 4660 1634 4734 eis,
1653 4673 1685 4721 ut
1700 4663 1877 4741 praefertur,
1891 4679 2014 4724 concas·

1218 4776 1316 4819 sorum
1344 4777 1461 4838 quoquo
1484 4760 1594 4835 modo,
1613 4772 1701 4840 atque
1728 4762 1846 4835 forma,
1870 4781 1922 4842 per
1943 4780 2014 4837 ιιιε,

1217 4871 1479 4938 autquoseurnquc
1503 4862 1574 4923 alios
1595 4862 1732 4923 facultate
1754 4880 1829 4936 mea,
1851 4863 2016 4924 nullatenus

1218 4959 1405 5041 perturbabo,
1431 4974 1483 5021 aut
1509 4963 1579 5023 alias
1609 4962 1827 5041 quomodolibet
1846 4962 2016 5044 impediam,

1217 5071 1268 5119 aut
1286 5060 1464 5140 perturbari,
1481 5063 1525 5123 vel
1541 5064 1673 5143 impediri
1692 5066 1872 5144 permittam3
1896 5066 1957 5127 imo
1978 5067 2016 5128 li-

1217 5169 1294 5221 teras
1320 5159 1396 5239 ipsas
1419 5164 1459 5221 eis
1477 5180 1637 5237 concessus,
1653 5174 1682 5224 et
1700 5166 1727 5226 in
1747 5167 1802 5227 illis
1817 5177 1952 5228 contenta
1966 5212 1976 5240 ,
1991 5171 2016 5229 si

1219 5261 1376 5330 voluerint,
1393 5261 1570 5340 approbabo,
1585 5274 1614 5324 et
1631 5264 1820 5339 confirmabo,
1834 5276 1865 5327 et
1885 5285 1941 5346 pro
1960 5286 2016 5346 po·

1218 5361 1285 5419 tiori
1296 5361 1407 5421 cautela
1425 5362 1473 5421 illa
1489 5363 1584 5422 omnia
1602 5363 1643 5423 eis
1659 5364 1695 5425 de
1710 5384 1789 5427 novo
1804 5367 1971 5439 concedam,
1987 5381 2017 5430 et

1217 5461 1301 5520 etium
1323 5459 1476 5520 concedam
1499 5460 1535 5521 de
1558 5480 1693 5542 expresso
1715 5468 1767 5546 ipsi
1790 5466 2015 5529 Paenitentiario

1222 5618 1290 5629 ——a

1258 5693 1291 5751 tt)
1308 5688 1395 5739 italice
1413 5690 1436 5740 S.
1457 5690 1563 5756 Glorgio
1576 5695 1607 5743 in
1624 5694 1736 5744 Velabro.
