4492 6859
243 649 357 735 (ιιιι)

289 786 408 847 interim
426 784 464 845 li.
485 785 520 847 l).
543 786 704 850 Cardinalis
724 788 868 862 Senensis,
893 790 1037 869 repositis,

247 905 283 946 ιι
293 886 456 946 fenestrelle
470 887 618 949 sacristiae
630 907 738 969 parrae
744 886 828 965 juata
838 891 933 952 altare
944 891 1038 953 dictae

249 985 395 1065 cappellae
413 986 567 1060 existentis,
589 988 715 1067 tegulis,
735 992 795 1051 sire
815 994 952 1051 metionis
969 991 1039 1069 qui-

249 1086 303 1145 bus
332 1086 467 1147 obturata
497 1099 560 1148 crat
582 1091 722 1164 remotis,
742 1092 872 1170 esposuit
895 1092 947 1171 per
973 1110 1038 1153 eum

248 1202 368 1247 crucem
399 1188 507 1266 populo
536 1188 641 1250 ibidem
667 1192 695 1251 in
720 1193 804 1252 curia
827 1190 931 1252 Palatii
964 1209 1039 1252 een·

247 1296 382 1364 gregato,
402 1297 525 1348 atroce
545 1290 653 1368 potenti
673 1292 848 1352 exclamarit
868 1291 982 1352 dicens:
996 1324 1038 1339 -

247 1387 414 1449 Annuncio
424 1389 514 1450 cobis
527 1391 676 1471 pendium
688 1410 839 1472 uinquam.
848 1390 969 1471 Papum
979 1393 1040 1452 lco-

252 1486 458 1547 henuarii).
472 1486 657 1551 cardinatis
668 1490 850 1570 Melptermia
863 1492 979 1552 electus
991 1502 1039 1553 eet

248 1587 284 1646 iu
306 1607 455 1648 summanr
472 1587 665 1667 Pontificem,
682 1601 712 1649 et
730 1592 826 1673 clepit
844 1592 909 1654 eibi
929 1610 1039 1653 nomen

246 1687 464 1749 Innocentium
476 1687 564 1748 Vm.
576 1720 616 1734 --
628 1689 681 1749 llis
691 1689 775 1751 dictis
784 1691 929 1764 omnibus,
943 1709 1038 1771 popu-

248 1788 295 1846 lus
314 1787 498 1860 acclamarit,
510 1806 667 1870 campanae
687 1790 792 1852 Palatii
809 1804 837 1852 et
856 1792 991 1853 basilicae
1005 1792 1038 1852 S.

247 1884 328 1946 Petri
341 1904 409 1946 cum
420 1903 525 1965 magna
539 1892 667 1967 potentia
677 1892 807 1971 pulsatae
818 1904 897 1966 sunt,
907 1903 936 1953 et
951 1910 1038 1971 scop-

246 1986 362 2063 petterii
398 1988 544 2050 custodiae
572 1989 676 2050 Palatii
706 1992 736 2051 in
766 1991 948 2071 triumphum
978 1992 1040 2053 sine

247 2085 458 2148 intermissione
494 2102 659 2170 scoppettos
690 2104 826 2154 oneratos
859 2095 1041 2166 emiserunt,

248 2203 401 2264 quousque
420 2188 531 2249 electus
548 2189 681 2254 Pontifex
700 2210 736 2253 ex
755 2192 872 2254 basilica
891 2193 1039 2273 praedicta

247 2285 284 2345 ad
302 2285 448 2348 Palatium
467 2288 606 2351 rediisset.

289 2384 468 2467 Sahsertpris
487 2407 540 2467 per
560 2389 671 2451 dictum
687 2390 870 2465 Pontificem,
889 2406 1040 2475 utsupra,

249 2489 401 2568 capitulis,
431 2491 596 2569 propositae
624 2492 677 2552 sibi
698 2492 818 2554 luerunt
838 2496 947 2574 multae
966 2514 1041 2574 sup·

249 2589 418 2666 plicatioues
455 2609 506 2670 per
541 2590 607 2650 itit.
638 2591 701 2652 llll.
735 2594 927 2669 Cardinalcs,
967 2615 1041 2674 quas

247 2706 347 2750 omnes
360 2689 422 2750 Sua
438 2690 583 2752 Sanctitas
598 2691 790 2756 indifferenter
800 2696 908 2774 absque
920 2698 1039 2758 illarum

246 2790 420 2869 inspectione
438 2775 577 2869 signarit.
586 2793 662 2853 Tum
677 2794 822 2855 Sanctitas
842 2796 904 2856 Sua
920 2797 1040 2858 intrarit

247 2910 370 2970 perram
389 2890 550 2951 sacristiam
566 2893 758 2972 praedictam,
768 2897 796 2955 in
812 2914 869 2975 qua
885 2896 1041 2958 adiaconis

246 2991 449 3053 Cardinalibus
460 2992 473 3050 l
473 2994 516 3053 uit
527 2994 662 3055 omnibus
676 2996 735 3055 suis
751 2999 924 3058 vestimentis
935 3009 1040 3059 erratus

247 3104 275 3152 ιι
290 3091 417 3152 restibus
431 3093 663 3171 praedecessoris
674 3098 718 3155 sui
735 3097 809 3157 sini
827 3098 922 3176 Papae
934 3096 1041 3167 Quarti

248 3192 377 3265 indutus,
390 3211 465 3270 quae
478 3193 584 3254 ibidem
601 3214 652 3273 per
665 3196 824 3256 Sacristam
837 3209 936 3276 parete
948 3208 1042 3271 erant,

247 3292 358 3353 scilicet
377 3293 495 3364 camise,
515 3292 639 3371 diploide
657 3312 693 3354 ex
706 3299 837 3356 setonino
855 3297 935 3370 albo,
951 3308 1042 3373 veste,

249 3404 278 3452 ιι
297 3390 394 3471 sergis
415 3392 481 3451 alba
503 3391 571 3466 lina,
592 3411 651 3455 uno
668 3396 734 3474 pari
751 3396 914 3475 caligarum
929 3398 1041 3459 rubea-

251 3510 320 3552 rum
342 3492 443 3563 roseti,
464 3494 569 3554 calceis
588 3513 622 3554 ex
643 3512 738 3573 panno
759 3508 946 3557 rosato-cum
966 3516 1041 3558 cru·

249 3591 332 3650 cibus
353 3589 476 3669 desuper
498 3596 526 3652 in
548 3594 667 3655 modurn
693 3595 902 3670 sandaliorum,
922 3598 1041 3676 cingulo

248 3695 408 3757 cremesino
429 3713 497 3755 cum
520 3694 699 3756 lernimentis
724 3714 758 3755 ex
783 3714 859 3757 auro
879 3698 1040 3771 massiccio,

248 3793 395 3867 rochetto,
413 3794 533 3867 amictu,
551 3795 628 3868 alba,
649 3795 785 3873 cingulo,
805 3808 834 3858 et
853 3799 927 3859 stola
947 3798 1040 3860 rubea

249 3894 375 3971 pretiosa
399 3912 467 3955 cum
487 3896 574 3973 perlis
584 3916 596 3968 3
612 3894 652 3956 sic
669 3906 787 3974 paratus
807 3896 947 3957 rediitad
969 3916 1041 3977 par·

250 4156 435 4205 authoritatem
461 4162 599 4219 praestare
623 4159 700 4208 alicui
727 4161 804 4211 atteri
829 4175 979 4225 personae,
1010 4170 1039 4216 ιι

250 4233 384 4297 promissa
410 4232 493 4284 cilicia
517 4248 564 4284 seu
582 4235 708 4286 beneficia
730 4240 806 4289 alteri
823 4241 1037 4302 contribuuntur,

252 4313 306 4362 nisi
323 4314 407 4362 sotum
425 4317 451 4363 et
468 4313 607 4364 dumtaxat
624 4317 688 4377 ipsis
708 4318 770 4367 solis
792 4319 896 4369 civibus
916 4321 1038 4373 liomanis

254 4392 365 4442 idoneis.
379 4412 389 4434 ι
405 4392 539 4454 -Papam
551 4394 660 4456 insuper
674 4396 828 4456 promisisse
845 4410 925 4460 super
942 4400 990 4448 hac
1007 4413 1037 4452 re

253 4470 351 4519 huiiam
364 4470 522 4519 emissurum
532 4470 691 4532 plumbatam
704 4476 730 4522 et
741 4475 958 4536 consistorialem,
969 4478 1036 4528 idem

251 4546 385 4597 lnlessura
401 4553 489 4598 certos
507 4562 554 4599 nos
571 4549 669 4600 reddit.
685 4573 695 4593 ·
714 4550 778 4601 Dum
792 4555 888 4615 tamen,
905 4555 1038 4621 subiungit

252 4629 416 4685 anatomiam
433 4627 515 4686 bulla,
530 4633 559 4678 ιι
576 4632 763 4691 praemittitur,
774 4630 859 4691 deret,
874 4643 1038 4689 vacaverant

251 4706 304 4756 duo
320 4708 490 4757 canonicatus
506 4707 706 4768 lateranenses,
717 4713 785 4761 alter
800 4724 849 4774 per
865 4718 987 4773 moriem,
1003 4718 1041 4766 al·

251 4790 295 4833 ter
311 4798 359 4847 per
375 4787 587 4849 resignationem,
598 4801 666 4851 quos
683 4790 797 4852 ipsemet
813 4794 955 4843 contribuit
972 4794 1039 4844 duo·

255 4864 306 4913 hus
319 4865 478 4924 lorensibus,
490 4867 522 4916 de
534 4866 656 4917 districta
669 4874 756 4918 tamen
774 4868 860 4925 Urbis,
871 4871 968 4935 quibus
980 4888 1038 4923 cum

252 4942 461 4993 Conservatores
479 4948 505 4994 et
527 4944 654 4996 Officiates
678 4955 875 5012 repugnarent,
892 4954 974 5003 voluit
994 4967 1040 5005 eos

252 5023 338 5085 recipi
355 5026 488 5085 tamquam
500 5025 572 5074 ciras
583 5030 610 5075 ιι
627 5029 664 5076 ιιι
676 5029 810 5079 mandavit
824 5051 844 5078 ·.
855 5030 947 5082 Postea
959 5034 1040 5097 addit,

253 5101 352 5154 bullam
365 5104 406 5153 his
417 5106 525 5153 incisam
542 5116 606 5155 vere
623 5106 762 5167 cedidisse,
770 5110 818 5159 sed
833 5123 892 5161 cum
904 5114 951 5163 hac
963 5115 1041 5164 dimi·

252 5184 381 5242 notione,
397 5181 520 5232 videlicet
542 5184 612 5246 quod
633 5186 788 5238 reservabat
810 5189 860 5239 sibi
883 5194 1039 5253 potestatem

253 5261 416 5310 concedendi
429 5257 548 5313 abhatia's
566 5260 640 5312 Urbis
658 5263 691 5313 ad
708 5277 782 5315 suum
808 5267 948 5328 placitone
964 5275 990 5320 et
1007 5284 1041 5321 ex

256 5340 328 5389 haila
349 5341 467 5403 originali
491 5342 622 5403 promissa
638 5340 719 5392 deteri
737 5342 798 5394 tecit
814 5347 897 5395 verba
921 5348 979 5411 pitia
995 5330 1049 5400 lto-¹

254 5433 410 5473 morena.
425 5434 484 5471 cum
509 5433 561 5483 quo
584 5422 748 5484 intelligebat
773 5427 895 5476 conterre
917 5406 1043 5479 hanelicia

254 5505 335 5553 etiem
353 5514 404 5550 non
419 5501 533 5560 civibus,
545 5500 687 5551 dummodo
699 5508 903 5566 acceptarentur
912 5520 963 5569 pro
977 5508 1043 5558 eivi-

254 5581 313 5630 hns.
334 5579 465 5643 Quidquid
484 5579 518 5630 de
535 5580 584 5629 hoc
600 5581 649 5639 sit,
672 5580 788 5632 dubitari
810 5596 863 5634 non
878 5590 966 5649 potest
981 5588 1042 5651 quin

253 5658 403 5722 hujusmodi
422 5658 550 5709 beneficia
576 5670 703 5709 concessa
721 5658 815 5713 cetera
831 5678 884 5715 non
900 5665 998 5717 tuerint
1009 5666 1042 5716 ad

254 5738 385 5789 Pontidcis
401 5739 612 5801 heneplacitum,
627 5739 705 5789 etiam
722 5740 826 5793 ateihas
842 5757 895 5797 aon
911 5748 1042 5805 ιιιιιιιιιιις

706 651 988 717 concurrentis
1010 653 1233 719 inuocauru
1253 654 1405 721 ocrtvt.
1446 656 1460 689 ⁸
1851 659 1892 720 sti

1104 810 1173 851 varra
1198 792 1358 870 cappellam
1379 793 1577 872 praedictam,
1596 804 1625 856 et
1653 794 1751 856 sedens
1772 794 1801 854 iu
1826 794 1893 866 aede

1103 891 1268 972 supradicta
1294 891 1372 952 circa
1393 910 1540 966 menmm,
1570 893 1608 954 ibi
1634 896 1740 956 iterum
1766 896 1891 975 signavit

1103 990 1324 1069 supplicationes
1343 1011 1395 1072 per
1409 991 1578 1056 cardinales
1593 1007 1622 1057 et
1635 996 1822 1058 conclavistas
1836 998 1890 1057 sibi

1102 1100 1266 1167 porrectas,
1283 1108 1319 1150 ac
1340 1091 1469 1151 rotulum
1491 1095 1735 1156 conclavistarum
1765 1115 1817 1176 per
1844 1114 1890 1158 me

1104 1186 1144 1248 ibi
1164 1190 1358 1268 propositum3
1374 1192 1458 1252 cuius
1474 1203 1556 1256 tenor
1573 1195 1640 1255 talis
1656 1206 1738 1256 erat:

1146 1320 1186 1337 —-
1207 1288 1290 1350 Motu
1316 1291 1448 1370 proprio.
1475 1292 1594 1353 Dilectis
1622 1290 1687 1354 liliis
1711 1294 1892 1355 conclavistis

1104 1379 1311 1470 infrascriptis,
1340 1385 1390 1462 qui
1410 1384 1439 1443 iu
1461 1387 1593 1446 conclavi
1613 1387 1814 1468 assumptionis
1834 1405 1890 1448 no·

1104 1492 1182 1545 strae
1205 1481 1241 1541 ad
1265 1483 1377 1562 apicem
1397 1487 1502 1546 summi
1524 1485 1718 1564 pontificatus,
1745 1505 1794 1548 seu
1817 1506 1891 1568 apo·

1102 1583 1225 1643 stolatus
1245 1583 1458 1659 interfuerunt,
1479 1585 1630 1666 specialem
1651 1590 1775 1667 gratiam
1795 1589 1893 1650 facua

1105 1684 1245 1756 volentes,
1258 1685 1324 1764 ipsis
1339 1688 1672 1766 omnem‘supellectileur
1689 1707 1821 1750 camerae
1836 1706 1891 1749 no·

1104 1795 1182 1845 strae
1196 1784 1351 1858 conclavis,
1361 1803 1480 1860 aurum,
1490 1798 1654 1866 argentum,
1669 1788 1770 1861 libros,
1787 1799 1893 1861 restes,

1104 1898 1134 1945 et
1154 1903 1355 1964 quascumque
1373 1906 1419 1947 res
1434 1889 1516 1960 alias,
1530 1899 1559 1949 et
1577 1887 1652 1949 bona
1670 1900 1779 1960 nostre,
1799 1886 1890 1948 nibilo

1104 1983 1238 2064 dempto,
1268 2003 1343 2063 quae
1362 1985 1399 2045 ad
1421 1986 1530 2048 dictum
1551 1989 1713 2049 conclavim
1738 1998 1890 2069 apportata

1105 2084 1233 2159 lucrant,
1246 2086 1398 2157 donamus,
1411 2097 1441 2147 ιι
1454 2098 1553 2166 sponte
1563 2088 1733 2166 elargimur.
1750 2087 1890 2148 Similiter

1103 2190 1239 2248 etomnia
1254 2187 1411 2265 lignamina
1426 2187 1579 2248 conclavis.
1595 2187 1677 2260 ltem,
1692 2187 1821 2267 similiter
1834 2186 1889 2247 do·

1104 2306 1207 2349 mmus
1229 2287 1347 2349 cuilibet
1357 2305 1391 2349 ex
1402 2288 1482 2367 ipsis,
1496 2298 1525 2349 et
1541 2284 1605 2350 deri
1618 2287 1752 2347 volumus
1764 2287 1892 2365 quinque

1104 2409 1210 2451 cannas
1227 2389 1311 2469 penui
1331 2387 1406 2450 rosei
1426 2386 1487 2461 tini,
1506 2386 1610 2466 quibus
1623 2406 1653 2449 se
1667 2387 1891 2459 aestimabam,

1104 2502 1139 2549 ut
1151 2488 1286 2550 laborum
1298 2505 1420 2548 suorum
1432 2488 1594 2568 praemium
1606 2488 1743 2566 aliquale,
1758 2499 1787 2549 ιι
1800 2487 1891 2549 nteri-

1104 2602 1168 2651 tum
1179 2601 1405 2667 cousequantur,
1413 2590 1479 2670 ipsis
1488 2589 1518 2649 in
1529 2608 1682 2651 commune
1695 2600 1807 2669 sponte,
1816 2598 1845 2649 ιι
1857 2607 1892 2649 ex

1105 2703 1185 2753 certa
1196 2700 1295 2751 nostra
1307 2688 1424 2751 scicntia
1436 2699 1663 2761 reservamus,et
1674 2700 1821 2750 reservata
1831 2707 1893 2750 esee

1105 2792 1256 2860 volumus,
1277 2800 1307 2850 ιι
1326 2789 1508 2850 decernimus
1526 2789 1585 2849 duo
1602 2789 1695 2850 odicia
1714 2789 1890 2867 scriptorum

1105 2891 1335 2970 apostolicorum
1354 2890 1392 2949 de
1407 2890 1439 2949 ln
1457 2908 1567 2969 prosae
1582 2900 1757 2968 nuncupata,
1776 2888 1799 2947 si
1817 2905 1894 2965 quae

1106 3005 1210 3055 vacant
1241 2994 1277 3053 ed
1302 3013 1450 3073 praesens,
1476 2994 1603 3072 alioquin
1620 2994 1715 3073 primo
1741 3003 1892 3064 vacatura,

1105 3112 1174 3155 cum
1184 3094 1318 3155 ornatibus
1328 3105 1356 3155 et
1367 3095 1486 3173 singulis
1500 3094 1558 3153 suis
1569 3093 1728 3155 bonoribus
1738 3106 1767 3155 et
1777 3094 1893 3154 emolu·

1106 3176 1209 3255 mentis
1218 3194 1362 3255 consuetis
1376 3193 1519 3267 omnibus,
1528 3193 1565 3252 ad
1579 3195 1746 3255 electionem
1760 3197 1891 3274 ipsorum

1106 3296 1196 3357 libere
1213 3294 1321 3372 absque
1336 3294 1434 3372 aliqua
1447 3294 1600 3364 solutione,
1612 3304 1670 3355 'seu
1685 3294 1893 3374 compositione

1106 3415 1175 3457 curu
1202 3396 1324 3455 llatario
1341 3394 1595 3473 supplicationum,
1617 3413 1667 3474 per
1690 3413 1759 3468 uos,
1783 3413 1833 3455 seu
1858 3389 1894 3455 de

1108 3496 1244 3557 mandato
1265 3504 1365 3555 nostro
1377 3536 1387 3566 ,
1411 3506 1463 3554 aut
1490 3495 1518 3553 iu
1543 3494 1702 3573 praeseutia
1727 3503 1825 3555 nostra
1851 3494 1894 3552 si·

1106 3596 1301 3676 guandarum,
1321 3604 1375 3655 aut
1395 3612 1580 3673 quocumque
1600 3596 1659 3656 alio
1679 3594 1820 3666 iacienda,
1840 3612 1894 3672 per

1106 3715 1160 3758 tros
1174 3694 1356 3758 conserenda.
1372 3696 1455 3770 ltem,
1470 3694 1568 3755 iisdem
1578 3695 1721 3767 omuibus,
1731 3706 1760 3757 et
1771 3694 1894 3772 singulis

1105 3798 1278 3877 ampliorem
1294 3796 1419 3876 gratiam
1433 3795 1531 3858 lacere
1549 3798 1686 3871 volentes,
1700 3807 1783 3857 motu
1797 3793 1895 3867 simili,

1106 3915 1214 3971 unum,
1235 3897 1311 3970 duo,
1332 3898 1387 3959 rel>
1401 3899 1456 3958 tria
1477 3895 1664 3971 beneficium,
1685 3915 1736 3958 seu
1757 3893 1894 3956 beneficia

1110 4050 1179 4059 ⁴--s-
1189 4052 1263 4060 ...-
1275 4052 1386 4059 ....-.--
1745 4051 1889 4059 --ν---

1106 4158 1154 4208 sed
1166 4170 1198 4207 nc
1209 4157 1249 4207 lex
1264 4156 1399 4205 videretur
1410 4155 1537 4218 neglecta,
1545 4156 1570 4204 in
1582 4154 1642 4204 albo
1654 4154 1749 4203 civium
1766 4154 1895 4203 Romano·

1105 4249 1164 4285 rum
1180 4234 1248 4297 Papa
1265 4233 1385 4283 adnotari
1402 4232 1515 4295 jubebat
1531 4232 1565 4282 ad
1580 4232 1708 4283 benetlcla
1724 4232 1895 4294 designatose

1105 4319 1133 4364 ιι
1146 4314 1255 4366 decreto
1274 4312 1410 4363 constituit
1420 4312 1444 4361 S.
1457 4312 1484 4369 li
1500 4310 1528 4362 E.
1544 4311 1696 4363 Cardiaaias
1710 4312 1896 4369 omnesones

1105 4396 1234 4446 Romanos
1243 4406 1313 4443 esse.
1327 4392 1411 4456 Super
1423 4392 1528 4455 quibus,
1537 4392 1610 4442 circs
1620 4395 1648 4441 ιι
1663 4390 1809 4451 scriptores
1819 4386 1896 4440 Urbis

1105 4476 1170 4525 satis
1193 4484 1325 4536 superque
1353 4472 1565 4526 conclamarunt,
1581 4468 1700 4517 fraudem
1725 4466 1775 4527 tegi
1800 4466 1895 4516 laetam

1104 4551 1197 4603 luisse.
1207 4552 1240 4602 ht
1251 4562 1302 4599 non
1312 4550 1371 4611 jnre
1381 4547 1553 4610 conqueritur
1561 4547 1723 4609 (laiessura),
1732 4544 1822 4596 subdit
1830 4545 1897 4609 ltay·

1106 4633 1210 4691 naldus,
1220 4630 1340 4681 fraudem
1352 4630 1387 4678 lta
1400 4628 1494 4677 iactam
1506 4626 1540 4676 ab
1551 4625 1702 4677 innocentio
1714 4625 1773 4689 legi,
1784 4625 1832 4676 sed
1842 4627 1898 4673 ani·

1107 4709 1325 4762 madvertendum
1342 4720 1399 4758 eam
1417 4720 1468 4755 non
1487 4705 1568 4768 legem
1585 4705 1678 4765 luisse,
1693 4706 1742 4756 sed
1756 4708 1898 4765 corrupte·

1106 4788 1158 4839 lam
1177 4789 1309 4839 induciam
1327 4786 1361 4836 ad
1376 4785 1536 4848 pontificiam
1555 4789 1713 4847 potestatem
1733 4785 1896 4836 labetactan-

1106 4871 1174 4921 darn:
1183 4868 1402 4932 quandoquidem,
1412 4881 1460 4917 nee
1472 4866 1583 4928 Regibus
1593 4864 1895 4922 velcacsaribus,mulio

1108 4952 1193 5000 minus
1209 4947 1318 4997 urbanis
1330 4945 1525 5008 magistratibus
1537 4945 1607 5000 licei,
1617 4943 1750 4993 Ecclesiae
1766 4940 1896 5004 guberna·

1107 5032 1165 5078 cula
1183 5032 1325 5089 accepturo
1337 5035 1439 5076 summo
1455 5022 1571 5073 Pontidci
1594 5024 1665 5083 leges
1681 5021 1714 5069 de
1725 5018 1896 5070 conterendis

1108 5106 1268 5158 sacerdotiis
1281 5108 1424 5168 imponere.
1437 5101 1580 5154 Sententiis
1597 5099 1712 5150 dirersis
1729 5098 1898 5156 relatis,uai·

1107 5189 1201 5250 cuique
1213 5186 1349 5248 judicium·
1366 5184 1416 5233 Sed
1433 5186 1505 5233 certe
1518 5180 1672 5240 mirandum,
1683 5177 1845 5238 cardinales,
1856 5178 1897 5229 lo·

1110 5265 1185 5329 gibus
1195 5263 1359 5325 adstringere
1370 5261 1484 5311 voluisse
1496 5258 1643 5310 Pontisscem
1654 5256 1779 5315 futurum,
1791 5267 1849 5307 cum
1861 5267 1895 5305 ex

1109 5345 1180 5395 huila
1197 5342 1340 5392 innocentii
1357 5341 1438 5397 Sexti,
1455 5343 1481 5389 ct
1502 5350 1535 5388 ex
1549 5338 1610 5401 jure
1626 5335 1758 5400 pontidcio
1776 5336 1896 5385 contrahi

1109 5426 1222 5485 nequeat
1237 5419 1366 5471 Pontificis
1382 5419 1538 5477 authoritas,
1556 5420 1583 5467 et
1600 5415 1763 5475 cardinales,
1778 5414 1897 5466 Ecclesia

1110 5503 1218 5553 viduata
1233 5499 1349 5557 Pastore,
1366 5499 1434 5548 autin
1453 5498 1503 5547 alia
1519 5487 1679 5547 authoritate
1694 5495 1820 5558 polleant,
1840 5494 1894 5545 nisi

1110 5582 1188 5632 dandi
1206 5592 1303 5631 norum
1319 5577 1382 5628 Orbi
1398 5578 1568 5636 antistitem
1585 5580 1612 5625 et
1628 5579 1669 5626 est
1685 5574 1740 5625 iere
1757 5574 1897 5637 inexplica-

1110 5662 1173 5721 hlie,
1189 5659 1330 5723 Collegium
1347 5656 1522 5709 cardinalium
1538 5656 1565 5707 ln
1581 5655 1667 5707 bullas
1684 5660 1711 5706 ιι
1730 5652 1896 5706 constituito·

1110 5753 1159 5793 nes
1174 5739 1324 5791 Pontificum
1341 5738 1516 5801 conspirasse.
