4492 6859
307 688 418 775 (tren

313 832 433 905 ienensi,
446 829 703 915 archipresbytero
719 833 902 906 lateranensi,
916 836 940 896 si
955 835 1101 897 interesset

313 948 349 993 ae
364 942 482 1013 propter
501 933 659 1015 podagram
680 935 807 996 officium
826 934 992 1014 hujusmodl
1011 954 1100 1017 pera·

313 1052 383 1113 gere
404 1043 509 1113 posset,
529 1037 657 1114 attoqmn
671 1035 769 1099 Priori
784 1036 975 1099 diaconorum
993 1037 1100 1100 Cardi-

313 1134 424 1195 naiium
451 1135 587 1210 offerret,
608 1137 659 1215 qui
686 1154 750 1197 eam
774 1135 906 1199 Pontifici
931 1137 1100 1218 porrigeret

311 1233 509 1308 osculandam,
529 1245 560 1297 et
579 1233 645 1297 inde
661 1254 725 1298 mm
741 1237 793 1317 ipsi
809 1234 902 1317 priori
921 1237 1098 1299 restitueret.

310 1332 380 1394 Post
395 1333 466 1397 haec
479 1335 585 1397 Priore
604 1336 677 1417 ipro,
691 1348 720 1400 et
735 1337 878 1399 canonicis
891 1337 1000 1418 antiph.
1015 1338 1100 1401 Ecce

309 1435 458 1497 socmdnr
471 1455 613 1518 mopsus,
626 1435 726 1499 deinde
746 1436 789 1498 re
805 1428 904 1500 Deum
924 1439 1099 1513 inridentur,

308 1533 537 1611 decantantibus,
557 1537 806 1617 processionaliter
827 1537 1035 1615 incedentibus,
1061 1539 1100 1599 ad

309 1630 406 1711 majus
430 1636 524 1698 eitam
550 1636 751 1717 procederent,
777 1637 826 1699 nbi
854 1637 950 1720 Pepa,
971 1638 1099 1720 deposito

309 1850 465 1911 oposcninm
482 1851 514 1901 da
526 1850 641 1902 ioiraaso
657 1853 779 1915 Pupissn.
790 1858 897 1905 auctore
914 1855 1010 1907 Donido
1023 1856 1099 1907 Bion-

305 1928 628 1987 deiimatieosamdiiocai
639 1930 802 1995 (desistetis
816 1932 927 1985 raduine
941 1935 971 1985 ds
990 1934 1099 1998 hurso

304 2007 420 2059 emesa
430 2014 481 2060 eto.
490 2010 614 2065 eotomaa
624 2013 780 2076 Agrippinae
797 2016 883 2074 idid.)
893 2016 938 2080 qui
949 2016 1098 2068 testimonia

305 2088 498 2151 quampiurima
522 2090 667 2152 praedictis
694 2091 821 2155 operibus
850 2096 970 2144 recitant.
991 2094 1044 2146 ties
1063 2095 1099 2147 ds

306 2164 354 2216 isac
365 2179 394 2216 re
406 2178 555 2219 sermonem
565 2168 679 2221 habituri
688 2174 788 2222 erimus
797 2173 892 2224 iterum
911 2172 945 2223 ad
957 2186 1018 2223 anns
1029 2173 1099 2236 stede

307 2243 355 2293 sed
366 2244 409 2294 tic
419 2256 518 2308 operas
528 2249 699 2309 pretiamarit
712 2250 814 2313 integra
825 2252 939 2302 recitare
948 2250 1096 2304 ednctatto·

306 2335 366 2374 nem
377 2325 409 2373 ci·
417 2324 451 2375 ds
462 2326 608 2393 trequim
616 2327 649 2378 ad
659 2328 878 2382 uuncdnrcaerdt
889 2330 973 2381 incarn
986 2336 1013 2383 et
1024 2342 1097 2383 com·

307 2402 463 2453 monterium
469 2404 608 2456 iiabtticnii
616 2406 649 2457 ad
660 2408 744 2459 iocum
753 2408 843 2460 cancii
851 2411 1097 2473 supertusreistum.

309 2499 319 2518 ·
329 2480 367 2530 On
378 2493 392 2530 e
402 2493 449 2531 cru
456 2484 554 2547 (voyez
561 2482 781 2548 stondataeopem
795 2487 1030 2553 ieonne,iom.1,p.
1042 2492 1097 2552 dds,

306 2560 330 2608 at
345 2558 403 2608 snio
422 2561 431 2618 ι
447 2571 500 2624 qua
521 2559 538 2609 ι’
547 2574 626 2625 usage
642 2562 675 2613 de
691 2564 715 2613 ia
737 2563 822 2616 cisitu
841 2566 986 2628 pretendas
1005 2568 1098 2630 prodo·

306 2638 379 2698 scire,
390 2650 465 2689 cassa
481 2638 496 2688 ι
514 2639 529 2687 i'
540 2641 700 2691 instattation
716 2642 743 2692 d'
752 2643 879 2693 innocent
894 2644 954 2695 Viti.
965 2646 1003 2696 0n
1016 2645 1070 2696 cite
1082 2647 1097 2697 ι

307 2730 338 2768 cs
355 2722 424 2781 quet
440 2731 492 2769 unc
507 2719 667 2781 epigramms
683 2722 720 2773 dn
736 2727 813 2784 poete
829 2724 955 2784 uerutis,
970 2724 1004 2775 od
1021 2723 1038 2773 tt
1055 2731 1097 2779 ast

307 2797 347 2847 dit
362 2798 452 2861 qu'un
472 2799 577 2848 n‘auoit
594 2811 641 2862 pas
659 2813 691 2849 en
709 2800 769 2852 eiiet
785 2802 878 2852 besuin
894 2802 927 2851 de
943 2802 1096 2855 chercnerd

306 2875 447 2927 s'assurer
467 2877 501 2928 dn
517 2889 581 2928 sexa
598 2878 631 2929 de
648 2891 678 2929 ce
694 2878 777 2943 Papae
791 2883 836 2944 qu'
848 2882 864 2930 it
881 2882 947 2933 etoit
963 2895 1039 2934 assez
1056 2888 1096 2934 st·

307 2955 376 3005 teste
394 2968 443 3018 par
460 2956 484 3005 te
500 2956 610 3005 nombre
627 2956 660 3006 de
677 2958 839 3016 sesenians.
857 2958 1011 3022 Cependani
1028 2961 1094 3012 iinr·

305 3032 370 3083 card
391 3032 431 3083 dit
450 3033 555 3096 qu'une
570 3034 619 3084 des
634 3034 799 3087 ceremonias
822 3037 921 3088 deson
943 3050 1096 3088 courcnne·

304 3116 388 3170 ment,
402 3111 442 3163 tut
458 3113 493 3163 de
510 3113 598 3164 assoir
613 3126 660 3163 sur
676 3115 700 3164 ia
716 3114 978 3175 ctatrsstsrcoroirs,
991 3118 1036 3181 qui
1053 3131 1095 3169 me

303 3190 391 3252 parcit
408 3191 431 3240 ia
450 3190 543 3252 meme,
558 3204 611 3256 que
627 3194 695 3243 ceiie
707 3194 750 3256 qu'
762 3207 795 3243 on
808 3197 934 3245 nommoit
945 3201 1016 3246 aussi
1031 3209 1095 3259 pro·

303 3267 409 3320 moire.
437 3269 540 3320 c‘eioit
556 3284 590 3320 nn
608 3270 679 3334 stege
695 3271 728 3321 de
746 3271 872 3333 manbre,
887 3274 962 3336 piace
985 3286 1048 3324 sons
1070 3275 1094 3325 ie

303 3350 426 3413 porttque
436 3347 498 3399 des
518 3347 583 3400 isan
596 3348 630 3399 de
647 3349 750 3407 tatran,
762 3353 789 3400 et
801 3364 847 3401 sur
859 3353 882 3403 ie
894 3353 955 3416 quai
968 3353 992 3403 ie
1003 3352 1095 3404 Prteur

306 3431 334 3476 et
351 3428 390 3478 ies
406 3426 555 3478 chaonides
571 3427 604 3479 de
621 3426 726 3487 intras,
741 3430 865 3482 iaisoient
876 3432 980 3482 asseoir
991 3433 1094 3485 tenon-

303 3516 371 3555 veau
392 3504 480 3567 Pape;
497 3506 534 3555 ies
551 3504 701 3558 Cardianus
718 3510 822 3559 ensuite
839 3510 862 3560 te
885 3510 1033 3561 raiaroient
1059 3523 1093 3564 en

302 3584 429 3633 attentant
445 3584 470 3633 io
486 3588 594 3635 versate
610 3585 718 3637 suscitet
733 3586 763 3637 ds
785 3586 890 3649 potuere
903 3600 1010 3651 somam
1025 3592 1048 3640 et
1063 3591 1094 3643 ds

303 3662 442 3712 snscoaa
458 3663 531 3726 sript
539 3665 766 3727 pauperem.vottt
778 3667 988 3719 manifestemcnt
999 3679 1030 3719 ce
1041 3682 1092 3732 qus

302 3738 332 3790 tit
356 3741 458 3792 donner
473 3742 487 3792 ι
503 3746 573 3793 cette
600 3745 690 3794 chatra
707 3744 811 3802 tenum
836 3745 870 3796 de
892 3746 979 3797 etone
994 3749 1094 3798 sinco-

301 3820 380 3870 rns'rc.
390 3820 425 3870 οι
442 3832 473 3870 ca
489 3832 561 3881 nom,
578 3822 717 3885 rappeiant
733 3835 785 3874 une
801 3823 860 3875 idea
872 3828 944 3877 tonte
955 3826 1093 3879 differente

303 3897 338 3946 de
354 3899 420 3947 cette
437 3896 462 3947 d'
473 3911 507 3947 un
524 3898 595 3962 siege
607 3900 764 3961 d'isonnaur,
780 3915 813 3952 un
830 3905 945 3956 charcha
956 3906 971 3956 d
982 3906 1093 3962 deviner

303 3975 328 4025 is
341 3976 417 4025 motii
430 3989 497 4038 pour
514 3977 537 4025 te
554 3978 614 4039 quei
631 3990 665 4028 on
682 3991 715 4029 en
732 3980 820 4030 iaisoit
838 3995 917 4045 usage
929 3996 962 4034 en
979 3985 1091 4048 pereitte

302 4052 461 4111 adremontea
483 4057 510 4103 et
527 4054 566 4106 tes
582 4057 702 4105 ennemis
717 4056 752 4107 de
769 4059 792 4108 ie
809 4072 875 4112 cour
886 4053 1019 4121 denome,
1031 4076 1091 4126 pro·

301 4131 378 4197 dtant
388 4133 421 4182 ds
430 4132 547 4195 i’especa
556 4133 590 4185 de
602 4136 812 4189 ureisembtence
827 4138 841 4189 i
859 4141 883 4190 ta
895 4142 983 4204 quetis
996 4143 1092 4207 t'enui·

301 4223 389 4273 voque
415 4210 524 4261 donnott
552 4213 623 4275 iieu,
639 4222 818 4279 snppcsarent
834 4231 886 4282 qua
903 4224 973 4275 cette
1000 4223 1090 4275 chaire

300 4291 376 4339 auoit
390 4289 432 4341 ata
454 4290 596 4354 imagines,
613 4306 627 4341 a
644 4292 680 4344 dn
696 4296 722 4345 d’
733 4293 818 4347 dviter
841 4299 857 4347 t·
869 4311 963 4349 erreur
980 4300 1012 4351 od
1029 4302 1044 4351 ι’
1056 4314 1089 4354 oa

300 4370 367 4421 etoit
385 4369 481 4430 tumbe,
496 4383 529 4420 en
546 4372 640 4422 etisant
655 4385 723 4437 pour
738 4375 806 4439 Papa
823 4390 873 4427 una
895 4378 1005 4432 iemmm
1022 4380 1089 4432 ainsi

298 4449 324 4497 ta
341 4450 432 4501 chaire
448 4451 600 4502 surcoroirs
615 4454 656 4503 tut
670 4454 757 4517 eriges
778 4467 811 4507 en
832 4457 921 4508 eisaira
934 4459 1087 4520 nroimoira.

300 4553 333 4564 -·
349 4529 386 4581 0n
411 4528 470 4581 diri
495 4532 544 4580 cite
561 4532 579 4582 ι’
590 4532 751 4595 epigramme
768 4534 801 4585 de
824 4536 931 4587 Neruiis
946 4543 1023 4601 porte
1043 4552 1089 4589 sur

299 4619 333 4657 ce
349 4621 400 4672 que
417 4609 441 4659 ie
457 4621 525 4672 papa
542 4611 668 4661 innocent
684 4609 737 4666 tttt
753 4624 786 4663 na
803 4614 900 4665 s'assit
916 4616 992 4678 point
1007 4618 1088 4668 suria

299 4686 390 4738 chaire
406 4688 470 4739 dont
486 4689 503 4738 tt
519 4690 594 4752 paria
605 4708 613 4748 3
625 4694 651 4740 et
668 4703 719 4754 qne
737 4706 785 4755 per
802 4693 1087 4758 consequenterque

299 4769 420 4824 raconte,
437 4776 470 4815 ne
486 4768 764 4830 peuts'entendrede
781 4771 804 4820 ta
821 4772 910 4821 chaire
928 4772 1087 4832 ιιοιοοιαιιις

298 4846 366 4895 mats
382 4846 458 4895 saion
474 4845 609 4905 Burcard,
627 4848 734 4912 iorsque
750 4849 774 4900 te
790 4849 858 4916 Pape
874 4850 914 4901 tut
931 4852 1019 4901 arrius
1040 4852 1089 4902 de-

299 4928 365 4975 vant
381 4924 404 4975 ie
421 4924 508 4988 patais
524 4924 558 4975 de
568 4924 674 4986 Latrsn,
685 4927 709 4977 ia
720 4926 790 4977 ionia
806 4933 834 4977 et
850 4928 874 4978 ie
891 4931 1001 4983 tumutte
1013 4931 1088 4981 s‘ao·

298 5008 408 5053 crnrent
425 5002 439 5053 d
455 5004 491 5055 tei
508 5005 593 5067 point,
609 5006 671 5069 qu'it
688 5011 783 5057 courut
799 5010 913 5072 quelque
930 5008 1043 5072 densere
1061 5016 1087 5060 et

298 5080 349 5131 i'on
366 5093 400 5133 ae
416 5086 463 5145 put
480 5085 618 5147 pratiquer
634 5085 700 5136 dans
717 5086 741 5134 is
758 5086 809 5135 iiau
827 5087 957 5137 ordinaire
975 5088 998 5137 ia
1015 5089 1087 5139 cere·

301 5162 388 5211 monia
409 5161 473 5212 dont
497 5161 514 5210 ii
533 5161 623 5226 s'sgit.
642 5162 660 5212 ii
678 5164 746 5214 n'an
768 5165 849 5216 iatioit
869 5179 917 5228 pas
941 5166 1087 5231 deseninge

298 5252 368 5301 pour
395 5240 550 5291 occasioner
566 5240 583 5288 ι’
593 5241 761 5304 epigramma.
787 5244 804 5293 ii
828 5259 846 5308 y
873 5258 887 5293 s
915 5247 970 5296 tout
987 5247 1038 5296 iieu
1053 5246 1086 5297 da

298 5320 386 5369 croire
402 5330 454 5382 qua
470 5320 495 5370 ta
510 5318 597 5369 eisin
611 5321 769 5380 stercorcire,
787 5334 819 5373 ua
834 5323 874 5373 int
887 5323 982 5387 lamnis
997 5325 1041 5387 qu’
1051 5337 1086 5374 un

301 5399 441 5457 erabteme,
459 5396 604 5450 auur-bien
620 5410 672 5462 qne
689 5400 705 5449 ι’
713 5400 809 5462 stoupa
825 5403 871 5465 qu’
881 5416 915 5451 on
932 5402 1028 5452 brdtort
1039 5402 1087 5453 de·

300 5482 365 5529 aaut
381 5479 406 5528 ie
421 5477 499 5542 Papa,
514 5490 547 5528 an
564 5478 704 5528 chantents
719 5476 761 5529 Sic
776 5480 871 5529 tenuit
890 5480 975 5544 pierio
990 5480 1088 5531 mundi.

299 5557 338 5608 On
355 5558 391 5607 tui
406 5557 537 5621 rappeiott
551 5568 602 5620 par
617 5559 687 5607 cette
703 5555 800 5608 donbie
823 5559 960 5623 aiidgoria,
977 5561 994 5610 ι’
1005 5563 1088 5611 insta·

302 5637 378 5687 biiite
394 5636 441 5687 des
458 5635 603 5701 grandenrs
619 5634 653 5685 de
670 5647 701 5686 ca
718 5636 822 5698 monde,
837 5646 864 5689 at
881 5638 903 5687 ta
920 5640 1030 5689 hauteur
1051 5639 1085 5691 dn

298 5728 365 5777 rana
380 5715 413 5766 ot'r
429 5725 462 5765 on
481 5716 570 5767 senoit
591 5715 625 5765 da
649 5715 774 5765 i’dieser.
795 5737 805 5758 ·
825 5744 843 5754 ω
868 5715 914 5781 Op.
930 5717 1013 5768 sicui
1031 5717 1085 5778 cit,

295 5808 323 5857 p.
341 5796 381 5857 79,
396 5796 434 5845 sd.

787 692 1073 759 semiustus
1096 691 1318 759 tttttucettttt
1339 691 1491 758 uetiti.
1913 694 1954 756 dd

1170 851 1272 914 regno,
1287 843 1387 894 oraret
1406 834 1437 893 in
1458 831 1618 893 inidistorio
1639 831 1819 912 genuflexus
1835 827 1955 906 Deinde,

1169 944 1287 1014 accepta
1310 933 1407 1003 mitra,
1428 930 1455 991 in
1473 932 1559 993 attari
1575 934 1682 1013 popuio
1696 931 1887 1006 bstedicaret,
1904 950 1955 994 so·

1169 1034 1305 1096 iemniter
1319 1034 1437 1095 diceris:
1454 1032 1507 1093 stt
1525 1050 1635 1094 rossan
1649 1043 1717 1106 ete,
1734 1032 1843 1111 absque
1856 1030 1956 1092 indui·

1166 1134 1330 1215 gentiacum
1345 1132 1547 1213 publicatione.
1564 1132 1765 1194 Benedictione
1779 1131 1857 1204 data,
1872 1131 1952 1212 Papa

1165 1251 1236 1295 cum
1260 1234 1345 1298 mitra
1376 1232 1413 1293 ad
1442 1232 1539 1294 sedem
1566 1250 1762 1294 marmoream
1782 1233 1952 1294 eminentem

1166 1334 1341 1415 prsedtetam
1361 1332 1567 1407 accederet,et
1588 1334 1616 1395 in
1634 1352 1668 1395 ea
1689 1334 1799 1404 sedens,
1820 1332 1953 1394 Priorem

1166 1445 1197 1496 et
1216 1432 1367 1496 canonieus
1386 1430 1548 1516 praedictos
1568 1433 1604 1493 ad
1625 1432 1703 1514 pedis
1724 1434 1856 1495 omnium
1874 1434 1954 1494 reci-

1165 1545 1254 1615 perat.
1277 1533 1386 1598 iieinds
1416 1531 1453 1596 ad
1481 1534 1620 1615 palatium
1641 1533 1833 1597 interamnae
1861 1533 1953 1595 duce·

1167 1645 1248 1696 retur
1255 1655 1266 1709 3
1286 1632 1337 1697 sed
1354 1644 1475 1718 propter
1500 1633 1658 1697 tumultum
1680 1636 1860 1716 praedictum
1874 1635 1953 1699 dass

1166 1774 1242 1786 ᾖ..

1207 1848 1235 1899 in
1250 1849 1438 1898 commentario
1453 1848 1596 1900 idabiiioatt
1612 1849 1646 1899 ad
1662 1849 1786 1901 &dinam
1807 1852 1951 1903 Romanum

1166 1938 1223 1989 pag.
1239 1925 1329 1979 cxxi.
1344 1927 1392 1984 (ie
1406 1926 1471 1979 tiss.
1486 1926 1541 1978 itoi.
1557 1928 1599 1977 cit.
1612 1930 1629 1988 i,
1646 1927 1711 1980 haec
1720 1929 1756 1981 da
1768 1930 1835 1990 seda
1850 1934 1954 1981 sterco-

1166 2004 1237 2056 raris
1255 2004 1412 2058 adnotentur
1436 2033 1462 2042 -
1482 2025 1493 2047 ·
1511 2005 1637 2070 superest
1653 2007 1885 2073 investigandam.
1900 2021 1952 2071 ouo

1166 2078 1286 2147 tempore
1303 2085 1374 2135 sedis
1391 2083 1460 2135 itiins
1476 2085 1605 2149 lapideae,
1615 2099 1692 2150 qnam
1709 2088 1801 2151 vuinus
1818 2091 1953 2139 stercora·

1166 2162 1231 2212 riam
1249 2166 1336 2223 vocat,
1352 2174 1417 2213 usus
1434 2164 1571 2226 coeperit,
1588 2177 1675 2228 quove
1696 2169 1814 2230 tempora
1835 2166 1953 2218 desierit.

1166 2240 1214 2301 Qut
1239 2242 1316 2291 istius
1343 2240 1415 2291 sedis
1442 2242 1569 2305 anginam
1586 2242 1620 2294 ad
1636 2244 1886 2309 pseudo-papissae
1911 2244 1954 2297 io·

1167 2321 1279 2372 nannum
1302 2319 1439 2380 reierunt,
1456 2320 1532 2372 tacite
1549 2334 1582 2372 ex
1598 2324 1649 2374 troc
1665 2322 1855 2383 revincuntur,
1881 2326 1953 2389 quod

1166 2400 1237 2450 nutis
1253 2398 1383 2461 eiusmodi
1400 2399 1472 2450 sedis
1489 2402 1587 2451 mentio
1603 2407 1664 2454 anta
1681 2405 1816 2455 soecnium
1828 2404 1952 2466 xiiiacta

1166 2477 1307 2527 invenitur.
1324 2475 1398 2538 Quod
1414 2479 1443 2527 ut
1460 2478 1553 2529 matins
1572 2480 1742 2545 inteiligatur,
1754 2487 1847 2533 notare
1866 2483 1953 2546 Juvat,

1166 2554 1233 2605 hunc
1249 2566 1348 2604 morem
1367 2554 1400 2604 ab
1417 2556 1516 2619 aitquot
1532 2560 1646 2609 saecutis
1663 2562 1688 2610 in
1706 2573 1834 2612 novorum
1850 2559 1955 2612 Pontid-

1166 2646 1224 2683 cum
1241 2633 1406 2684 institutione
1422 2633 1563 2686 observari
1579 2639 1697 2700 solitum,
1709 2644 1737 2692 nt
1753 2642 1854 2692 eiectus
1866 2642 1891 2691 tn
1906 2653 1954 2691 ac-

1165 2708 1276 2758 ciesiam
1293 2706 1493 2759 iateranensem
1511 2710 1695 2773 introductus,
1711 2713 1797 2777 primo
1813 2718 1839 2769 in
1857 2714 1952 2772 throno

1165 2784 1317 2847 ponttdcatt,
1327 2788 1371 2849 qui
1384 2786 1409 2836 in
1423 2788 1513 2851 apside
1526 2789 1595 2839 titius
1612 2789 1735 2841 basilicae
1752 2793 1863 2848 antehac
1880 2797 1954 2847 exis·

1166 2862 1220 2922 bat,
1236 2866 1320 2927 primo
1332 2864 1521 2925 coitocaretnr;
1534 2866 1578 2917 ubi
1592 2880 1683 2919 omnes
1699 2871 1839 2936 episcopos
1850 2874 1877 2922 et
1888 2874 1953 2922 car·

1164 2941 1276 3002 dinaias,
1292 2949 1321 2993 ut
1339 2944 1454 3007 loquitur
1469 2943 1635 3005 Cencius,ad
1651 2951 1769 3000 osculum
1786 2950 1955 3012 admittebat,

1164 3019 1259 3071 deinde
1274 3021 1308 3071 od
1323 3023 1407 3072 sedem
1423 3022 1559 3085 iunidsnm,
1569 3026 1908 3091 oncedicitsrrtaroororis,
1924 3030 1951 3081 in

1164 3101 1266 3161 porticu
1282 3100 1401 3157 eiusdem
1430 3102 1556 3152 bastiicae
1574 3105 1643 3154 inter
1659 3105 1725 3156 duas
1742 3107 1813 3160 iores
1834 3109 1954 3169 existen,-⁵

1165 3182 1227 3233 tem,
1239 3177 1425 3240 adduceretur,
1441 3183 1467 3230 in
1485 3194 1567 3245 eaque
1585 3183 1699 3244 sederet,
1716 3197 1774 3235 cum
1791 3186 1896 3237 interim
1909 3198 1952 3236 ca·

1164 3262 1273 3307 necetur
1290 3256 1333 3307 isio
1349 3259 1497 3310 versiculus
1513 3273 1547 3309 ex
1564 3262 1664 3323 psaimo
1681 3262 1754 3314 ciiii.
1777 3263 1885 3315 susciten
1907 3268 1952 3316 rio.

1163 3333 1256 3386 Postea
1283 3336 1427 3399 perductus
1451 3337 1485 3390 ad
1508 3340 1653 3403 sappetiam
1677 3342 1702 3391 8.
1718 3341 1841 3393 Stirestri
1867 3356 1953 3407 propa

1163 3412 1341 3471 iateranense
1358 3416 1547 3478 petatiumubi
1563 3417 1630 3474 duae
1647 3424 1722 3474 erant
1740 3421 1819 3472 sedas
1835 3422 1952 3487 porphy-

1163 3497 1279 3550 reticae,
1295 3494 1382 3557 primo
1399 3494 1506 3545 sederet
1522 3496 1555 3545 ad
1572 3496 1711 3557 dexteram,
1726 3498 1753 3548 in
1770 3512 1821 3562 qua
1843 3513 1892 3550 nna
1916 3515 1949 3552 ex

1162 3571 1214 3623 ittis
1239 3571 1367 3631 sedibus,
1384 3577 1491 3637 tumque
1518 3574 1606 3625 cinnes
1633 3574 1756 3628 basiticae
1773 3591 1788 3627 a
1808 3577 1898 3630 Priore
1925 3579 1949 3630 s.

1162 3651 1293 3701 Laurentii
1310 3654 1442 3714 acciperet
1459 3653 1484 3702 in
1502 3654 1602 3715 signnm
1621 3654 1755 3719 regiminis
1767 3660 1951 3709 eicorreciin·

1161 3732 1219 3786 nisi
1237 3731 1341 3782 demum
1360 3730 1392 3781 ad
1409 3731 1544 3782 sinistram
1561 3734 1586 3782 in
1604 3734 1686 3784 attera
1702 3738 1826 3799 positus,
1841 3738 1948 3790 easdem

1161 3812 1251 3860 ctases
1268 3809 1353 3861 eidem
1371 3808 1451 3866 Priori
1469 3812 1632 3861 restitueret.
1649 3811 1721 3864 iiaec
1739 3828 1773 3870 ex
1785 3815 1950 3873 iihrocencii

1161 3888 1203 3940 hic
1220 3889 1306 3939 aedito
1323 3889 1434 3939 strictim
1453 3888 1555 3940 reterre
1572 3890 1655 3944 risum
1673 3897 1714 3942 est
1728 3930 1736 3952 ,
1751 3898 1778 3946 ut
1799 3908 1891 3949 omnes
1908 3899 1950 3947 in·

1162 3967 1288 4029 teiitgant,
1303 3966 1394 4016 sedern
1412 3967 1480 4016 itiam
1498 3980 1565 4030 quae
1583 3971 1742 4020 stercoraria
1759 3972 1827 4023 dicta
1839 3978 1880 4023 est
1896 3987 1949 4025 non

1160 4049 1194 4102 iia
1212 4045 1294 4099 inisse
1311 4047 1470 4109 appeiiatam
1493 4047 1569 4109 qnasi
1590 4053 1662 4098 esset
1682 4050 1816 4111 perforata
1837 4054 1948 4116 (nequa

1160 4127 1230 4179 enim
1247 4127 1356 4188 pertusa
1373 4128 1439 4182 erat,
1457 4125 1493 4176 uti
1510 4125 1594 4175 ocutis
1609 4126 1659 4189 ipsi
1676 4128 1848 4191 probavimus
1861 4135 1883 4190 i,
1900 4132 1947 4182 sed

1159 4203 1238 4272 quod,
1250 4201 1372 4253 Pontidce
1383 4202 1409 4252 in
1426 4215 1456 4252 ea
1473 4205 1570 4261 stante,
1586 4204 1650 4255 irasc
1668 4207 1761 4268 pssimi
1772 4205 1846 4259 ciiii.
1863 4209 1954 4282 rerba¹

1158 4283 1331 4333 canerentur:
1344 4283 1367 4332 et
1382 4281 1412 4330 ds
1422 4284 1531 4331 stercore
1541 4282 1615 4345 cripit
1628 4295 1777 4347 pauperent.
1788 4283 1858 4336 iiaec
1870 4287 1948 4339 sedes

1159 4375 1191 4411 ex
1210 4372 1342 4411 marmora
1357 4362 1473 4421 constat,
1484 4360 1552 4411 attae
1565 4373 1629 4411 sero
1640 4361 1709 4413 dnae
1724 4375 1758 4413 es
1775 4366 1943 4430 porphyrite:

1159 4444 1356 4505 supersuuique
1373 4452 1465 4494 omues
1481 4453 1541 4494 cum
1564 4452 1764 4505 superuacanea
1783 4445 1946 4508 supeiiaciiie

1158 4524 1183 4570 in
1201 4521 1340 4586 peristytin
1367 4518 1556 4579 dauracensi,
1587 4525 1615 4570 ut
1637 4521 1663 4571 in
1683 4521 1773 4574 ttinere
1791 4522 1881 4574 itoiico
1903 4524 1946 4575 dt·

1158 4602 1253 4650 ximus.
1268 4597 1365 4650 liscum
1383 4598 1485 4648 sedium
1497 4600 1542 4661 qui
1552 4600 1700 4650 meminerit
1710 4602 1799 4651 inveni
1817 4606 1945 4655 neminem

1158 4684 1218 4729 ante
1234 4675 1412 4739 Pandniphnm
1430 4688 1510 4739 snpra
1528 4678 1668 4726 laudatum.
1686 4676 1751 4729 iiam
1768 4679 1795 4730 in
1811 4683 1945 4733 creatione

1156 4758 1317 4817 tonstrinum,
1334 4759 1378 4819 qut
1396 4760 1456 4819 post
1472 4755 1583 4807 Leonem
1602 4756 1640 4804 iii.
1660 4760 1723 4820 (cui
1741 4760 1945 4825 pseudo-papis·

1157 4851 1212 4887 snm
1231 4840 1300 4886 ittam
1318 4835 1480 4886 successisse
1497 4834 1666 4898 iabuiantnr)
1682 4840 1841 4899 eiectisunt,
1852 4855 1943 4891 omnes

1157 4918 1184 4967 in
1199 4916 1263 4967 soiio
1278 4913 1445 4978 patriarcisnii
1461 4916 1528 4965 intra
1544 4915 1682 4968 Basilicam
1703 4920 1809 4983 posito,
1825 4921 1944 4971 coiiocati

1156 4995 1337 5058 perhibentur,
1355 5008 1406 5045 non
1429 5006 1493 5044 vero
1509 4996 1535 5045 in
1552 4995 1610 5045 istis
1627 4996 1756 5058 sedibus,
1776 5009 1845 5061 quaa
1866 5002 1944 5048 extra

1158 5077 1292 5127 bastiicam
1310 5076 1412 5139 positae
1424 5079 1499 5125 erant
1517 5074 1607 5125 ...iix
1623 5088 1675 5138 qno
1693 5077 1854 5140 inteligitur,
1875 5077 1943 5127 nitri·

1157 5157 1217 5207 bum
1236 5159 1360 5206 novatum
1376 5154 1467 5204 inisse.
1482 5187 1488 5201 .
1501 5188 1526 5201 ..

1197 5235 1234 5285 Ex
1247 5237 1287 5286 his
1299 5234 1406 5297 tatatttgt
1417 5246 1466 5296 par
1477 5238 1529 5291 ast,
1541 5233 1736 5296 praedictarum
1748 5233 1849 5284 sedium
1859 5246 1943 5293 naues,

1157 5313 1231 5377 iunge
1249 5317 1309 5363 ante
1327 5316 1415 5363 natam
1432 5311 1671 5375 pseudo-papissae
1688 5311 1801 5362 nantem
1822 5313 1849 5362 in
1869 5324 1942 5363 orsa·

1156 5395 1226 5442 tione
1242 5389 1373 5442 Ponttdcis
1385 5392 1514 5440 invectam
1531 5389 1624 5448 tuisse,
1636 5391 1741 5439 tametsi
1753 5389 1862 5453 hujusce
1874 5390 1941 5443 ritus

1155 5486 1234 5523 causa
1252 5475 1395 5535 ignoretur.
1409 5491 1419 5512 ·

1195 5551 1257 5602 vido
1273 5552 1351 5601 ettam
1369 5552 1544 5601 narrassent
1568 5553 1746 5602 rroatrasrs
1765 5550 1844 5606 mmo
1858 5552 1941 5601 ricer-

1154 5635 1211 5681 ento
1227 5628 1267 5681 nei
1282 5642 1328 5679 ssa
1343 5629 1400 5690 sito,
1427 5629 1544 5692 piornoto
1567 5629 1683 5689 dectsno,
1698 5643 1756 5694 pap.
1774 5630 1820 5681 idi
1840 5633 1867 5680 et
1883 5642 1939 5692 seq.

1153 5710 1258 5770 riensi.
1275 5712 1362 5768 tede),
1373 5709 1418 5772 qut
1435 5710 1584 5760 testimonie
1601 5709 1790 5774 quampinrtma
1802 5721 1882 5773 super
1899 5721 1940 5758 ar·

1153 5794 1274 5860 gumcnto
1292 5789 1394 5840 recitat.
1658 5857 1672 5903 i
