4492 6859
256 635 370 720 (⁴⁴⁸⁰)

250 783 293 833 tes
303 771 412 852 gratias
430 776 622 852 expectetivas
637 794 724 856 super
736 779 842 839 rotulis
861 779 1043 859 supradietis3
1078 776 1083 811 ¹

249 882 279 932 et
299 874 327 931 in
342 871 472 932 omnibus
489 872 577 934 bullis
598 883 657 935 tam
678 876 744 937 lieri
762 897 839 952 sero,
855 897 942 957 quam
958 878 1044 940 bodie

248 971 394 1051 expeditis,
415 990 489 1049 quae
510 972 595 1036 bodie
613 972 650 1034 ad
673 977 823 1055 plumbum
844 979 946 1039 missae
963 990 1040 1051 snat,

248 1072 389 1150 scriptum
400 1071 455 1131 luit
465 1075 615 1153 expedito
629 1074 678 1135 te.
687 1075 759 1139 nat.
773 1079 945 1140 decembris
957 1098 1040 1140 anno

248 1178 362 1249 tertia;
385 1175 470 1233 multi
492 1192 526 1233 ex
548 1175 668 1251 plumbo
683 1194 749 1236 suas
764 1177 858 1237 bullas
880 1176 1044 1240 babuerunt

247 1266 368 1350 iustine,
385 1276 434 1335 alii
455 1275 483 1335 in
505 1274 623 1355 plumbo
652 1294 803 1355 processus
824 1276 941 1337 decerni
962 1277 1043 1337 obti-

247 1388 377 1437 nuerunt
392 1386 511 1436 secrete.
527 1374 636 1435 Tamen
657 1386 686 1435 et
705 1376 765 1449 alii,
783 1376 932 1436 favoribus
945 1378 1043 1455 magi·

245 1487 377 1544 snorum
399 1474 518 1554 plumbi,
545 1474 639 1534 bullas
659 1494 693 1535 ex
712 1475 831 1554 plumbo
854 1476 1041 1547 babuerunt,

245 1577 313 1636 licet
334 1585 471 1654 exparte
493 1572 548 1633 88.
567 1574 602 1634 Ι).
621 1574 655 1634 Ν.
678 1577 857 1637 emanaverit
872 1576 1039 1637 mandatum

248 1674 327 1753 qnod
346 1675 374 1734 in
399 1673 516 1754 plumbo
540 1673 655 1736 decerni
677 1692 828 1753 processus
863 1693 921 1735 non
951 1675 1042 1738 debe·

247 1786 324 1846 rent,
349 1784 378 1835 et
400 1772 504 1834 ibidem
525 1772 644 1847 decreti,
666 1792 723 1835 nan
746 1764 891 1835 valerent.
906 1774 969 1834 Non
991 1786 1041 1835 ta-

250 1895 316 1937 men
331 1876 386 1935 init
399 1874 584 1935 observatum
601 1875 630 1933 in
644 1874 770 1953 registro
787 1873 950 1946 bullarum,
966 1892 1042 1952 quae

249 1975 379 2054 primam
392 1974 485 2035 soluta
501 1972 557 2032 suit
571 1984 634 2034 taxa
640 1995 651 2047 3
667 1984 696 2034 et
710 1972 886 2053 scriptorib,
902 1973 976 2036 idem
988 1993 1042 2053 pro

248 2075 451 2154 registraturo,
462 2074 569 2134 curleo.
582 2072 726 2150 quinque,
741 2072 933 2135 indifferenter
945 2074 1043 2136 omni·

246 2171 306 2232 bus
319 2173 394 2246 dati,
405 2172 502 2234 bullae
522 2171 702 2233 executoriae
719 2190 775 2249 pro
794 2173 975 2253 processibus
989 2172 1042 2235 de·

246 2271 406 2332 cernendis.
439 2271 508 2331 Fuit
528 2272 614 2331 etiam
636 2272 743 2334 eisdem
764 2274 957 2353 scriptoribus
988 2291 1061 2352 per.

246 2371 284 2429 D.
305 2371 472 2450 episcopum
488 2370 659 2432 Auriensem
676 2372 844 2434 mandatum
858 2392 991 2453 expresse
1012 2384 1042 2435 et

247 2466 304 2526 sab
315 2483 406 2547 poena
421 2464 591 2545 privationis
603 2470 732 2527 omnium
745 2469 866 2530 officior.
888 2468 1040 2529 inhibitum

249 2583 286 2627 ne
309 2566 387 2627 ultra
403 2566 531 2645 quinque
546 2566 654 2628 carlen.
677 2586 731 2646 pro
750 2568 942 2648 registraturo
956 2570 1042 2630 unius

249 2666 444 2744 expectatione
468 2667 496 2724 in
518 2664 630 2725 dnobus
656 2665 743 2727 bullis
765 2669 893 2746 recipere
917 2686 1040 2747 praesu-

247 2773 378 2836 merent3
397 2763 477 2841 qnod
497 2766 583 2824 etiam
605 2765 807 2828 observarunt.
829 2767 897 2827 Fuit
918 2768 1041 2828 maxima

248 2861 379 2925 coniusio
397 2862 426 2922 in
446 2864 567 2943 plumbo
585 2866 614 2924 in
636 2865 810 2945 regionibus
834 2885 889 2946 pro
910 2877 1039 2943 quatuor

247 2963 360 3036 diebus,
379 2961 451 3050 adeo
471 2963 549 3040 quod
568 2964 677 3037 bullae,
695 2983 800 3043 magna
813 2964 1042 3027 difficultatere-

248 3062 435 3142 periebantur
453 3105 462 3135 ,
483 3080 552 3122 cum
571 3064 635 3140 quis
656 3063 776 3124 baberet
795 3063 954 3141 gratiosam
983 3082 1040 3123 non

247 3163 395 3222 muniebat
415 3163 683 3241 exequutoria,ete
702 3181 851 3223 converso.
872 3162 938 3222 Vidi
954 3163 1039 3223 etiam

252 3282 341 3324 unam
361 3262 472 3324 bullam
493 3264 687 3326 executoriam
705 3260 866 3338 judicatam
885 3282 936 3342 per
952 3262 986 3323 B.
1005 3262 1040 3324 de

248 3363 368 3437 Messeis,
388 3374 512 3424 taxatam
533 3361 570 3422 ad
591 3379 635 3435 x,
658 3363 686 3422 in
707 3381 765 3441 qua
781 3373 917 3424 nouerat
934 3380 1038 3422 nomen

250 3464 411 3544 scriptoris.

289 3563 373 3626 Feria
386 3565 481 3637 tertia,
493 3562 544 3624 ii.
563 3564 667 3625 mensis
682 3561 849 3623 novembris
864 3561 893 3623 in
913 3563 1040 3642 cappella

250 3661 356 3741 majori
371 3665 474 3725 Palatii
492 3663 648 3743 Apostolici
659 3662 737 3743 apud
757 3661 789 3723 S.
806 3662 939 3735 Petrum,
953 3661 989 3721 lb
1004 3660 1038 3721 P.

247 3761 285 3823 D.
306 3762 351 3823 Jo.
372 3764 521 3843 episcopus
553 3763 711 3824 Calviensis
732 3762 892 3823 celebravit
923 3761 1039 3821 blissam

249 3864 396 3944 publicam
415 3865 621 3926 defunctorum
638 3883 694 3945 pro
705 3866 799 3924 anima
810 3863 857 3924 bo.
872 3882 926 3923 me.
941 3862 1041 3924 Heliae

251 3965 328 4024 tituli
348 3963 445 4024 Sancti
466 3961 551 4026 Nerei
566 3976 596 4027 et
615 3964 736 4024 Achillei
753 3961 921 4042 Presbyteri
934 3961 1041 4022 Cardi-

249 4065 324 4124 naiis
344 4062 520 4124 Turonensis
541 4064 703 4143 vulgariter
722 4063 903 4141 nuncupati,
924 4060 1042 4126 Ordinis

250 4163 379 4224 fratrum
399 4163 564 4235 bimorum,
583 4163 634 4241 qui
652 4162 723 4222 obiit
743 4163 772 4221 in
793 4162 910 4223 civitate
940 4162 1041 4224 Turo-

250 4282 338 4327 nense
366 4280 442 4323 anna
464 4259 554 4323 4484.
577 4262 612 4322 de
633 4280 727 4323 mense
747 4261 890 4335 octobris,
911 4262 956 4322 vel
985 4280 1042 4323 na·

253 4363 383 4425 vembris
404 4362 433 4422 ia
454 4363 533 4423 circa
549 4361 607 4446 (l).

294 4462 443 4527 Donainica
463 4461 588 4523 secanda
609 4461 769 4532 Adventus,
792 4458 841 4520 tu.
865 4460 968 4521 mensis
989 4460 1043 4522 de·

254 4551 389 4637 cembris,
402 4566 429 4623 in
441 4562 569 4642 cappello
581 4558 686 4637 majori
704 4560 850 4640 praedicta
863 4557 899 4618 R.
912 4560 939 4619 in
951 4559 1042 4620 Cbri-

251 4678 297 4727 sto
324 4664 358 4725 P.
388 4663 423 4732 D.
459 4660 538 4723 Laus
559 4661 792 4739 archiepiscopus
825 4659 1043 4719 Beneventanus

252 4764 412 4825 celebravit
435 4761 551 4823 Missam
583 4762 740 4821 solemnem
767 4778 834 4818 curn
867 4760 1043 4838 paramentis

253 4864 462 4936 cardinalitiis,
481 4875 515 4923 ut
531 4864 559 4920 in
581 4863 675 4942 prima
697 4862 807 4921 iactum
826 4871 890 4933 est,
911 4859 990 4940 Papa
1014 4871 1044 4922 et

253 4963 454 5026 Cardinalibus
482 4961 680 5044 praesentibus
700 4971 755 5022 etc.
780 4958 949 5021 Sermonem
977 4959 1044 5022 iecit

296 5209 331 5268 (t)
345 5205 485 5269 Diograpbi
511 5204 706 5263 cardinalium,
721 5204 779 5264 ejus
796 5207 908 5252 mortem
925 5202 958 5251 ad
974 5200 1042 5251 diem

255 5289 278 5336 5.
303 5285 360 5345 julii
386 5285 445 5333 aooi
467 5286 536 5334 tiit.
562 5284 702 5345 assignant.
724 5282 817 5331 Petrus
838 5282 872 5330 do
898 5280 1043 5330 Baismerin

258 5364 336 5427 hujus
353 5362 497 5413 cardinalis
514 5360 596 5409 vitam
613 5360 764 5424 descripsit,
781 5362 825 5422 qui
842 5360 929 5422 polius
946 5359 1043 5422 pietate

258 5454 336 5505 quam
354 5442 453 5503 magnis
465 5439 546 5490 rebus
558 5438 639 5501 gestis
649 5438 699 5487 init
714 5437 830 5501 insignis.
849 5435 961 5487 Palatius
978 5435 1044 5486 haec

258 5522 316 5581 ejus
333 5524 431 5582 scripta
448 5520 534 5576 citat.;
555 5541 571 5555 -
589 5516 786 5567 Deductars'tata
802 5517 885 5578 Papae
900 5539 915 5554 ·
931 5515 965 5565 Da
985 5527 1046 5564 ron-

258 5599 363 5649 cordata
383 5599 454 5648 circa
473 5597 589 5661 beneficia
613 5594 707 5647 Gallica
721 5621 736 5636 -
751 5598 854 5646 Decreta
875 5597 963 5645 contra
978 5594 1045 5658 drie-

256 5680 349 5728 raates.
358 5703 374 5718 ·
384 5678 419 5728 De
433 5677 598 5739 atrapatinse
613 5676 789 5737 pragmaticae
805 5674 949 5724 sanctionis.

718 641 1003 708 ronttrtctttts
1024 642 1247 708 mnocunru
1267 641 1419 707 octavi.
1859 646 1900 708 81

1111 792 1289 860 procurator
1304 777 1421 839 Ordinis
1438 778 1595 852 Minorum,
1612 798 1667 860 pro
1683 796 1743 858 quo
1756 779 1812 839 init
1828 779 1902 840 inter

1112 897 1179 940 eum
1194 891 1223 941 et
1235 879 1407 958 Magistrum
1423 879 1525 940 Palatii
1541 897 1643 958 magna
1656 878 1814 940 contentio.
1831 876 1904 938 Nam

1112 979 1249 1060 Magister
1273 979 1378 1040 Palatii
1404 980 1514 1041 dixerat
1534 981 1605 1040 mibi
1628 981 1705 1059 qnod
1726 981 1762 1040 ad
1789 998 1902 1042 sermo·

1111 1079 1264 1140 cinandum
1283 1097 1339 1140 non
1359 1078 1541 1140 admitterem
1563 1099 1620 1159 pro
1637 1099 1672 1140 eo
1687 1080 1766 1158 quod
1781 1080 1829 1140 ille
1849 1078 1901 1138 sibi

1111 1196 1272 1239 sermonem
1294 1196 1350 1238 non
1371 1177 1551 1251 ostenderam
1572 1179 1622 1239 ille
1640 1198 1669 1239 ae
1688 1178 1840 1240 excusabat
1854 1177 1904 1238 di·

1112 1295 1178 1337 cens
1203 1288 1268 1337 ante
1289 1277 1420 1338 triduum
1439 1278 1567 1358 primum
1588 1278 1624 1338 ad
1646 1278 1756 1340 Urbem
1787 1275 1903 1339 rediisse
2020 1355 2021 1358 Ἴ

1111 1377 1254 1449 desero,
1274 1388 1302 1437 et
1322 1376 1379 1438 hoc
1400 1395 1484 1439 mane
1505 1380 1533 1438 io
1558 1377 1644 1439 domo
1664 1394 1716 1436 soa
1739 1377 1901 1454 qaiaesitum

1112 1478 1205 1555 ipsum
1236 1494 1295 1538 noo
1329 1477 1477 1556 reperisse.
1509 1477 1672 1539 Cardinaiis
1693 1476 1725 1537 S.
1748 1476 1829 1537 Petri
1864 1475 1901 1536 ad

1109 1577 1243 1649 Vincula,
1256 1587 1404 1656 protector
1420 1573 1538 1637 Ordinis
1558 1577 1707 1637 Minorum
1723 1576 1794 1637 dixit
1805 1576 1902 1654 blagi-

1110 1687 1173 1737 stro
1185 1675 1300 1749 Palatii,
1314 1685 1537 1754 procuratorem
1553 1695 1613 1737 esse
1632 1676 1777 1739 bominem
1792 1692 1901 1754 appro-

1110 1775 1223 1845 batum,
1244 1788 1397 1855 propterea
1419 1793 1475 1837 non
1493 1775 1599 1837 debere
1619 1793 1725 1837 curare
1745 1785 1801 1836 etc.
1820 1775 1902 1836 Tan·

1110 1873 1176 1933 dem
1208 1872 1263 1934 88.
1298 1874 1334 1934 D.
1356 1873 1390 1934 il.
1413 1892 1460 1935 me
1481 1874 1687 1953 interrogando
1722 1875 1792 1934 dixit
1823 1874 1901 1952 quod

1110 1984 1334 2052 procuratorem
1349 1974 1385 2033 od
1405 1972 1548 2035 arandam
1569 1973 1768 2046 admitterem3
1783 1973 1902 2035 accessit

1110 2084 1205 2133 tamen
1232 2072 1313 2152 prius
1337 2073 1481 2133 etiamad
1503 2073 1532 2133 id
1555 2073 1691 2152 Magister
1713 2073 1902 2154 praedictus,

1110 2172 1215 2234 intuitu
1239 2173 1309 2235 Rev.
1338 2172 1451 2233 Domini
1481 2173 1643 2235 cardinalis
1663 2172 1814 2254 praedicti,
1835 2174 1904 2232 iicet

1109 2269 1174 2348 m'us
1194 2274 1338 2334 consentio
1360 2290 1416 2335 nou
1438 2284 1520 2335 esset.
1543 2271 1607 2333 Atia
1628 2274 1721 2334 omnia
1748 2272 1900 2333 observata

1108 2382 1176 2431 sunt
1194 2391 1276 2434 more
1293 2373 1389 2434 solito.
1404 2371 1545 2433 Existimo
1566 2382 1665 2434 autem
1678 2381 1901 2450 procuratorem

1109 2489 1271 2533 sermonem
1287 2490 1344 2533 non
1365 2473 1519 2534 ostendisse
1538 2472 1679 2553 Magistro
1693 2490 1746 2551 per
1762 2489 1806 2544 aa,
1824 2470 1903 2547 quod

1110 2572 1242 2634 dicturus
1263 2584 1343 2646 erat;
1355 2585 1384 2634 et
1399 2572 1469 2633 dixit
1487 2574 1515 2632 in
1540 2574 1591 2634 illo
1614 2571 1792 2651 quodBea‘ta
1811 2570 1903 2631 Mario

1109 2672 1201 2751 Virgo
1233 2683 1372 2751 concepta
1402 2682 1476 2734 esset
1507 2672 1566 2734 sine
1598 2680 1718 2750 peccato
1738 2669 1901 2748 originali,

1106 2768 1192 2847 juxta
1213 2772 1374 2851 opinionem
1399 2769 1616 2843 Scotistarnm,
1637 2768 1715 2847 qnod
1736 2779 1777 2828 est
1800 2778 1901 2828 contra

1109 2871 1271 2950 opinionem
1293 2869 1527 2943 l'bomistarum,
1538 2888 1574 2930 ex
1589 2868 1693 2947 quibus
1707 2877 1748 2927 est
1763 2866 1901 2945 Magister

1108 2968 1221 3031 Palatii.

1152 3069 1236 3130 Feria
1258 3068 1395 3140 monada,
1416 3069 1469 3128 95.
1489 3070 1592 3129 mensis
1612 3067 1784 3138 decembris,
1797 3064 1901 3125 testum

1109 3168 1273 3230 Natiuitatis
1292 3167 1407 3228 Domini
1439 3167 1490 3226 Dei
1514 3165 1679 3228 salvatoris
1700 3164 1797 3225 Nostri
1833 3162 1901 3222 lesu

1109 3268 1235 3341 Cbristi,
1257 3267 1336 3346 Papo
1359 3266 1607 3345 processionaliter
1626 3264 1703 3326 venit
1724 3262 1778 3322 sub
1798 3260 1903 3320 balda·

1109 3368 1196 3429 chino
1216 3366 1253 3426 ad
1278 3365 1425 3426 basilicam
1448 3365 1479 3426 S.
1502 3364 1593 3432 Petri,
1616 3361 1752 3443 praelatis
1772 3368 1801 3419 et
1821 3357 1900 3419 Car·

1109 3464 1253 3525 dinalibus
1270 3474 1335 3543 post
1355 3482 1474 3525 crucem
1497 3461 1742 3541 praecedentibus.
1761 3458 1902 3520 Dominus

1110 3565 1270 3645 Sinulpbns
1291 3565 1417 3625 clericus
1436 3562 1575 3625 Gamerae
1599 3562 1635 3621 ad
1662 3560 1804 3620 sinistram
1822 3556 1903 3617 Cru-

1109 3667 1176 3739 cis,
1202 3683 1298 3727 ensem
1331 3683 1399 3724 cum
1429 3665 1505 3742 pileo
1534 3662 1662 3742 portavit
1689 3677 1777 3739 snper
1810 3659 1903 3717 altare

1109 3764 1203 3843 niajus
1219 3764 1247 3821 in
1262 3781 1355 3823 cornu
1373 3762 1521 3839 epistolae,
1538 3761 1587 3820 ubi
1606 3778 1657 3839 per
1680 3768 1769 3819 totam
1785 3755 1902 3816 Missam

1109 3864 1223 3923 mansit.
1244 3859 1309 3931 Oua
1321 3859 1413 3931 linita,
1427 3858 1482 3919 88.
1504 3859 1539 3919 D.
1564 3858 1597 3918 N.
1618 3857 1715 3918 sedens
1730 3854 1838 3915 insede
1853 3871 1904 3914 so·

1108 3964 1160 4036 lii,
1184 3963 1282 4023 comiti
1304 3958 1453 4021 Tondillae
1474 3970 1539 4018 ante
1560 3977 1589 4018 se
1610 3955 1762 4034 genuflexo
1784 3950 1903 4012 tradidit

1108 4060 1239 4141 gladium
1260 4078 1328 4120 cum
1350 4058 1493 4138 cappello,
1514 4056 1612 4117 dicens
1635 4056 1694 4114 sine
1716 4050 1812 4112 libro:
1834 4050 1903 4109 Aca

1110 4163 1180 4241 cipe
1191 4160 1344 4242 gladium,
1359 4169 1388 4219 cl
1406 4159 1452 4221 ais
1472 4159 1618 4238 defensor
1632 4158 1705 4236 fidei
1721 4168 1751 4217 et
1764 4158 1902 4219 Sanctae

1109 4260 1269 4320 Romanae
1288 4256 1467 4329 Ecclesiae,
1481 4257 1516 4317 in
1543 4256 1668 4318 nomine
1693 4256 1803 4319 Patris
1824 4268 1900 4331 etc.,·

1110 4376 1197 4436 quem
1210 4357 1259 4418 ille
1275 4357 1418 4436 accipiens
1432 4357 1580 4417 osculatus
1598 4366 1640 4416 est
1655 4373 1784 4428 manum,
1802 4354 1902 4418 deinde

1110 4457 1210 4537 pedem
1231 4455 1343 4536 Papae,
1361 4466 1391 4516 et
1412 4455 1489 4515 dedit
1511 4472 1577 4516 eam
1598 4456 1647 4513 uni
1667 4473 1700 4516 ex
1721 4454 1780 4514 suis
1801 4453 1902 4514 militi·

1109 4559 1175 4631 bns,
1195 4559 1245 4636 qati
1266 4575 1333 4618 eum
1355 4556 1492 4617 continno
1513 4565 1580 4615 ante
1602 4556 1695 4633 ipsum
1717 4553 1855 4633 portavit.

1152 4659 1239 4719 Faria
1261 4666 1381 4735 quarta,
1398 4643 1452 4715 Pi.
1476 4653 1647 4724 decembris,
1668 4653 1772 4714 festum
1795 4650 1826 4711 8.
1847 4651 1902 4712 Jo-

1111 4761 1213 4821 bannis
1227 4758 1353 4837 Evang,
1367 4756 1421 4817 SS.
1438 4757 1473 4817 D.
1496 4754 1530 4815 N.
1554 4767 1673 4834 paratus
1688 4754 1809 4824 amictu,
1826 4750 1903 4822 alba,

1111 4861 1247 4929 uinculo,
1274 4860 1346 4918 stola
1372 4855 1437 4916 alba
1470 4856 1625 4933 preciosa,
1654 4863 1682 4912 et
1707 4851 1836 4929 cappello
1868 4848 1903 4908 de

1111 4956 1292 5028 cremosino,
1317 4956 1396 5016 circa
1429 4953 1532 5015 boram
1560 4969 1640 5022 xva,
1666 4945 1903 5030 praecedentibus

1111 5057 1207 5118 Cruce
1227 5069 1253 5116 et
1281 5053 1483 5116 Cardinolibus
1503 5052 1646 5129 equitavit
1666 5048 1700 5110 de
1722 5047 1829 5126 palatio
1849 5064 1903 5108 suo

1111 5156 1148 5215 ad
1169 5158 1319 5216 ecclesiam
1338 5153 1439 5214 Sancti
1461 5153 1598 5213 Jobonnis
1621 5146 1821 5209 Lateranensis
1846 5157 1903 5207 etc.

1111 5255 1220 5317 Deinde
1242 5255 1319 5334 Papa
1341 5254 1425 5314 rediit
1446 5252 1545 5314 eodem
1572 5250 1673 5310 ordine
1699 5246 1735 5305 ad
1763 5244 1903 5325 palatium

1112 5373 1197 5417 suum
1219 5351 1296 5434 opud
1315 5352 1457 5413 Sanctum
1475 5350 1620 5422 Petrum;
1640 5346 1736 5407 caindo
1756 5344 1833 5405 venit
1851 5363 1904 5423 per

1113 5454 1254 5533 Campum
1268 5454 1384 5524 Florae,
1392 5451 1515 5531 plateam
1526 5447 1686 5511 Judeomm
1698 5457 1726 5507 et
1736 5443 1768 5506 8.
1781 5443 1902 5505 biariam

1114 5554 1149 5614 de
1167 5552 1367 5613 Consolatione
1373 5573 1383 5624 ε
1406 5549 1553 5611 redeundo
1574 5560 1682 5621 autem,
1694 5562 1751 5627 per·
1768 5544 1800 5605 8.
1819 5543 1903 5605 Mar·

1115 5671 1182 5713 cum
1204 5664 1231 5712 et
1254 5652 1331 5712 viam
1350 5651 1454 5731 Papae.
1478 5649 1536 5711 Sed
1553 5661 1612 5710 tom
1634 5647 1728 5709 eundo
1748 5664 1836 5725 quam
1851 5664 1903 5705 re-

1629 5775 1653 5817 il
