4492 6859
777 595 1062 661 constrictius
1083 590 1309 657 humanum
1328 590 1454 653 sexti.

298 930 442 992 procedute
458 929 502 992 plu
513 929 547 978 da
558 928 673 990 virginio
689 928 738 978 che
755 928 798 978 dal
814 927 952 986 Pometios,
969 928 993 977 la
1009 925 1082 976 dille-

297 1022 376 1059 reaaa
393 1008 460 1059 delle
475 1008 600 1067 Castelle,
611 1008 802 1058 intervenendo
820 1008 870 1057 alla
886 1009 1081 1069 composicione

297 1086 353 1137 Don
369 1087 503 1150 federico,
519 1086 644 1136 mandato
661 1100 675 1136 a
691 1090 786 1148 questo
802 1085 891 1136 elietto
901 1085 943 1136 dal
959 1085 1043 1148 padre
1054 1084 1081 1133 in

295 1165 385 1214 Roma.
411 1166 581 1215 Convennero
607 1165 656 1215 che
680 1165 792 1228 virginio
817 1166 840 1216 le
865 1167 1014 1224 rilenesse,
1039 1178 1081 1214 ma

296 1246 415 1308 pagando
437 1246 461 1293 al
486 1243 614 1295 Pontedee
640 1249 711 1295 tanta
735 1245 853 1308 quantita
869 1246 896 1293 di
916 1245 1009 1296 danarl
1032 1258 1081 1308 per

294 1326 384 1385 quanti
408 1324 513 1374 l'aveva
537 1326 621 1387 prima
642 1329 795 1387 comperate
818 1324 853 1373 da
873 1324 1079 1375 Franceschetto

207 1431 212 1438 ·
293 1401 372 1453 Cibo:
389 1403 555 1453 conehiusesi
572 1403 681 1453 insieme
698 1404 724 1453 lo
740 1403 882 1465 sposalizio
910 1404 936 1453 di
952 1402 1082 1453 madonna

293 1481 406 1541 Saucss,
421 1481 532 1544 llgliuola
554 1482 675 1530 naturale
691 1482 718 1531 d’
730 1481 852 1540 Alloaso,
868 1483 895 1531 in
911 1482 966 1532 Don
983 1480 1082 1532 Giultrb

295 1560 409 1625 llglinolo
427 1561 527 1611 minore
544 1560 586 1610 del
603 1560 741 1620 Ponteflce,
753 1560 843 1611 lnablli
862 1560 941 1611 l'uno
958 1574 973 1611 e
990 1560 1081 1611 l'altra

294 1653 345 1703 per
360 1641 376 1690 l'
387 1639 432 1691 eti
445 1641 493 1690 alla
510 1642 712 1692 consumazione
724 1641 766 1691 del
783 1641 959 1691 matrimonio.
969 1640 1004 1689 he
1016 1652 1082 1689 con·

295 1720 390 1769 diatoni
413 1719 507 1770 turono
531 1722 579 1769 che
603 1719 659 1769 Don
681 1719 776 1770 GiulIrb
804 1720 916 1770 aadasse
941 1720 980 1769 ira
1003 1720 1080 1782 pochi

295 1799 361 1847 mesi
377 1812 392 1847 a
408 1802 479 1848 stare
495 1812 510 1847 a
526 1799 633 1860 Nepoti:
645 1801 777 1849 ricavesse
789 1800 888 1851 indote
900 1800 917 1849 il
934 1798 1081 1861 Principeto

296 1876 322 1927 di
339 1877 461 1939 squillaei
475 1888 526 1927 eon
541 1882 645 1928 entrsta
661 1878 689 1928 di
704 1878 794 1928 dueatl
822 1879 951 1929 dieclmila
968 1880 984 1928 l’
996 1891 1080 1937 anno,

296 1968 311 2006 e
327 1956 397 2006 losse
414 1957 538 2007 condotto
553 1968 603 2006 con
618 1962 696 2007 cento
712 1960 811 2009 nomini
833 1958 860 2009 d'
873 1971 946 2009 arma
964 1959 1015 2021 agli
1031 1959 1080 2008 sti·

293 2033 383 2095 pendil
399 2034 425 2083 dl
441 2034 604 2085 ferdinando
615 2069 697 2086 .....
712 2037 796 2087 Tenth
812 2037 839 2087 di
856 2036 900 2100 piu
916 2036 1081 2087 Ferdinando

241 2165 248 2175 ,
295 2111 322 2160 di
337 2112 516 2164 confederarsi
541 2106 591 2164 con
607 2115 642 2164 lui
659 2128 673 2163 a
690 2115 772 2165 dilesa
792 2127 922 2174 comunes
938 2129 980 2166 ma
998 2118 1082 2166 inter-

296 2192 419 2255 ponendo
443 2194 460 2241 il
480 2192 608 2244 l’onteflce
630 2195 709 2243 molle
735 2194 875 2253 difficulti,
893 2208 944 2244 non
969 2198 1080 2249 otteune

296 2272 364 2320 altro
380 2273 429 2320 che
446 2285 497 2322 una
514 2284 652 2333 promessa
669 2274 849 2322 occultissima
867 2287 915 2336 per
931 2287 966 2323 nu
984 2273 1083 2329 Breve,

295 2350 322 2399 d'
336 2351 449 2407 ajutarlo
466 2364 480 2399 a
498 2350 631 2399 diiendere
654 2352 671 2398 il
695 2351 781 2413 Regno
798 2352 824 2401 dl
840 2352 949 2414 Napoli,
972 2352 998 2401 in
1020 2364 1082 2403 caso

295 2431 345 2479 che
361 2429 524 2480 lerdinando
536 2434 714 2492 promettesse
726 2445 740 2481 a
754 2434 788 2482 lui
799 2432 825 2482 di
841 2432 897 2482 iare
909 2434 927 2482 ii
939 2432 1082 2482 medesimo

295 2510 364 2560 dello
385 2510 458 2558 State
483 2508 551 2558 della
568 2509 670 2560 Chiesa.
687 2509 721 2559 he
738 2513 807 2573 quali
830 2524 892 2561 cose
916 2512 1037 2574 spedite,
1059 2512 1082 2561 si

295 2588 430 2653 particen,
447 2589 586 2639 linenaiata
603 2589 645 2639 dal
663 2589 750 2653 Papa,
765 2590 810 2641 dal
826 2590 941 2640 dominio
958 2591 1086 2640 ecclesia·

298 2668 365 2716 stico
387 2668 411 2716 ls
428 2668 498 2728 genti
523 2667 549 2717 d’
560 2680 633 2716 arms
649 2669 698 2718 che
714 2670 722 2717 1
739 2669 876 2720 venetiani
894 2682 909 2719 e
925 2670 942 2719 il
965 2668 1036 2720 Daca
1057 2667 1084 2718 dl

297 2745 392 2796 htilano
409 2742 442 2808 gli
459 2758 579 2796 avevano
596 2746 718 2797 mandate
735 2749 759 2796 in
776 2750 848 2809 aloto
868 2768 888 2795 ·.

340 2824 448 2875 interim
471 2823 580 2874 Carolus
601 2824 663 2882 illll,
687 2825 835 2876 hudovlcus
857 2826 970 2885 Siortia,
990 2825 1084 2876 Perdi·

299 2904 419 2964 naudus,
435 2904 531 2967 aliique
547 2903 697 2966 Principes,
707 2905 786 2964 dum,
802 2919 851 2968 pro
867 2906 964 2957 tuturis
980 2905 1085 2956 contin·

297 2982 419 3044 gentibus
443 2982 540 3031 bellum
561 2982 705 3044 parabant,
721 2983 946 3035 foederationibus
968 2988 995 3034 et
1015 2984 1084 3033 ami·

300 3054 368 3104 citiis
380 3065 409 3103 se
421 3054 496 3103 inniti
507 3054 658 3116 studebant,
667 3068 815 3119 causasque
826 3058 955 3119 repellere
966 3055 1083 3107 hostium

298 3144 436 3184 novorum.
457 3131 581 3192 crisim,
596 3134 816 3185 conventionibus
837 3148 896 3185 cum
917 3134 1084 3186 Ferdinando

298 3215 326 3261 et
341 3212 452 3262 isabella
471 3211 608 3274 Hispanis,
625 3214 749 3276 signatis,
765 3226 824 3265 cum
840 3214 1017 3267 blavimiliano
1033 3216 1085 3265 lto-

299 3302 441 3343 msnorum
452 3292 517 3355 ltege
533 3292 568 3342 de
583 3306 648 3355 pace
665 3294 835 3345 concordavit
850 3294 1085 3358 trianensem

220 3436 223 3443 1
297 3373 366 3420 eane
390 3369 412 3420 le
434 3370 486 3431 lieu
510 3370 614 3421 Diocles
638 3372 694 3422 Vlll.
711 3375 734 3423 et
749 3373 911 3425 simiatica
934 3375 951 3427 l.
973 3375 1025 3435 llos
1041 3376 1085 3425 dev

298 3448 416 3500 domnine
432 3453 454 3501 el
469 3448 508 3503 vita
523 3451 649 3513 Phiiippes
664 3452 791 3503 Archidnc
803 3456 827 3505 d'
837 3454 975 3514 destricte,
991 3468 1009 3503 c
1021 3454 1085 3505 Sco·

298 3527 331 3575 lis
347 3528 365 3577 i’
379 3541 415 3579 aa
429 3529 475 3578 mil
490 3532 578 3590 quoire
594 3542 650 3580 cens
666 3537 775 3581 sonante
790 3535 862 3593 nois,
877 3533 1087 3595 sennonem

296 3605 363 3666 1111(-
370 3606 496 3657 -Artlete
506 3609 595 3670 asperi
604 3611 707 3671 odiam
718 3624 753 3661 on
763 3610 856 3663 troili
862 3614 892 3662 de
899 3612 980 3665 Sectis
986 3648 994 3674 ,
1005 3627 1054 3675 por
1064 3614 1086 3665 le

298 3684 355 3744 qest
370 3684 404 3735 les
419 3685 616 3737 Ambossodeatrs
631 3690 661 3739 dc
675 3690 834 3741 dissimilisve
848 3691 899 3750 lieu
913 3693 956 3742 dev
967 3692 1085 3744 ilomaisa

299 3768 435 3815 reaccessi
449 3777 517 3827 pons
532 3765 576 3826 lev
591 3779 626 3816 cn
642 3768 699 3819 titre
713 3771 743 3820 de
759 3770 816 3819 Dec
826 3771 855 3821 de
871 3771 1002 3833 livetopne,
1017 3772 1086 3832 qae'it

302 3844 371 3893 coeit
392 3845 457 3906 pris,
471 3846 534 3895 deos
557 3845 578 3895 le
600 3849 710 3908 poneris·
724 3849 784 3909 qu'it
800 3850 856 3901 leni·
870 3851 938 3900 evod
953 3852 1043 3901 donee.
1066 3851 1085 3901 Δ

301 3922 380 3974 Seni&
396 3924 419 3975 te
434 3925 534 3976 dernier
548 3926 683 3986 Martiis
696 3927 754 3979 Exi.
764 3929 956 3990 in‘Gouaraou
967 3934 1041 3983 hiem
1052 3932 1086 3985 de

304 4003 427 4054 Comines
438 4003 500 4054 edit.
512 4007 556 4054 cit.
573 4008 632 4056 tons
650 4008 676 4057 V.
692 4019 718 4069 ρ.
737 4010 792 4060 iso.
809 4011 863 4061 ihs.
875 4014 898 4071 >s
911 4015 937 4061 et
949 4012 982 4060 ad
993 4024 1085 4063 omnes

303 4084 391 4134 ltaliae
402 4083 536 4147 Principes
548 4086 754 4149 etitespuhlicas
771 4089 881 4152 legatos
898 4092 968 4141 misit
985 4091 1018 4141 ad
1030 4093 1086 4143 ioe-

302 4161 366 4213 dera
383 4163 510 4226 augenda,
520 4166 560 4213 sin
572 4166 657 4216 minus
669 4166 702 4215 sd
713 4167 802 4217 hostes
815 4182 898 4220 novos
916 4171 1086 4232 avertendos,

302 4242 340 4291 uti
362 4253 396 4291 ex
417 4242 502 4292 allatis
525 4244 568 4293 vel
590 4256 625 4294 ex
641 4245 778 4296 allevandis
802 4249 958 4299 testimoniis
975 4249 1086 4300 demon·

301 4324 410 4371 stratur.
430 4320 577 4372 badericus
592 4323 704 4383 Slortia,
720 4331 749 4375 ut
765 4328 791 4374 in
810 4328 877 4376 male
893 4328 988 4390 adepto
1005 4342 1085 4392 reguo

300 4400 473 4461 perduraret,
490 4402 603 4463 primum
619 4401 718 4453 Gallum
735 4404 829 4467 liegem
846 4409 872 4455 in
890 4406 988 4457 ltaliam
1004 4421 1086 4459 voca·

301 4480 348 4538 vit,
365 4477 456 4528 laedes
471 4491 530 4529 cum
547 4479 671 4540 Venetis,
688 4483 827 4543 Ponlillce.
843 4491 869 4536 et
886 4486 1001 4539 Ducibus
1017 4490 1084 4540 llan-

301 4558 382 4606 luauo
398 4560 425 4605 et
440 4556 601 4609 Ferrariensi
617 4564 766 4622 percussit,
782 4563 902 4615 blancam
919 4568 1025 4618 hiarium
1043 4582 1086 4617 ne-

302 4640 373 4696 ptem
399 4648 473 4685 suam
494 4638 669 4689 hlaximiliauo
696 4642 869 4693 homanorum
894 4646 969 4707 Regi,
990 4648 1086 4707 ingenti

303 4714 366 4766 dote
389 4716 493 4775 soluta,
509 4717 535 4766 ln
552 4731 661 4769 uxorem
686 4720 776 4782 dedit,
793 4727 819 4773 et
836 4724 869 4773 ab
889 4724 982 4775 eodem
1003 4726 1086 4776 llsxi-

303 4793 431 4854 miliano,
453 4796 479 4845 in
494 4794 617 4847 lobannis
633 4798 756 4850 Galeactil
779 4800 855 4854 Ducis
881 4805 1086 4866 praejudicium,

303 4872 517 4936 legitimationem
540 4876 740 4929 hlediolanensis
757 4881 864 4932 ditionis
882 4883 993 4935 obtinuit
1009 4892 1017 4946 (
1031 4890 1084 4937 ext.

304 4952 417 5016 diploma
429 4956 455 5004 in
464 4957 616 5006 Gousssoii
629 4970 671 5020 op.
681 4960 724 5008 cil.
736 4963 798 5009 tom.
810 4961 834 5011 i.
846 4974 871 5024 p.
885 4964 938 5013 tvo.
950 4964 998 5014 sub
1012 4966 1086 5015 titulo

304 5033 474 5085 alecestiturs
490 5036 525 5085 de
541 5036 628 5087 Ducite
643 5038 673 5087 de
687 5038 764 5087 llilon
774 5042 847 5090 nude
855 5043 929 5093 honis
944 5043 1029 5107 sterce
1038 5058 1089 5107 por

303 5109 320 5158 i’
329 5110 470 5172 timemur
482 5114 643 5165 dissimilius
652 5116 670 5165 1.
682 5121 708 5168 et
719 5120 744 5168 in
755 5120 899 5183 appendice
915 5127 1006 5173 nostra
1016 5126 1042 5184 );
1053 5124 1085 5176 de

304 5202 356 5253 quo
371 5197 431 5242 actu
447 5194 650 5257 maximilianus,
668 5201 760 5249 merito
777 5200 810 5248 ab
826 5201 947 5252 omnibus
963 5202 1086 5267 objurga·

305 5274 369 5332 tua,
395 5274 522 5323 rationem
547 5275 620 5326 dedit
643 5284 771 5340 (praeter
797 5291 829 5330 ea
854 5293 921 5343 quse
944 5282 1085 5344 diplomate

306 5353 450 5413 exposuit)
467 5352 515 5402 hae
532 5354 709 5406 declaratione
721 5378 728 5407 ε

349 5446 359 5467 ι
378 5428 461 5486 Quum
478 5430 588 5479 illustris
605 5428 728 5482 Dominus
742 5433 890 5484 ludovicos
906 5436 1000 5486 startia
1011 5436 1087 5488 Vice-

307 5514 396 5554 comcs
412 5512 461 5556 etc.
477 5511 522 5571 qui
539 5522 587 5571 per
603 5511 698 5560 multos
709 5525 791 5563 annos
808 5512 932 5565 Ducatum
948 5516 1085 5567 llediolani

311 5594 412 5633 summa
436 5597 494 5637 cum
515 5589 591 5640 laude
615 5593 642 5638 et
667 5592 749 5653 gloria
765 5592 919 5656 gubernavit
935 5600 961 5646 et
978 5597 1087 5647 admini-

306 5664 418 5723 stravit,
435 5669 538 5729 saepius
559 5673 586 5718 et
601 5682 661 5719 cum
682 5682 775 5733 magua
795 5675 920 5725 instantia
939 5690 955 5726 a
971 5676 1085 5727 serenis

212 6045 311 6175 ἱ

1823 586 1938 673 (teca)

1149 926 1216 975 nmo
1231 927 1400 985 praemortuo
1412 922 1531 984 genitore
1543 926 1653 980 nostro,
1669 925 1695 971 et
1712 935 1727 970 a
1744 920 1822 970 nobis
1840 919 1933 969 humil·

1151 1003 1219 1053 limis
1235 1001 1360 1065 precibus
1370 1001 1536 1063 requisierit,
1552 1003 1581 1050 ut
1598 1000 1765 1063 privilegium
1783 998 1934 1057 huiusmodi

1153 1081 1266 1133 Ducatus
1291 1081 1427 1133 llediolani
1444 1084 1471 1130 et
1487 1079 1659 1129 lombardiae
1680 1083 1707 1129 et
1726 1079 1872 1129 Comitatus
1890 1077 1936 1126 l'a-

1152 1167 1211 1225 piae
1228 1162 1320 1213 losnni
1337 1161 1431 1212 Galeas
1447 1160 1506 1221 ejus
1522 1162 1611 1221 nepoti
1628 1161 1776 1210 concedere
1792 1159 1938 1208 vellemus:

1151 1243 1248 1294 Tamen
1263 1243 1345 1304 iustis
1361 1240 1481 1303 pluribus
1498 1239 1659 1300 rationibus,
1675 1245 1702 1290 et
1717 1241 1819 1300 causis,
1837 1243 1864 1288 et
1880 1251 1933 1286 ma·

1150 1324 1221 1372 xime
1237 1321 1306 1383 quod
1323 1320 1458 1384 praelatus
1474 1319 1512 1369 1ο.
1535 1318 1630 1368 Galeas
1656 1320 1741 1381 ipsum
1759 1317 1888 1366 Donatum
1904 1328 1934 1365 ac

1153 1401 1308 1451 Comitatum
1326 1414 1340 1450 a
1356 1400 1454 1462 populo
1470 1397 1658 1449 llediolaneusi
1676 1397 1847 1459 recognovita
1866 1394 1939 1456 Quod

1150 1480 1256 1542 quidem
1282 1478 1333 1529 tuit
1350 1479 1375 1528 iu
1397 1478 1538 1527 maximum
1561 1475 1665 1538 lmperii
1687 1475 1895 1537 praejudicium
1913 1476 1939 1523 et

1153 1561 1215 1622 quia
1232 1563 1273 1608 est
1290 1559 1323 1609 de
1341 1556 1534 1607 consuetudine
1549 1556 1622 1606 Sacri
1640 1556 1748 1607 Romani
1772 1554 1880 1615 imperii
1897 1564 1941 1602 nc-

1149 1641 1247 1689 minem
1264 1651 1380 1700 unquam
1398 1639 1526 1687 investire
1552 1636 1585 1686 de
1611 1636 1698 1699 aliquo
1717 1638 1787 1685 statu
1805 1631 1856 1682 sibi
1880 1633 1942 1682 sub·

1152 1720 1243 1779 jecto,
1265 1719 1288 1767 si
1313 1730 1373 1767 enm
1396 1715 1430 1766 de
1455 1716 1524 1767 lacto
1550 1714 1601 1766 sibi
1626 1716 1815 1776 usurpaverit,
1839 1712 1882 1761 vel
1907 1712 1939 1761 ab

1157 1798 1244 1860 aliquo
1261 1795 1461 1858 recognoverita
1483 1795 1591 1845 Genitor
1613 1798 1705 1844 noster
1728 1797 1873 1856 perpetuae
1890 1804 1941 1841 me-

1151 1877 1253 1927 moriae
1281 1875 1428 1937 lmperator
1456 1874 1667 1932 serenissimus,
1694 1884 1782 1934 neque
1806 1871 1941 1921 Electores

1151 1955 1303 2004 consentire
1320 1955 1463 2002 voluerunt
1484 1964 1571 2014 neque
1591 1953 1773 2002 consentirent
1790 1950 1863 2012 quod
1884 1950 1942 1998 talis

1151 2034 1266 2084 Ducatus
1294 2038 1321 2082 et
1341 2032 1487 2083 Comitatus
1511 2035 1536 2080 in
1558 2044 1619 2081 enm
1641 2031 1824 2080 conterretur:
1848 2028 1899 2082 Sed
1915 2035 1942 2079 ut

1151 2111 1264 2163 illustris
1279 2110 1428 2161 Slorliauae
1461 2110 1585 2160 Familiae
1607 2112 1736 2160 rationem
1760 2108 1887 2158 habuisse
1903 2110 1942 2157 vi-

1151 2192 1279 2251 deretur,
1294 2193 1370 2252 ouius
1388 2193 1492 2252 egregia
1504 2190 1619 2241 lacinora
1631 2195 1658 2240 et
1668 2189 1793 2241 celebres
1810 2188 1939 2239 victoriae

1152 2285 1200 2334 per
1210 2273 1363 2320 universum
1376 2282 1444 2332 pene
1457 2269 1550 2319 orbem
1563 2270 1749 2328 celebrantur,
1759 2273 1786 2318 et
1798 2270 1861 2330 quia
1872 2268 1940 2317 idem

1153 2349 1265 2400 lllustris
1284 2349 1412 2398 Dominus
1422 2348 1570 2398 hudovicus
1582 2351 1608 2399 ln
1620 2361 1653 2398 eo
1664 2348 1836 2412 gubernando
1854 2347 1941 2397 admo·

1152 2428 1213 2479 dum
1233 2429 1339 2491 sapiens
1357 2432 1415 2487 est,
1432 2431 1460 2477 et
1477 2428 1556 2477 valde
1573 2428 1684 2478 idoneus
1708 2432 1750 2478 est
1772 2428 1896 2484 habitus,
1915 2429 1940 2477 in

1153 2509 1294 2557 maximum
1310 2506 1476 2557 commodum
1494 2506 1679 2565 subditorum,
1704 2511 1731 2557 et
1754 2519 1808 2556 non
1830 2519 1938 2570 parvam

1152 2587 1234 2637 Sacrii
1258 2587 1363 2648 imperii
1389 2587 1624 2645 commoditatem,
1649 2588 1790 2637 utilitatem
1815 2591 1843 2636 et
1867 2599 1941 2636 orna·

1153 2671 1279 2726 mentum,
1289 2665 1314 2715 ei
1326 2666 1470 2715 obtulimus
1483 2666 1653 2728 privilegium
1667 2666 1695 2714 iu
1705 2678 1849 2728 personam
1860 2678 1945 2721 suam,

1153 2760 1184 2797 ac
1201 2747 1331 2806 liliorum,
1354 2750 1381 2796 et
1406 2758 1591 2797 successorum
1609 2758 1735 2805 suorum,
1752 2750 1780 2796 et
1797 2744 1939 2817 accedente

1152 2826 1301 2877 Electcrum
1324 2838 1465 2876 consensu.
1481 2829 1513 2875 sa
1529 2831 1662 2888 tamquam
1679 2825 1747 2875 bene
1763 2827 1860 2875 merito
1876 2835 1940 2873 con·

1159 2906 1265 2954 tulimus
1293 2905 1474 2966 privilegium,
1491 2910 1517 2953 et
1537 2903 1722 2955 lavestiluram
1747 2904 1866 2955 Ducatus
1887 2905 1941 2955 lde·

1153 2982 1318 3034 diclanensis
1327 2988 1354 3034 et
1365 2983 1557 3043 lombardiae,
1573 2988 1600 3034 et
1615 2983 1762 3035 Comitatus
1773 2984 1881 3046 Papiae,
1891 2987 1939 3033 ete.

1152 3076 1202 3125 pro
1220 3067 1248 3112 ut
1264 3063 1371 3125 publico
1387 3063 1534 3125 diplomate
1545 3075 1560 3111 a
1572 3062 1648 3114 nobis
1665 3063 1716 3113 sibi
1732 3075 1864 3113 concesso
1879 3074 1943 3112 eon·

1153 3144 1262 3192 tinctur.
1282 3143 1308 3191 ln
1324 3155 1438 3205 quorum
1449 3143 1628 3193 testimonium
1640 3148 1798 3204 praesentes
1814 3143 1942 3204 bertius·

1160 3223 1259 3283 simus,
1276 3226 1304 3272 et
1319 3226 1411 3272 nostro
1428 3223 1514 3284 sigillo
1531 3223 1665 3284 pendente
1683 3225 1793 3281 muniri,
1809 3226 1838 3271 et
1854 3228 1942 3272 nostra

1158 3304 1237 3352 etiam
1254 3301 1364 3365 propria
1380 3312 1458 3351 manu
1477 3300 1695 3364 subscripsimus.
1720 3302 1803 3353 Datae
1820 3303 1848 3351 iu
1864 3302 1944 3352 Terra

1152 3386 1244 3433 nostra
1252 3379 1423 3443 hndverpiae
1435 3380 1478 3430 dle
1489 3384 1584 3432 octavo
1593 3381 1716 3431 Octobris
1724 3380 1942 3432 thccccdlClll.

1155 3462 1300 3525 Regnorum
1318 3464 1487 3519 nostrorum,
1504 3460 1609 3511 scilicet
1624 3460 1743 3521 Romani,
1759 3460 1827 3521 vill,
1843 3458 1946 3522 ilunga-

1155 3542 1210 3590 riae
1223 3553 1287 3590 rere
1298 3539 1326 3588 v.
1345 3561 1365 3588 ι.

1195 3620 1250 3680 Quo
1266 3619 1344 3669 modo
1361 3632 1427 3669 vero
1442 3618 1590 3669 Lndovicus
1607 3630 1638 3667 se
1654 3618 1769 3680 gesserit
1784 3629 1845 3668 cum
1858 3617 1943 3667 ltaliae

1153 3699 1265 3762 Regibus
1288 3702 1315 3749 at
1336 3699 1556 3761 liebuspublicis,
1570 3699 1655 3761 pactis
1672 3699 1777 3747 arcanis
1796 3710 1859 3747 cum
1875 3698 1941 3757 lisze

1154 3778 1251 3828 Gallico
1268 3779 1385 3841 signatis,
1396 3779 1551 3828 Franciseus
1562 3778 1769 3828 Guiceiardinius
1780 3780 1873 3840 paucis
1886 3789 1942 3825 ver·

1154 3857 1196 3907 bis
1221 3857 1298 3907 uobis
1321 3858 1446 3920 exponite
1468 3878 1479 3901 ι
1502 3856 1541 3909 lie
1561 3858 1691 3909 comincih
1708 3858 1877 3908 ferdinando
1897 3867 1943 3906 con

1156 3937 1258 3988 minore
1283 3949 1412 4000 speranza
1437 3935 1464 3986 di
1488 3936 1564 3985 {elice
1581 3949 1707 3988 successo
1728 3940 1875 3986 atrattare
1895 3948 1942 3985 oon

1154 4014 1287 4066 lodovico
1302 4016 1410 4073 Storra;
1427 4016 1444 4064 it
1460 4016 1537 4077 quale
1553 4027 1603 4066 con
1619 4020 1676 4065 arie
1692 4016 1880 4079 grandissima,
1900 4029 1942 4066 ora

1155 4095 1334 4145 mostrandosi
1358 4096 1536 4146 malconleato
1558 4094 1627 4145 della
1651 4097 1827 4147 inclinazicue
1848 4096 1891 4146 del
1910 4097 1942 4145 lte

1155 4174 1183 4224 di
1205 4174 1314 4224 Francia
1339 4175 1389 4223 alle
1413 4186 1476 4225 cose
1500 4174 1631 4233 d’ltalia,
1655 4188 1731 4226 come
1758 4176 1942 4238 pericolosea

1156 4257 1215 4304 tutti
1232 4256 1266 4316 gli
1283 4254 1399 4313 ltaliam,
1417 4267 1463 4305 ora
1480 4256 1635 4305 scusandosi
1651 4269 1700 4318 per
1716 4257 1739 4305 la
1758 4256 1905 4315 necessilvl,
1920 4256 1943 4305 la

1156 4332 1234 4395 quale
1259 4346 1307 4395 per
1323 4334 1340 4382 11
1358 4333 1435 4383 leudo
1459 4333 1486 4383 di
1512 4336 1618 4385 Geoovs
1629 4348 1664 4394 ‚e
1680 4347 1730 4397 per
1747 4336 1774 4387 la
1788 4336 1942 4387 coniedsra·

1156 4412 1232 4461 zicus
1244 4412 1388 4462 auticacon
1405 4413 1427 4460 la
1445 4425 1507 4463 casa
1523 4413 1548 4461 di
1565 4412 1682 4471 Francis,
1693 4413 1800 4466 l'aveva
1812 4419 1939 4466 costretlo

1157 4504 1171 4541 a
1188 4493 1263 4542 adire
1280 4493 1304 4543 le
1321 4494 1445 4542 richieste
1460 4494 1576 4554 lattegli,
1586 4495 1702 4545 secondo
1718 4494 1870 4550 diceva‚da
1881 4495 1940 4559 quel

1156 4572 1205 4621 lies
1225 4584 1271 4621 ora
1298 4571 1484 4635 promeltendo
1506 4573 1616 4635 qualche
1641 4574 1711 4623 volta
1729 4587 1742 4623 a
1761 4574 1942 4630 Ferdinsndo,

1157 4653 1267 4713 qualche
1289 4653 1361 4701 volta
1383 4656 1594 4714 separatamente
1610 4654 1634 4701 al
1658 4652 1787 4704 Pontellce
1804 4666 1820 4703 e
1837 4667 1852 4704 a
1868 4654 1940 4703 Piero

1157 4730 1299 4784 de’hledici
1321 4732 1346 4780 d·
1359 4731 1499 4781 allaticarsi
1519 4736 1617 4793 quanto
1643 4736 1753 4794 potesse
1769 4746 1820 4795 per
1836 4732 1941 4783 ralired·

1156 4810 1220 4862 dare
1237 4812 1255 4861 l’
1268 4811 1364 4861 ardore
1388 4810 1416 4860 di
1439 4811 1535 4870 Carlo;
1554 4812 1575 4861 si
1593 4814 1715 4863 storaava
1731 4812 1758 4862 di
1783 4814 1879 4863 tenerli
1899 4812 1942 4862 ad·

1155 4890 1316 4941 dormentati
1341 4891 1366 4940 in
1390 4896 1484 4953 questa
1509 4904 1653 4954 speranza,
1677 4892 1819 4942 acciocche
1841 4893 1940 4942 innanzi

1156 4970 1205 5020 che
1221 4972 1245 5019 le
1261 4982 1323 5021 cose
1340 4970 1366 5019 di
1383 4973 1492 5024 Francia
1516 4972 1618 5021 lossero
1634 4972 1703 5022 bene
1719 4974 1841 5024 ordinate
1857 4985 1873 5022 a
1889 4977 1944 5023 sla·

1156 5048 1249 5106 bilite,
1270 5052 1392 5099 controa
1411 5049 1446 5100 lul
1467 5050 1577 5111 qualche
1602 5051 1762 5101 movimento
1782 5064 1837 5101 nou
1859 5054 1882 5101 si
1904 5051 1941 5100 ia·

1156 5138 1240 5178 cesse.
1263 5127 1333 5190 ligii
1356 5140 1401 5177 era
1423 5127 1534 5179 credulo
1550 5127 1594 5191 phi
1609 5128 1778 5189 redimente,
1794 5128 1894 5192 perche
1920 5130 1941 5178 la

1156 5206 1350 5257 deliberacione
1367 5207 1393 5257 di
1409 5206 1450 5257 lar
1465 5219 1576 5269 passere
1597 5210 1614 5258 ll
1630 5210 1665 5260 lie
1683 5209 1709 5258 di
1725 5209 1835 5261 Francia
1853 5211 1880 5258 in
1896 5208 1941 5257 lta·

1156 5286 1205 5346 lia,
1221 5298 1266 5337 era
1283 5286 1411 5347 giudicala
1429 5285 1452 5337 si
1468 5289 1519 5338 mal
1536 5288 1624 5338 sicura
1641 5300 1737 5339 ancora
1754 5301 1804 5350 per
1827 5290 1880 5348 lui,
1896 5289 1940 5338 che

1154 5378 1209 5415 non
1225 5377 1324 5427 pareva
1341 5365 1467 5427 possibile
1483 5369 1531 5417 che
1543 5367 1692 5418 finalmente
1703 5380 1755 5418 non
1772 5380 1803 5419 se
1814 5368 1939 5418 n'avesse

1154 5443 1342 5504 (considerato
1354 5444 1369 5492 il
1382 5445 1499 5506 pericolo
1509 5450 1516 5503 1
1528 5459 1542 5495 a
1559 5448 1672 5498 ritirara.
1690 5448 1863 5498 consumossi
1876 5452 1938 5498 tutta

1156 5521 1182 5571 la
1197 5524 1264 5571 state
1281 5523 1307 5571 in
1323 5528 1417 5585 queste
1433 5526 1562 5586 pratlclve,
1577 5526 1746 5588 procedendo
1762 5527 1898 5578 hudovico
1915 5527 1938 5575 in

1156 5603 1234 5654 modo
1251 5603 1314 5661 che,
1331 5616 1411 5654 senza
1428 5604 1492 5655 dare
1517 5606 1609 5656 ombra
1627 5608 1650 5656 sl
1666 5607 1703 5658 lle
1718 5606 1745 5657 di
1762 5608 1888 5665 Francia,
1907 5605 1938 5655 ne

1156 5681 1338 5742 Fordinaodo,
1361 5683 1394 5734 ae
1418 5685 1435 5733 il
1457 5683 1603 5743 concedes,
1619 5685 1652 5734 ub
1677 5688 1684 5735 i
1706 5686 1850 5738 {florentini
1872 5685 1936 5735 delle
