4492 6859
293 616 356 677 ito
760 606 1044 673 rontmtcarna
1064 605 1285 677 innocunrn
1312 612 1462 679 Ochvl.

294 769 356 829 quo
377 748 491 830 penitus
511 745 584 809 nihil
606 744 734 819 babuit,
755 762 848 824 neque
867 745 975 806 bonum
1009 762 1079 808 rer·

292 855 372 915 bum.
389 853 484 915 Rediit
507 853 546 913 ad
565 851 675 917 Urbem
696 869 713 910 a
733 849 863 931 Neapoli,
884 849 1009 910 monada
1032 849 1078 910 die

290 954 432 1016 februarii
453 953 483 1014 iu
503 972 578 1015 sero.
598 950 705 1013 biteris
718 950 905 1031 Imperatoris
921 950 961 1011 sic
974 967 1081 1030 supra·

292 1055 433 1135 scriptum
445 1064 518 1115 mat:
532 1051 738 1114 Serenissimo
747 1050 894 1134 Principii
899 1049 1082 1111 Ferde‘rran·

296 1158 336 1218 do
350 1155 431 1240 Heqi
443 1154 580 1215 Siciliae
592 1162 646 1213 etc.
660 1151 759 1234 fratri
774 1161 882 1213 nostro
895 1151 1080 1223 carissimae

293 1256 398 1317 litteris
424 1253 512 1332 Regis
536 1251 735 1313 Romanorum
763 1250 992 1330 suprascriptum
1017 1258 1082 1310 erat

293 1350 484 1429 hujusmodi:
499 1350 705 1413 Sereniaaimo
718 1348 866 1428 Principii
877 1349 1082 1410 Ferdinarrdo

293 1453 374 1536 chi
394 1452 531 1514 Siciliae
542 1462 572 1512 et
589 1450 788 1512 Hierusalem
808 1450 1037 1531 consanguineo
1053 1459 1082 1509 et

296 1552 456 1636 confratri
470 1563 579 1614 nostro
602 1551 776 1614 carissimo.
793 1547 909 1612 Literae
919 1549 1013 1609 Ducis·
1028 1550 1084 1609 ΑΙ·

295 1653 370 1714 berti
391 1673 421 1715 se
439 1653 676 1714 intitulabantur:
690 1651 781 1712 illua.
803 1649 952 1731 Principii
966 1650 1083 1711 Ferali-

293 1748 848 1836 1111111111ςίΝεαροὶίιαηοῦοηιίηο
862 1761 891 1811 et
900 1749 1082 1812 Carissimo.

294 1852 408 1915 Literna
429 1851 590 1933 praedictae
612 1863 670 1914 tres
687 1849 760 1911 mihi
782 1849 864 1911 datae
884 1849 1003 1910 luerunt
1025 1870 1079 1931 per

201 2019 216 2027 ,
294 1952 330 2014 Ι).
350 1956 562 2033 Hieronymum
588 1951 750 2013 Baibanum
787 1950 842 2011 88.
864 1951 901 2010 i).
922 1948 957 2010 N.
987 1950 1081 2030 Papae

294 2058 483 2118 secretarium
505 2055 712 2135 consignandae
733 2052 861 2116 Heraldo
879 2097 888 2126 ,
909 2072 961 2131 per
987 2053 1081 2133 ipsum

207 2230 211 2237 Ι
297 2157 372 2236 Regi
393 2155 578 2238 Neapolitano
599 2155 777 2229 deferendae,
797 2165 826 2216 et
848 2153 1079 2234 praesentandae:

300 2259 406 2337 ligatae
425 2268 523 2318 autem
538 2266 622 2319 erant
637 2256 723 2318 simul
746 2258 775 2316 in
799 2275 856 2317 una
879 2255 992 2327 charta,
1008 2273 1082 2332 qaae

296 2356 465 2434 hujusmodi
486 2359 762 2439 suprascriptionem
783 2356 928 2417 babebat:
949 2355 1080 2417 biterae

296 2457 432 2520 Serenis.
446 2457 652 2537 Imperatoria
664 2469 693 2519 et
707 2458 802 2540 Heqie
813 2458 1082 2525 Humanumque

295 2558 385 2622 Illas.
402 2559 441 2620 D.
455 2558 581 2620 Alberii
602 2558 704 2621 Dacia
727 2558 901 2628 Saeuitiae,
915 2557 972 2638 qai
991 2557 1083 2618 babet

295 2661 394 2740 saliam
409 2658 615 2739 Imperatoris
628 2655 816 2729 inararem,
828 2658 871 2717 ad
880 2654 1082 2738 HeqeoiNea·

294 2761 471 2841 politanum
488 2759 675 2840 deserendae
688 2778 746 2839 per
757 2757 929 2819 Heraldam
942 2756 1083 2835 Impera·

251 3015 253 3019 .
302 2871 465 3022 1081811111
484 2958 537 3021 13.
564 2958 634 3019 dicti
652 2957 757 3019 mensis
773 2925 906 3036 januarii
928 2958 956 3017 in
978 2975 1080 3031 mana,

295 3062 353 3123 suit
372 3060 544 3123 convocatio
560 3059 691 3121 omnium
708 3058 907 3121 cardinalium
922 3060 950 3120 in
970 3059 1081 3120 Palatio

296 3162 487 3244 Apostolieo,
508 3180 577 3224 cum
599 3160 654 3223 88.
671 3160 707 3221 D.
726 3159 783 3236 N.;
805 3171 834 3224 et
852 3161 919 3241 ipsis
938 3158 1082 3221 notificata

296 3284 348 3345 per
381 3263 570 3326 Sanctitatem
598 3263 689 3325 Suam
718 3261 873 3324 concordia
894 3280 945 3343 per
974 3262 1083 3342 Regem

295 3368 447 3447 Hispaniae
468 3364 563 3425 habita
586 3382 654 3425 cum
672 3363 752 3444 Rege
771 3362 926 3437 Granataa,
941 3363 993 3441 qui
1006 3363 1084 3423 civi·

297 3469 360 3541 tati,
381 3479 409 3528 et
427 3476 487 3528 tata
499 3484 589 3544 tegna
605 3463 749 3527 Gradatae
763 3465 865 3538 cessit,
879 3464 980 3525 lavore
998 3463 1084 3544 Regis

297 3571 474 3651 Hispaniae,
504 3581 652 3631 reserrato
672 3570 725 3630 sibi
746 3570 873 3647 quodam
895 3568 1034 3630 comitatu
1055 3570 1083 3630 in

298 3671 436 3752 Hispania
443 3691 454 3744 3
477 3688 644 3748 quaenam
666 3671 730 3733 beri
753 3690 869 3751 vespera
889 3670 1006 3731 fuerunt
1032 3690 1083 3750 per

300 3771 441 3835 Oratores
461 3770 550 3851 Regis
570 3771 700 3832 nuntiata
722 3770 876 3832 Sanctitati
898 3771 999 3845 Suae3
1026 3771 1085 3832 luit

298 3885 450 3955 propterea
477 3872 583 3933 ibidem
611 3874 640 3934 in
669 3875 892 3953 congregatione
912 3872 1084 3947 decretum,

299 3975 378 4054 quod
401 3974 474 4036 laria
506 3974 631 4034 secunda
653 3974 814 4037 immediate
835 3974 988 4053 sequenti,
1009 3993 1083 4054 quae

298 4078 356 4141 erit
385 4076 489 4138 testum
527 4074 731 4136 Conversionis
756 4074 788 4136 S.
815 4075 901 4136 Pauli
931 4074 1084 4156 Apostoli,

299 4178 383 4237 Missa
405 4174 539 4236 solemnis
557 4175 586 4234 in
602 4174 718 4236 basilica
737 4175 768 4237 8.
784 4177 865 4239 Petri
885 4189 1084 4238 extramuros

299 4279 398 4350 Urbis,
407 4277 441 4337 de
454 4276 567 4356 Spiritu
579 4275 699 4339 Sancto.
710 4295 761 4355 per
773 4277 899 4355 aliquem
910 4280 1084 4358 praelatum,

300 4380 377 4459 Papa
398 4388 428 4440 et
448 4377 646 4439 Cardinaiibus
667 4379 873 4457 praesentibus,
895 4380 922 4439 in
945 4379 1083 4440 bonorem

300 4481 353 4544 Dei
372 4481 583 4551 celebraretur,
600 4480 636 4538 ad
657 4480 747 4540 instar
761 4478 850 4558 liujus
871 4481 991 4541 alterius
1011 4480 1084 4541 iiis-

300 4602 348 4645 sae
369 4600 476 4661 parvae
495 4582 525 4642 in
546 4582 664 4643 ecclesia
675 4582 780 4643 beatae
796 4582 906 4642 Mariae
922 4582 956 4643 de
971 4582 1085 4660 Populo

301 4682 459 4746 celebratae
481 4699 548 4743 cum
563 4681 667 4744 eisdem
685 4682 848 4754 versiculis,
866 4694 895 4745 et
909 4682 973 4742 aliis
989 4683 1017 4741 in
1028 4680 1085 4743 bne

301 4786 403 4849 Missae
418 4797 487 4846 tunc
502 4783 597 4854 dictis:
619 4781 676 4843 suit
695 4795 847 4863 propterea
866 4782 944 4843 dicta
966 4781 1083 4841 basiiim

302 4889 334 4949 8.
350 4886 433 4946 Pauli
453 4884 634 4956 ordinatam
648 4894 760 4963 parata,
780 4894 868 4963 prout
888 4879 1084 4961 aliasquanda

303 4987 359 5049 88.
380 4988 416 5047 D.
430 4984 466 5047 ii.
489 4985 567 5045 inea
584 4984 671 5045 Missa
693 4983 956 5064 publicaintersnit,
968 4994 1084 5063 excepta

302 5088 380 5169 quod
401 5089 505 5150 solium
527 5084 675 5148 Pontificis
695 5087 844 5168 ampliari,
859 5098 888 5148 et
908 5086 1010 5148 melius
1032 5104 1083 5146 re·

301 5189 423 5253 formari
444 5189 500 5251 ieci
519 5185 575 5271 (d).

1019 5349 1085 5361 κ

343 5440 378 5500 (ti
393 5437 433 5489 De
449 5437 558 5487 Sanctae
576 5437 650 5488 Sedis
666 5437 853 5499 cooperatione
870 5439 1028 5500 praitauria
1050 5451 1083 5489 ex

304 5516 428 5580 Hispania
451 5516 634 5580 expellendis,
651 5515 800 5567 1111111111
824 5515 887 5566 viii.
909 5517 1084 5582 gubernacula

303 5594 435 5646 Ecclesiae
451 5599 576 5660 regente,
588 5608 622 5647 ex
637 5595 758 5659 pluribus
769 5596 940 5659 testimoniis,
952 5598 1083 5660 seligimus

304 5674 369 5724 haec
382 5693 389 5721 a

1837 612 1936 701 (rin)

1189 749 1274 812 Faria
1294 752 1389 825 tertia,
1403 750 1528 813 meranda
1544 753 1646 814 mensis
1658 751 1817 823 februarii,
1833 752 1930 813 1111111

1149 847 1363 913 Pnridcnlionis
1372 851 1477 913 Baetae
1491 851 1599 916 diarias
1620 852 1759 932 Virginis,
1779 850 1837 912 88.
1852 852 1889 912 Ι).
1903 853 1934 912 N.

1192 1030 1202 1051 ·
1220 1008 1267 1060 Per
1283 1009 1331 1059 dar
1347 1012 1461 1073 maggior
1477 1012 1563 1061 anima
1579 1025 1593 1061 a
1609 1010 1780 1062 Ferdiaando
1805 1023 1835 1060 re
1856 1010 1935 1063 111111-

1147 1087 1232 1151 stigiia
1250 1100 1265 1138 a
1282 1087 1309 1137 d'
1319 1089 1457 1152 aragona,
1473 1088 1609 1140 acciaccbb
1625 1090 1798 1140 continuasse
1811 1089 1835 1137 ia
1849 1103 1938 1152 guerre

1149 1170 1285 1231 appiccata
1300 1179 1348 1230 per
1364 1168 1523 1218 annichilata
1539 1169 1625 1231 quelle
1641 1170 1754 1232 reliquie
1769 1168 1797 1217 di
1814 1169 1881 1219 ilari
1896 1172 1939 1220 ebe

1149 1260 1244 1297 ancora
1266 1249 1335 1296 satio
1350 1259 1386 1295 un
1402 1260 1433 1297 re
1449 1247 1506 1297 ioro
1523 1246 1694 1298 rimenarano
1719 1248 1940 1310 signoreggiando

1148 1325 1173 1376 in
1190 1326 1303 1377 Granala
1319 1329 1388 1385 (ove
1404 1325 1486 1376 anaba
1503 1327 1525 1375 si
1542 1339 1661 1389 veggono
1677 1326 1830 1377 bellissima
1850 1330 1938 1379 rarine

1149 1404 1174 1455 di
1193 1405 1382 1468 superbissima
1407 1403 1546 1455 tabbriciia
1561 1408 1625 1457 tatic
1642 1405 1675 1455 da
1692 1405 1774 1464 loro,
1792 1404 1843 1456 cbo
1867 1404 1940 1456 laaao

1150 1482 1209 1534 rade
1225 1496 1300 1534 cama
1316 1487 1424 1533 stavana
1440 1495 1488 1533 can
1506 1484 1652 1547 grandezze
1668 1497 1684 1535 e
1702 1484 1830 1545 maasia)
1847 1497 1940 1536 conca

1151 1562 1224 1613 detis
1240 1576 1255 1612 a
1271 1562 1435 1613 ferdinando
1453 1563 1477 1611 la
1493 1561 1629 1622 crociam,
1644 1576 1660 1613 e
1675 1564 1694 1613 il
1721 1564 1846 1614 sussidio
1868 1577 1942 1627 sopra

1150 1640 1175 1690 ia
1199 1641 1303 1700 abisse,
1320 1640 1368 1690 aba
1392 1640 1435 1690 dal
1452 1641 1527 1693 Card.
1552 1641 1577 1691 di
1598 1642 1699 1705 spagna
1715 1642 1746 1693 iu
1764 1642 1870 1692 ridolto
1896 1657 1940 1706 per

1149 1721 1344 1784 composicione
1359 1732 1374 1769 a
1390 1722 1529 1772 cantamiia
1545 1721 1628 1771 borini
1646 1720 1715 1770 delia
1733 1724 1846 1785 stampe
1854 1721 1942 1773 11111-

1151 1812 1237 1862 gana,
1264 1812 1364 1849 atvero
1391 1811 1404 1847 a
1433 1802 1609 1851 settantamila
1626 1800 1700 1851 scadi
1721 1800 1739 1850 1’
1752 1812 1847 1858 anno,
1875 1814 1941 1851 eane

1149 1879 1242 1929 dicano
1259 1878 1334 1936 111111
1351 1877 1393 1928 dei
1411 1881 1488 1941 quala
1510 1882 1581 1938 ajuto
1598 1880 1686 1930 iattasi
1708 1879 1885 1931 Fardinaado
1905 1880 1942 1943 pii

1151 1958 1284 2022 gagliarda
1300 1956 1369 2007 ebba
1389 1959 1469 2008 malie
1486 1960 1608 2016 vitiario,
1626 1970 1641 2008 a
1661 1961 1859 2009 strettamenta
1875 1970 1944 2010 asse·

1151 2035 1194 2087 did
1210 2037 1233 2085 la
1251 2035 1313 2086 citii
1329 2036 1355 2085 di
1372 2036 1492 2086 Grenata.
1512 2037 1531 2087 11
1547 2037 1596 2086 cbe
1613 2036 1735 2087 vadendo
1753 2038 1773 2085 il
1792 2049 1823 2087 re
1847 2036 1874 2087 di
1890 2050 1943 2088 assa

1149 2114 1280 2174 Granaia,
1298 2128 1329 2165 ne
1346 2115 1423 2165 diade
1441 2117 1532 2167 arrisu
1549 2117 1573 2167 al
1590 2117 1702 2167 Saldano
1719 2116 1748 2166 di
1775 2115 1885 2179 Egilio,
1900 2118 1942 2168 cbe

1152 2208 1235 2245 avara
1253 2197 1335 2245 ancha
1351 2195 1427 2244 titolo
1443 2194 1469 2245 di
1487 2194 1583 2254 Callia,
1600 2196 1648 2246 aba
1664 2194 1786 2258 significa
1803 2207 1944 2249 moestam

1148 2287 1166 2323 a
1181 2274 1331 2333 Haomelto,
1347 2284 1362 2324 a
1379 2286 1444 2337 capo
1461 2274 1505 2325 da’
1515 2276 1688 2333 ileumetani,
1700 2274 1826 2325 ierallne
1844 2275 1944 2325 ultime·

1152 2358 1240 2404 mente
1257 2355 1264 2403 l
1281 2354 1394 2412 Tarchi,
1412 2366 1426 2404 e
1444 2354 1466 2403 si
1482 2354 1574 2404 iacere
1590 2366 1639 2417 per
1656 2355 1780 2406 eletione
1798 2354 1835 2404 da
1852 2356 1945 2406 liema-

1153 2432 1238 2482 iucchi
1255 2435 1302 2482 cire
1319 2444 1368 2494 per
1385 2432 1410 2481 io
1426 2431 1469 2495 pin
1488 2444 1568 2483 erano
1586 2431 1629 2483 dei
1645 2445 1726 2495 paese
1745 2432 1776 2483 di
1792 2432 1944 2493 Carsania,

1152 2510 1291 2561 acciocche
1306 2510 1471 2573 pravedesse
1488 2510 1512 2560 al
1528 2511 1644 2574 pericolo
1661 2524 1710 2562 sua
1726 2524 1743 2562 e
1762 2511 1807 2562 da’
1818 2513 1944 2565 11111111

1151 2590 1264 2652 patendo
1282 2592 1366 2640 coslai
1384 2602 1539 2640 soccarrera
1557 2590 1574 2639 11
1590 2590 1734 2649 Granatini,
1751 2592 1857 2653 parcae
1873 2593 1941 2643 111-

1150 2670 1224 2731 ρ1111
1248 2668 1289 2718 de’
1300 2668 1414 2718 saracini
1436 2669 1458 2719 si
1479 2681 1525 2718 ara
1551 2668 1705 2728 debilitato,
1726 2671 1876 2721 assendosi
1893 2673 1943 2734 pri·

1151 2748 1321 2797 mierameate
1344 2746 1428 2797 diviso
1445 2748 1470 2797 ia
1487 2748 1537 2798 dua
1553 2747 1650 2807 Callia,
1665 2749 1708 2799 dei
1730 2748 1909 2812 Cairarann,
1926 2764 1939 2801 e

1150 2825 1175 2875 d'
1186 2824 1272 2888 Egilia
1289 2824 1357 2875 altre
1374 2825 1520 2884 babilonia,
1538 2839 1552 2876 e
1568 2828 1610 2889 pai
1628 2827 1654 2876 in
1670 2826 1775 2878 diversi
1792 2827 1943 2891 Principidi

1150 2903 1301 2964 Carmania,
1324 2903 1411 2954 Persia
1436 2917 1451 2954 a
1475 2905 1551 2965 altri,
1569 2919 1584 2956 a
1601 2905 1628 2956 iu
1656 2907 1737 2957 malle
1763 2907 1942 2971 Repabbiieba

1150 2982 1313 3042 Satricae
1330 2984 1426 3048 iialey,
1443 2997 1458 3033 a
1475 2987 1513 3034 sia
1530 2998 1576 3044 re,
1592 2986 1660 3035 neila
1678 2990 1784 3045 elassa,
1795 3000 1811 3038 ε
1824 2987 1870 3036 dai
1881 2987 1945 3037 Tar·

1149 3063 1285 3113 animalia
1309 3063 1520 3122 combeltaio‚e
1543 3064 1645 3114 arendo
1662 3065 1669 3113 i
1686 3066 1807 3115 saracini
1828 3067 1942 3130 perdata

1151 3142 1176 3191 ia
1191 3141 1321 3192 comodiii
1336 3141 1363 3192 di
1385 3155 1473 3192 armar
1501 3156 1550 3206 per
1564 3156 1666 3204 marc,
1682 3157 1732 3194 cau
1751 3146 1768 3196 il
1787 3147 1872 3209 quale
1893 3147 1943 3195 sola

1150 3220 1225 3273 mado
1249 3220 1400 3271 sarebbono
1428 3225 1526 3285 potato
1555 3226 1650 3272 matter
1674 3228 1753 3287 gente
1772 3225 1799 3274 11
1818 3224 1941 3287 ispagna,

1152 3312 1202 3351 non
1220 3312 1303 3363 seppa
1321 3300 1412 3363 pigiiar
1429 3301 1496 3350 altra
1513 3300 1648 3363 spediante
1664 3301 1713 3352 aba
1730 3301 1759 3351 di
1772 3303 1941 3353 mandardae

1152 3380 1266 3441 religiosi
1282 3378 1454 3430 Fraucascani
1471 3379 1513 3429 del
1530 3384 1661 3430 convento
1672 3380 1715 3431 del
1725 3381 1809 3432 Santo
1821 3382 1941 3445 sepulcra

1151 3461 1175 3509 ai
1191 3459 1272 3523 Papa.
1283 3471 1331 3509 coa
1343 3459 1470 3509 minaccie
1482 3459 1530 3509 cha
1546 3471 1574 3509 se
1585 3472 1637 3509 nou
1649 3472 1777 3523 operare,
1787 3472 1868 3512 came
1884 3472 1942 3524 capa

1151 3538 1333 3591 da'Nazarani
1353 3535 1426 3599 (cosi
1442 3538 1578 3588 chiamava
1594 3538 1602 3588 1
1620 3537 1744 3589 Cristiani
1756 3544 1786 3600 i,
1811 3539 1863 3590 che
1884 3539 1940 3589 111-

1152 3618 1265 3669 1111111
1286 3618 1382 3670 Marcia
1400 3615 1473 3679 (cosi
1496 3630 1609 3668 namara
1625 3616 1644 3666 11
1660 3630 1690 3668 re
1711 3618 1738 3667 di
1763 3618 1886 3682 spagaa)
1904 3620 1938 3669 la·

1153 3700 1252 3748 sciasse
1269 3700 1294 3747 in
1310 3709 1375 3760 pace
1390 3696 1407 3745 li
1424 3697 1482 3746 suoi
1497 3697 1651 3749 iiusulmani
1667 3695 1745 3754 (cosi
1761 3696 1937 3749 dimandaaai

1150 3777 1328 3838 iiaumetanl)
1343 3788 1358 3825 a
1374 3776 1456 3840 gader
1472 3777 1480 3825 i
1496 3777 1553 3826 loro
1569 3777 1683 3835 terreni,
1698 3775 1741 3827 da'
1750 3779 1824 3839 quali
1843 3779 1884 3841 gii
1898 3777 1937 3841 pii

1150 3857 1177 3908 di
1203 3859 1348 3907 setteceala
1374 3856 1435 3905 anai
1452 3868 1532 3906 erano
1556 3855 1583 3904 in
1608 3866 1758 3919 possesso,
1775 3868 1812 3907 ne
1835 3856 1938 3907 iarebba

1151 3936 1276 3988 reudatta
1293 3938 1386 3985 contro
1402 3937 1410 3984 i
1427 3934 1555 3987 Nazaraei
1572 3934 1699 3984 ch’arano
1709 3936 1814 3986 nalsun
1827 3936 1935 4001 imperio

1152 4017 1178 4066 iu
1195 4013 1368 4080 grandissimo
1390 4026 1516 4073 numero,
1532 4026 1547 4063 a
1563 4013 1782 4080 principaimento
1807 4014 1838 4068 ln
1865 4016 1938 4079 cipro

1152 4108 1166 4145 a
1182 4096 1209 4146 in
1225 4095 1329 4146 Giadea.
1345 4093 1372 4142 Li
1390 4093 1459 4155 quali
1475 4092 1550 4143 Padrl
1568 4094 1687 4145 andorno
1701 4095 1731 4146 in
1746 4093 1881 4161 lspagna,
1894 4097 1939 4146 aba

1151 4173 1221 4224 delia
1236 4173 1332 4236 Regina
1348 4172 1442 4223 furano
1459 4171 1511 4222 ben
1527 4172 1602 4229 visti,
1617 4184 1633 4223 a
1649 4174 1693 4224 nei
1712 4174 1818 4226 ritornn
1839 4175 1888 4225 aba
1904 4176 1936 4225 ie·

1152 4266 1214 4303 cara
1240 4254 1266 4302 ia
1292 4252 1444 4303 Gerasaiam
1473 4252 1567 4303 mandri
1582 4266 1597 4303 a
1613 4252 1711 4305 donare
1733 4268 1750 4305 ι
1776 4257 1841 4318 quel
1866 4269 1937 4309 sacro

1152 4334 1227 4395 luogo
1245 4333 1314 4395 mille
1331 4329 1405 4382 scadi
1417 4331 1443 4381 di
1460 4336 1562 4382 antrata
1580 4345 1594 4383 ε
1610 4332 1656 4396 piri
1670 4347 1706 4386 11
1722 4335 1873 4388 bellissima
1885 4340 1939 4390 reio

1152 4412 1272 4463 iaroruto
1288 4411 1313 4462 di
1331 4424 1378 4462 sua
1401 4424 1477 4462 mano
1494 4424 1542 4474 por
1559 4413 1664 4478 coprirs
1680 4415 1698 4465 11
1718 4414 1879 4469 Sentissimo
1896 4418 1938 4468 Se·

1152 4492 1255 4555 palera,
1271 4505 1346 4543 cama
1362 4492 1384 4541 si
1397 4492 1464 4542 aede
1480 4493 1542 4542 nall’
1554 4493 1645 4545 istoria
1661 4493 1688 4544 di
1704 4492 1829 4557 castiglia
1841 4497 1941 4556 abeam

1151 4584 1217 4634 capo
1232 4574 1271 4623 28.
1288 4572 1307 4621 ll
1321 4571 1393 4635 Papa
1406 4572 1461 4621 seca
1479 4584 1573 4635 sapere
1584 4573 1603 4623 ll
1620 4576 1687 4625 lulla
1705 4587 1719 4624 a
1734 4574 1940 4628 tractarenon

1152 4654 1229 4717 quale
1256 4653 1333 4716 parto
1360 4649 1414 4702 cosi
1441 4652 1502 4703 viva
1519 4654 1618 4715 regioni
1634 4653 1661 4706 dl
1676 4655 1726 4706 ebe
1742 4655 1819 4707 facea
1846 4670 1940 4721 guerra

1152 4735 1242 4781 contro
1264 4732 1383 4791 iadroni,
1400 4730 1449 4782 aba
1477 4733 1640 4795 riempirano
1655 4732 1682 4786 dl
1699 4736 1790 4798 rapine
1818 4739 1889 4789 tulta
1918 4738 1941 4786 11

1151 4811 1274 4875 Spagna,
1291 4825 1306 4863 a
1323 4811 1364 4862 dai
1381 4812 1468 4862 buono
1486 4814 1656 4863 imitamento
1676 4814 1726 4866 clia
1742 4828 1825 4867 verso
1849 4817 1857 4867 i
1878 4817 1941 4867 vinti

1151 4902 1247 4949 asara,
1264 4892 1432 4953 quantunque
1449 4890 1618 4942 meritassaro
1641 4894 1701 4956 ogni
1718 4895 1805 4951 male,
1823 4896 1874 4947 cbe
1893 4896 1940 4947 sna

1152 4967 1250 5019 Santiti
1277 4981 1329 5018 non
1356 4980 1437 5031 sappe
1465 4971 1513 5020 che
1529 4970 1586 5021 dira
1600 4984 1633 5030 ‚a
1656 4971 1823 5024 Ferdiaeada
1845 4975 1940 5026 rimase

1152 5047 1298 5106 circitare,
1315 5046 1416 5096 arendo
1433 5048 1518 5109 prima
1541 5050 1707 5113 conquistato
1724 5048 1776 5102 due
1790 5052 1877 5111 citii,
1903 5057 1942 5104 tra

1152 5126 1176 5175 la
1193 5125 1262 5189 quali
1279 5138 1325 5175 era
1351 5125 1573 5189 basoapoiana..e
1591 5128 1642 5179 due
1660 5129 1718 5179 altri
1736 5130 1823 5193 iuagai
1852 5144 1867 5182 e
1894 5133 1938 5194 poi

1152 5208 1230 5253 avuta
1247 5215 1294 5266 per
1311 5203 1423 5253 eccardo
1434 5204 1555 5254 Granaia.
1567 5205 1597 5256 nt
1614 5210 1662 5257 che
1679 5208 1847 5260 lerdinanda
1862 5210 1939 5262 diade

1152 5283 1244 5332 areiso
1261 5282 1285 5331 11
1301 5281 1386 5344 Papa,
1403 5295 1418 5332 a
1437 5283 1460 5331 a'
1471 5282 1615 5344 cardinali,
1629 5286 1678 5336 cha
1693 5298 1727 5336 ne
1747 5286 1839 5338 fecero
1861 5302 1941 5352 gram

1151 5360 1260 5412 dissime
1277 5362 1421 5425 aliegrezza
1438 5374 1487 5424 per
1509 5366 1549 5414 tre
1568 5366 1649 5424 giomi
1668 5365 1821 5425 continovi,
1849 5379 1865 5417 ε
1892 5368 1941 5418 Sua

1151 5441 1330 5492 Santitiandd
1347 5453 1396 5490 ean
1412 5445 1480 5491 lutto
1508 5444 1524 5493 ii
1551 5443 1665 5506 collegio
1693 5445 1735 5496 dei
1763 5445 1935 5497 Cardinalia

1151 5522 1259 5572 tenerae
1276 5521 1395 5583 cappella
1412 5521 1438 5571 11
1455 5521 1609 5586 8111111ρο
1626 5524 1713 5576 chiesa
1730 5524 1773 5575 dei
1788 5525 1939 5590 spagnualie

1151 5613 1230 5663 eper
1247 5614 1327 5665 segne
1354 5601 1422 5651 dalla
1448 5602 1555 5654 villaria
1579 5604 1673 5655 mandb
1699 5604 1865 5658 ferdinando
1889 5618 1940 5659 can

1152 5680 1244 5732 lettere
1270 5679 1296 5729 11
1319 5680 1423 5731 italiana
1439 5693 1453 5731 a
1471 5685 1632 5747 spagnuaio,
1648 5696 1664 5736 a
1680 5698 1715 5735 un
1732 5685 1933 5739 ambasciadore
