4492 6859
293 605 353 670 ton

294 745 428 807 mandato
449 763 502 805 sao
512 768 522 817 3
550 742 626 824 quod
646 752 676 804 et
696 744 752 804 leci
776 742 920 821 aliquibus
948 754 1083 814 tantum,

293 847 425 908 videlicet
446 844 706 916 Vicecaucellario,
725 843 937 916 Beneventano,
960 841 1083 902 Sauene

291 948 480 1020 briastasiae,
506 946 653 1016 Senensi,
678 944 870 1018 Camerorio,
896 943 1025 1014 Ursino,
1055 954 1083 1004 et

291 1049 416 1110 Ascanio
423 1071 434 1121 3
448 1048 555 1125 quibus
570 1047 703 1109 omnibus
718 1048 829 1127 placuit
846 1064 910 1106 mea
932 1045 1084 1118 sententia,

292 1148 539 1212 Vicecancellario
554 1147 696 1220 addente,
715 1147 786 1207 alias
806 1148 836 1207 in
851 1145 978 1207 adventu
995 1144 1085 1207 bonae

294 1246 454 1312 memoriae
468 1248 630 1310 cardinatis
653 1247 687 1309 de
707 1248 790 1307 Faxo
811 1248 886 1309 idem
902 1248 990 1308 luisse
1009 1248 1084 1307 inter

294 1362 343 1412 e'os
364 1361 516 1420 statutum,
538 1361 566 1410 et
587 1349 764 1421 ordinatum,
785 1360 813 1410 et
835 1361 904 1411 tunc
922 1349 1009 1410 etiam
1029 1347 1085 1408 ob·

294 1465 460 1525 serratum3
475 1451 580 1511 habitis
594 1462 747 1530 propterea
768 1470 819 1531 per
835 1468 880 1512 me
894 1449 1007 1510 duobus
1021 1448 1086 1508 aliis

296 1555 381 1617 seclis
399 1572 453 1633 pro
468 1552 522 1611 hac
544 1571 587 1625 re,
606 1551 675 1612 hinc
686 1560 715 1611 et
737 1551 801 1612 inde
815 1570 986 1631 persuasum
1000 1550 1027 1609 id
1043 1560 1086 1610 est

297 1655 334 1715 ad
354 1655 427 1715 alios
445 1652 624 1725 cardinales,
645 1653 779 1731 pluribus
799 1653 913 1713 vicibus
930 1650 1087 1732 equitando

299 1776 356 1817 non
378 1755 496 1816 modicis
513 1753 673 1828 laboribus,
694 1771 762 1813 curn
781 1753 851 1813 alias
869 1752 1031 1815 cardinalis
1052 1752 1086 1830 de

298 1858 412 1921 Ursinis
435 1869 582 1934 tamquam
604 1854 705 1927 affinis,
726 1864 755 1915 et
776 1855 915 1915 Ascanius
937 1866 1086 1932 tamquam

298 1958 453 2038 singularis
478 1958 591 2016 amicus
622 1957 738 2017 omnino
765 1956 903 2017 interesse
936 1954 1010 2016 dicta
1042 1954 1087 2016 dle

299 2060 439 2120 adrentus
453 2059 526 2119 suia
540 2060 571 2117 S.
585 2056 675 2118 biurio
689 2056 724 2116 de
735 2056 852 2136 Populo
862 2066 891 2118 et
905 2056 956 2115 sibi
971 2056 1087 2117 obviarn
1119 2052 1124 2133 Ι

301 2162 399 2222 venire
430 2158 610 2221 ordinassent
624 2179 634 2230 ;
666 2156 777 2218 obtinui
808 2157 921 2219 tandem
955 2156 1086 2218 omnium
1119 2136 1124 2218 Ι

299 2261 517 2343 praedictorum
534 2278 715 2332 consensum,
731 2258 809 2338 quod
820 2259 918 2319 nullus
931 2260 957 2319 cl
972 2258 1087 2318 obriam

302 2364 358 2425 iret
379 2361 474 2441 prima
494 2359 539 2420 die
560 2360 730 2440 praedicta,
749 2359 931 2437 quodetiam
950 2359 1006 2418 luit
1036 2376 1088 2436 per

300 2482 349 2524 cos
375 2460 563 2522 laudabiliter
591 2460 787 2521 observatum.
810 2459 851 2522 Ut
877 2459 964 2520 etiam
1000 2456 1089 2536 hujus

300 2562 471 2633 cardinalis,
486 2558 573 2638 cujus
592 2578 695 2621 nomen
711 2572 774 2622 erat
793 2561 918 2621 loannes
938 2557 1089 2618 [saurentii

302 2662 338 2724 de
349 2662 553 2726 Medicls'civis
568 2662 730 2722 Florentini
749 2660 825 2722 lilim
835 2660 1088 2739 secundogenitus,

301 2763 413 2841 aliquid
435 2762 588 2834 habeatur,
611 2761 646 2822 de
667 2780 738 2840 quo,
759 2779 828 2821 cum
849 2772 960 2822 secreta
982 2758 1089 2830 luerit,

304 2865 377 2926 nibil
399 2864 456 2924 diri
468 2909 478 2939 ,
497 2859 561 2939 ejus
583 2863 758 2923 creationem
787 2861 920 2922 breviter
949 2857 1089 2920 recitabo.

303 2965 357 3026 llic
377 2966 474 3037 lunae,
495 2980 569 3023 noua
592 2962 707 3035 martii,
728 2963 829 3022 annia
856 2960 1006 3022 nativitate
1027 2960 1089 3021 Do-

304 3066 375 3125 mini
397 3083 428 3126 ιι.
449 3080 536 3126 οοοο.
558 3079 719 3138 xxcvtut,
739 3064 808 3142 quia
830 3066 857 3124 iu
877 3063 1090 3143 decimoquinto

304 3164 405 3228 aetatis
423 3183 492 3225 suae
506 3183 581 3226 anno
596 3165 770 3225 constitutus
786 3175 859 3238 erat,
880 3182 948 3226 cum
962 3164 1090 3241 quinque

304 3268 369 3328 aliis
386 3264 588 3328 cardinalibus
606 3273 677 3327 tunc
692 3267 846 3347 publicatis
862 3267 890 3325 in
909 3264 1091 3327 cardinalem

304 3379 468 3448 assumptus
483 3379 511 3428 ct
525 3379 642 3429 creatus
660 3371 713 3429 suit
735 3368 791 3453 (l),
810 3387 878 3430 eum
898 3369 1091 3450 prohibitione

337 3618 417 3678 (tilia
429 3618 606 3668 monumentis
623 3631 637 3667 a
653 3617 782 3668 Fabrouio
794 3622 820 3668 et
830 3620 930 3669 lioscoe
942 3619 1040 3682 publici
1046 3621 1092 3681 ju·

307 3697 345 3747 ris
358 3698 446 3755 lactis,
457 3697 521 3746 baec
538 3696 670 3759 seligenda
683 3697 892 3747 existimavimus
902 3710 983 3759 super
993 3696 1091 3748 ioanne

308 3777 341 3827 de
357 3777 472 3835 Medicis,
488 3778 533 3839 qui
550 3775 598 3826 luit
615 3779 675 3838 post
692 3780 811 3838 tempore
827 3774 879 3825 Leo
895 3776 944 3836 X,
963 3775 1020 3825 aliis
1042 3788 1091 3838 pro

308 3855 453 3919 appendice
470 3855 578 3906 relictis.

504 4015 655 4067 innocentio
669 4013 730 4064 Vlll.
747 4014 817 4066 Vont.
832 4017 900 4067 ilex.

352 4195 362 4215 ·
376 4174 546 4226 sanctissime
563 4190 594 4227 ac
610 4176 764 4227 beatissime
780 4176 857 4226 Pater
868 4179 894 4226 et
906 4174 1022 4225 Domine.
1033 4174 1092 4224 Post

308 4255 404 4316 pedum
422 4257 510 4306 oscula
528 4255 675 4307 bealorum.

352 4332 515 4382 intendendo
531 4333 592 4383 dall’
604 4334 798 4384 ambasciatore
815 4339 906 4384 nostro
923 4336 971 4385 cbe
987 4336 1011 4385 le
1027 4335 1051 4385 S.
1066 4335 1093 4384 V.

309 4409 324 4459 b
340 4413 365 4459 in
383 4413 465 4461 termo
481 4414 618 4474 proposito
630 4414 656 4463 di
674 4414 729 4463 iare
741 4415 819 4463 nuori
830 4413 962 4463 Cardinali
973 4415 999 4463 in
1015 4413 1092 4464 brevi

309 4488 403 4550 giorui,
420 4502 461 4539 me
477 4490 596 4551 parebbo
613 4494 737 4542 meritare
750 4493 923 4557 grandissima
938 4492 1094 4556 reprensio-

309 4579 353 4624 ne,
370 4579 400 4616 se
416 4568 441 4616 io
458 4580 509 4616 nou
526 4569 551 4618 ie
567 4570 709 4621 rlcordessi
727 4573 754 4620 ln
770 4576 864 4634 questo
889 4585 951 4622 caso
968 4572 1093 4621 l'bonore

309 4644 337 4695 di
353 4650 446 4708 questa
463 4646 525 4697 cittd
549 4651 576 4698 et
599 4648 652 4698 mio
676 4651 807 4709 anchore,
824 4653 872 4702 cbe
897 4665 945 4715 per
968 4665 1016 4702 sua
1039 4650 1094 4700 cle·

311 4729 408 4776 mentia
425 4739 491 4777 sono
507 4728 676 4790 certissimo,
693 4731 808 4781 secondo
825 4734 860 4780 mi
877 4734 965 4782 scrico
981 4730 1095 4780 t’imba·

311 4806 425 4856 solatore
448 4807 587 4870 predetto,
604 4808 653 4858 cbe
677 4810 765 4871 quella
787 4820 817 4861 se
842 4824 875 4862 ne
898 4812 1012 4861 ricorde.
1034 4813 1095 4862 liin·

311 4886 396 4948 gratio
412 4886 436 4935 la
453 4886 477 4936 S.
495 4885 521 4935 V.
541 4886 567 4935 di
584 4887 636 4937 lale
653 4901 700 4938 sua
717 4889 900 4952 dispositione,
917 4906 932 4941 e
948 4892 1094 4954 supplicos

311 4967 399 5029 quella
415 4967 496 5016 molto
512 4966 691 5027 bumilmente‚
707 4982 736 5018 se
751 4972 803 5019 mai
826 4983 890 5020 sono
908 4984 956 5034 per
972 4973 1094 5022 ricerere

311 5047 405 5096 alcano
422 5048 533 5097 rilevato
552 5046 681 5098 beneflcio
698 5048 731 5098 da
755 5050 862 5112 quella,
879 5050 902 5100 si
919 5050 994 5113 degni
1011 5051 1096 5102 abon-

311 5124 480 5176 daniemente
503 5139 518 5176 e
537 5138 587 5176 con
611 5126 704 5177 allecto
728 5140 855 5192 porgerae
873 5129 889 5177 il
907 5131 1008 5191 premio
1027 5130 1095 5180 della

312 5208 395 5268 gratia
412 5220 476 5268 sua,
488 5207 556 5257 della
574 5207 651 5270 quale
668 5209 692 5257 la
709 5209 839 5273 ricbieggo
851 5212 945 5272 questa
963 5211 1034 5260 volta
1046 5222 1096 5260 con

313 5286 400 5347 quelle
409 5286 523 5336 efficacia
534 5286 583 5337 cbe
592 5287 657 5336 larci
666 5300 681 5337 a
690 5288 720 5339 tV.
732 5289 758 5337 S.
768 5288 816 5338 Dio
825 5303 873 5352 per
882 5290 904 5340 ia
914 5290 998 5341 salute
1009 5290 1098 5342 dell'a·

313 5366 382 5413 nima
393 5366 453 5414 mia.
465 5365 492 5414 lo
504 5379 555 5416 non
567 5366 648 5416 credo
660 5369 708 5418 che
720 5369 745 5417 in
758 5371 826 5418 lutto
837 5370 862 5417 el
879 5373 967 5431 tempo
976 5370 1019 5420 del
1031 5383 1095 5434 pon·

312 5441 411 5493 tilleato
433 5458 480 5494 suo
505 5447 528 5494 la
552 5446 576 5496 S.
598 5446 624 5495 V.
646 5460 726 5509 possa
742 5449 798 5498 lare
810 5462 872 5500 cosa
889 5450 1017 5513 cbeporli
1034 5463 1096 5501 seco

313 5524 446 5585 maggiore
470 5525 627 5589 obligatione
643 5526 669 5575 dt
686 5532 780 5590 queste
797 5528 859 5579 citti
874 5543 955 5580 verso
976 5531 1000 5579 la
1022 5531 1045 5580 S.
1068 5535 1097 5581 V.

312 5605 428 5670 percltd,
445 5618 519 5657 corne
536 5612 630 5670 questa
646 5605 743 5670 dignita
758 5608 774 5658 e
790 5613 858 5660 stata
876 5612 956 5661 molto
973 5625 1048 5670 rara,
1071 5615 1097 5662 et

313 5707 363 5757 per
379 5704 562 5755 consequenza
578 5692 611 5743 da
630 5704 682 5741 uuo
698 5696 787 5753 tempo
804 5691 831 5742 in
847 5706 898 5755 qua
922 5693 1002 5742 mollo
1024 5690 1097 5743 desi·

752 605 1035 669 runrtrtctttts
1058 602 1285 670 tunuessurtt
1307 604 1462 671 octattt.

1836 605 1946 694 (tras)

1153 756 1246 806 tamen
1261 764 1391 826 expressa
1408 764 1442 807 ue
1458 747 1533 806 intra
1549 747 1717 821 triennium,
1731 764 1767 808 ex
1781 756 1854 807 tunc
1872 766 1943 827 pro-

1151 845 1227 907 xime
1248 845 1407 921 futurum,
1429 867 1458 908 se
1486 846 1667 909 Cardinalem
1689 848 1873 929 appellaret,
1896 858 1946 908 aut

1156 1010 1362 1019 ——·-——-——-

1152 1076 1262 1140 dereta,
1286 1078 1341 1129 cosi
1369 1079 1533 1143 passerebba
1555 1093 1604 1131 con
1621 1080 1799 1144 grandissima
1825 1082 1946 1133 molestie

1153 1157 1258 1221 quando
1275 1161 1386 1210 restassi
1413 1161 1463 1210 mal
1484 1165 1616 1211 contenta.
1634 1161 1664 1211 nt
1681 1173 1723 1211 me
1741 1163 1766 1212 in
1785 1162 1948 1225 particulare

1153 1250 1205 1287 non
1222 1238 1305 1299 parto,
1321 1236 1419 1300 perche
1435 1251 1487 1289 non
1504 1240 1591 1301 petrei
1608 1240 1763 1290 desiderare
1780 1240 1827 1303 pila
1852 1241 1949 1303 questa

1152 1328 1212 1366 cosa
1229 1318 1278 1366 ebe
1294 1317 1309 1365 d
1325 1318 1350 1365 in
1368 1316 1456 1366 elietto
1473 1331 1508 1367 un
1526 1317 1660 1369 desiderio
1673 1318 1865 1368 ardentissimo
1877 1318 1950 1369 dello

1154 1395 1253 1445 honore
1271 1396 1329 1453 mio,
1347 1396 1370 1443 el
1388 1396 1466 1458 quale
1483 1396 1602 1446 havendo
1619 1409 1724 1460 sempre
1743 1400 1876 1459 proposto
1901 1397 1951 1447 alle

1154 1477 1209 1523 atta
1237 1475 1356 1537 propria,
1371 1475 1423 1536 pao
1439 1476 1609 1525 considerare
1626 1477 1650 1524 la
1671 1476 1698 1525 S.
1712 1475 1757 1535 V.,
1776 1476 1888 1539 quaudo
1912 1488 1952 1526 ee·

1153 1555 1233 1615 guissi
1256 1553 1406 1603 altrimente
1430 1557 1477 1604 cbo
1503 1555 1528 1603 io
1553 1556 1644 1617 speri,
1659 1557 1685 1604 ln
1702 1556 1753 1605 ebe
1778 1557 1897 1605 termine
1919 1559 1953 1605 mi

1155 1633 1281 1691 trovcrie,
1297 1632 1346 1682 ebe
1363 1646 1414 1682 noo
1433 1634 1468 1681 mi
1485 1633 1618 1696 parrebbe
1636 1646 1713 1684 esser
1728 1634 1773 1695 pto
1799 1636 1825 1684 el
1843 1635 1952 1686 mondo.

1154 1711 1180 1760 l!
1191 1711 1377 1761 imbasciatore
1393 1715 1485 1762 nostro
1502 1711 1516 1762 e
1540 1713 1681 1762 informato
1698 1727 1713 1762 a
1730 1718 1817 1776 punto
1838 1714 1955 1777 de'pen-

1154 1793 1215 1842 sieri
1232 1792 1306 1850 miei,
1323 1791 1386 1841 delli
1406 1794 1476 1855 quati
1498 1805 1550 1842 nan
1575 1805 1641 1842 sono
1662 1798 1746 1855 punto
1772 1797 1900 1852 mutato,
1923 1794 1955 1845 ne

1154 1874 1241 1922 vorrei
1257 1872 1370 1935 perdere
1389 1873 1406 1921 il
1423 1870 1489 1922 bene
1507 1885 1540 1934 pe
1553 1872 1568 1919 'i
1586 1873 1689 1935 meglio,
1706 1871 1817 1935 quando
1830 1872 1847 1921 il
1861 1872 1955 1934 meglio

1155 1963 1206 2001 non
1224 1953 1246 2001 si
1263 1964 1351 2014 possa.
1367 1949 1431 2000 Perd
1447 1964 1497 2000 non
1515 1949 1630 2012 patendo
1647 1951 1786 2001 obtenersi
1804 1952 1829 2001 el
1850 1951 1956 2013 primo,

1155 2029 1279 2094 supplico
1296 2030 1320 2079 la
1338 2029 1361 2078 S¹
1379 2029 1406 2077 V.
1430 2030 1452 2078 si
1469 2029 1546 2093 degni
1563 2030 1623 2079 netl’
1636 2031 1704 2080 altro
1720 2033 1816 2080 tenere
1833 2030 1860 2078 la
1878 2042 1955 2079 mano

1156 2120 1186 2158 su
1212 2110 1235 2157 lo
1259 2108 1360 2158 bonore
1383 2108 1446 2166 mio,
1472 2108 1630 2158 ricordando
1647 2108 1712 2171 pero
1729 2109 1781 2157 alia
1798 2108 1824 2158 S·
1841 2111 1886 2168 V,
1908 2119 1956 2159 con

1156 2188 1215 2251 ogni
1234 2188 1350 2246 humilta,
1368 2188 1537 2249 decoctione,
1549 2192 1576 2238 et
1592 2188 1663 2247 lade,
1679 2188 1728 2237 cbo
1739 2188 1766 2238 in
1778 2191 1883 2251 questo
1893 2200 1955 2239 ceso

1155 2267 1241 2329 quella
1259 2281 1310 2316 non
1327 2266 1360 2315 ha
1376 2267 1409 2316 de
1426 2267 1523 2317 bevere
1540 2267 1606 2317 altra
1622 2267 1694 2329 legge
1712 2279 1727 2316 o
1745 2266 1909 2316 resistentia
1925 2281 1954 2319 se

1156 2359 1209 2395 non
1224 2348 1311 2408 quella
1326 2348 1376 2396 obe
1392 2347 1425 2396 lei
1443 2346 1586 2397 medesima
1603 2347 1682 2397 vorrd
1699 2344 1748 2410 pe'r
1771 2346 1914 2409 benignitl
1925 2348 1957 2398 ed

1156 2424 1290 2475 bumanltd
1306 2438 1371 2484 sua,
1387 2425 1485 2488 perche
1502 2428 1528 2476 in
1545 2426 1656 2476 arbitrio
1673 2425 1699 2475 di
1715 2425 1743 2473 V.
1764 2426 1790 2475 S.
1810 2424 1842 2486 e,
1863 2430 1893 2476 et
1910 2425 1956 2475 eb-

1157 2505 1331 2555 solutameuta
1348 2507 1374 2553 in
1391 2517 1467 2555 mano
1484 2512 1532 2554 sua
1547 2508 1615 2555 tutta
1632 2508 1727 2568 questa
1744 2517 1830 2563 cosa,
1848 2508 1878 2555 et
1895 2517 1954 2555 con·

1157 2584 1291 2647 seguendo
1307 2589 1401 2648 questo
1418 2584 1567 2635 immortale
1584 2584 1712 2635 beneflcio
1729 2585 1765 2634 mi
1779 2587 1891 2635 chiama
1909 2598 1956 2649 per

1157 2675 1262 2725 sempre
1279 2664 1413 2714 satisfacto
1431 2667 1457 2714 et
1474 2664 1670 2728 obligatissimo.
1688 2665 1771 2714 Senza
1791 2667 1894 2727 questo
1906 2677 1954 2715 non

1158 2756 1239 2805 vegga
1256 2743 1334 2792 modo
1352 2755 1427 2793 come
1444 2744 1483 2792 eia
1500 2743 1527 2792 ln
1545 2743 1640 2793 inculti
1657 2742 1682 2791 di
1699 2741 1726 2790 V.
1737 2743 1761 2791 S·
1783 2744 1810 2793 di
1829 2741 1954 2793 catislare

1158 2831 1173 2870 a
1189 2823 1370 2882 ricomperare
1387 2821 1403 2870 l’
1413 2821 1497 2871 bonor
1509 2822 1572 2881 mlo,
1584 2826 1610 2870 et
1627 2822 1650 2870 la
1668 2821 1790 2883 opinione
1803 2823 1855 2871 ebe
1866 2822 1952 2883 quella

1159 2900 1190 2949 be
1213 2901 1273 2950 data
1290 2902 1338 2950 cbe
1356 2903 1381 2949 io
1398 2902 1436 2950 sia
1454 2901 1523 2951 nella
1541 2902 1625 2964 gratia
1650 2913 1706 2950 sua.
1730 2900 1953 2951 llaccomandomi

1159 2979 1328 3029 bumilmeote
1346 2980 1390 3028 elli
1406 2978 1476 3041 piedi
1493 2978 1519 3029 di
1532 2978 1558 3027 V.
1575 2980 1603 3029 B.
1620 2979 1800 3042 esupplieola
1817 2981 1855 3029 mi
1872 2978 1950 3028 hebbi

1158 3072 1206 3120 per
1223 3063 1349 3109 excusato
1367 3072 1397 3109 se
1414 3060 1440 3107 io
1457 3071 1507 3107 nou
1527 3060 1543 3107 ti
1560 3058 1593 3107 bo
1619 3058 1720 3121 scripto
1744 3057 1771 3107 dl
1789 3071 1871 3109 mano
1888 3071 1951 3121 pro·

1158 3138 1228 3200 pria,
1244 3138 1292 3188 che
1309 3139 1334 3188 lo
1352 3140 1385 3187 bo
1402 3136 1471 3187 lacto
1488 3149 1537 3199 per
1553 3137 1627 3186 darie
1644 3149 1738 3186 manco
1754 3137 1953 3196 molestiarum

1159 3217 1273 3266 essendo
1297 3221 1394 3278 troppo
1420 3214 1508 3265 buono
1535 3217 1684 3278 scriptore,
1700 3218 1727 3264 et
1749 3215 1836 3264 anche
1856 3214 1954 3277 perche

1159 3308 1201 3345 me
1228 3301 1302 3345 trovo
1324 3294 1449 3357 impedito
1473 3294 1507 3343 da
1529 3308 1580 3344 una
1606 3306 1700 3353 mano,
1716 3305 1731 3342 e
1749 3294 1861 3343 sariami
1887 3297 1954 3344 stato

1160 3374 1261 3425 difficile
1281 3395 1301 3423 ι.

1561 3454 1586 3502 V.
1602 3453 1627 3503 S-
1644 3452 1811 3504 Humillimus
1829 3452 1928 3503 Serrit.

1596 3533 1672 3582 baur.
1689 3535 1725 3582 tie
1742 3531 1864 3583 ldedicis.

1253 3615 1409 3672 Florentiae,
1426 3613 1468 3664 die
1486 3621 1507 3664 1.
1523 3612 1611 3662 octob.
1630 3614 1699 3664 libb.

1174 3712 1223 3775 (En
1240 3713 1394 3761 monument.
1412 3711 1474 3772 Anp.
1492 3709 1612 3760 Fabronii
1627 3710 1660 3759 od
1676 3710 1756 3757 vitum
1773 3708 1853 3758 bour.
1868 3707 1942 3766 nied-t

1238 3967 1394 4020 Laurentius
1410 3967 1534 4027 bledices,
1550 3935 1759 4017 Florentinorum
1778 3964 1883 4028 legato.

1204 4115 1214 4137 ·
1232 4093 1398 4156 llingreziato
1410 4092 1448 4142 sia
1460 4090 1506 4141 Dio
1523 4090 1549 4140 di
1561 4094 1655 4153 queste
1666 4089 1751 4139 huone
1764 4090 1884 4147 novella,
1905 4088 1954 4138 cbe

1162 4173 1328 4223 biermattina
1345 4185 1360 4220 a
1377 4171 1442 4221 bore
1458 4171 1474 4219 9
1490 4171 1588 4220 ricerei
1605 4170 1630 4219 di
1647 4169 1724 4220 blesa.
1742 4168 1799 4218 Gio.
1814 4169 1954 4228 nostrate

1161 4254 1239 4316 quale
1256 4254 1290 4301 mi
1307 4262 1407 4313 parere
1425 4252 1498 4299 tanto
1510 4250 1649 4313 maggiore,
1660 4251 1759 4312 quanto
1770 4260 1821 4311 per
1833 4249 1861 4299 la
1877 4261 1956 4313 gran·

1161 4332 1244 4383 dezza
1261 4332 1429 4394 t'aspcctavo
1446 4343 1554 4390 manco,
1572 4329 1727 4392 parendomi
1739 4341 1801 4379 cosa
1812 4329 1898 4379 molto
1915 4340 1956 4378 so·

1162 4425 1210 4474 pra
1226 4411 1250 4460 e'
1258 4411 1345 4460 meriti
1362 4411 1439 4469 miei,
1456 4415 1481 4460 et
1499 4423 1547 4472 per
1564 4423 1593 4461 sc
1610 4410 1712 4460 difficile
1728 4413 1819 4467 tanto,
1842 4411 1893 4460 obe
1910 4422 1955 4459 ee·

1160 4504 1227 4554 pera
1238 4492 1314 4555 quasi
1324 4491 1385 4541 dell'
1394 4490 1564 4554 impossibile.
1577 4490 1614 4542 iio
1625 4492 1733 4553 sagione
1750 4489 1777 4540 di
1791 4488 1953 4541 ricordarmi

1162 4584 1269 4634 sempre
1285 4570 1312 4620 di
1329 4570 1371 4620 citi
1388 4583 1417 4620 se
1434 4569 1478 4620 n'b
1495 4569 1639 4629 allaticato,
1657 4574 1684 4621 et
1700 4569 1814 4621 lanciare
1838 4571 1955 4620 anchore

1162 4655 1258 4715 questo
1274 4649 1379 4700 ricardo
1397 4663 1410 4699 a
1428 4650 1508 4713 quelli
1525 4650 1574 4700 che
1591 4650 1791 4700 succederanno
1803 4662 1817 4699 a
1830 4662 1956 4713 me,per·

1163 4732 1211 4783 cbe
1227 4734 1321 4794 questa
1337 4730 1352 4779 d
1368 4732 1393 4780 la
1411 4733 1526 4792 maggior
1542 4742 1622 4790 cosa,
1638 4731 1687 4780 ebe
1703 4731 1800 4781 lacessi
1816 4730 1871 4781 mai
1888 4730 1955 4781 Casa

1163 4817 1268 4870 nostra,
1286 4816 1313 4862 et
1331 4824 1346 4860 a
1363 4811 1406 4860 roi
1423 4810 1500 4860 basta
1513 4810 1562 4860 che
1573 4812 1599 4860 io
1610 4810 1719 4861 intendo
1730 4813 1839 4874 questo,
1856 4810 1956 4875 perche

1163 4891 1255 4942 invero
1267 4893 1291 4941 la
1305 4895 1398 4953 reputo
1414 4889 1457 4952 piir
1474 4890 1522 4939 obe
1539 4893 1614 4941 e'lre
1630 4892 1718 4953 quarti
1729 4890 1799 4942 delle
1809 4889 1957 4954 diligentie,

1163 4970 1295 5020 industria
1311 4974 1338 5018 et
1355 4982 1443 5019 amore
1462 4973 1562 5020 rostro.
1580 4970 1677 5031 Questa
1694 4974 1770 5032 parte
1794 4971 1829 5020 mi
1851 4971 1957 5021 rtserbo

1164 5049 1191 5099 in
1208 5051 1276 5099 altro
1288 5051 1377 5111 tempo
1386 5053 1412 5098 et
1424 5048 1511 5097 modo.
1528 5051 1549 5099 Α
1565 5049 1595 5101 li.
1612 5049 1637 5098 S.
1656 5050 1691 5097 mi
1707 5047 1722 5099 e
1739 5060 1820 5111 pareo
1833 5049 1955 5100 scrivere

1165 5128 1188 5177 al
1205 5130 1331 5190 presente
1347 5140 1399 5177 una
1416 5128 1511 5176 lettera
1528 5126 1555 5175 dt
1572 5127 1810 5191 ringraziamento,
1826 5127 1879 5179 cbe
1895 5128 1957 5178 seri

1164 5220 1214 5258 con
1225 5212 1334 5270 onesta:
1346 5206 1403 5257 cosi
1415 5206 1541 5269 rispondo
1554 5220 1567 5256 a
1579 5207 1640 5257 Bata
1657 5210 1684 5257 et
1700 5208 1824 5266 Ascanio,
1836 5207 1872 5258 da
1883 5207 1957 5271 quali

1165 5288 1311 5338 solamente
1323 5287 1357 5336 bo
1369 5299 1417 5349 per
1429 5286 1493 5336 bora
1505 5290 1585 5336 avuta
1597 5288 1701 5346 lettere,
1708 5290 1735 5336 et
1745 5286 1780 5336 da
1792 5286 1837 5337 roi
1851 5289 1956 5349 aspetto

1165 5366 1208 5430 pta
1224 5369 1381 5431 particolare
1399 5366 1489 5416 auerso
1507 5366 1532 5416 di
1549 5366 1591 5430 piri
1608 5379 1681 5425 cosa,
1696 5379 1771 5417 come
1788 5366 1955 5417 intenderete

1165 5461 1304 5512 appresso.
1326 5448 1353 5498 lo
1374 5460 1426 5498 non
1449 5459 1524 5497 sose
1542 5446 1858 5510 saridispiaciutoaii.
1882 5448 1908 5498 s.
1931 5448 1955 5498 te

1165 5527 1369 5579 dimostrazione
1385 5540 1400 5578 e
1417 5526 1498 5585 testa,
1515 5527 1565 5579 che
1587 5528 1631 5592 qui
1649 5540 1678 5578 se
1695 5528 1744 5579 n’e
1759 5527 1830 5578 lecta
1846 5529 1956 5578 unirer·

1166 5610 1313 5667 salmonte,
1329 5607 1378 5659 clae
1396 5610 1446 5657 mat
1462 5609 1497 5658 mi
1519 5621 1602 5671 parre
1620 5608 1717 5659 redere
1733 5608 1778 5672 piri
1795 5620 1861 5659 vera
1877 5621 1892 5659 e
1908 5620 1954 5672 ge·

1166 5690 1255 5741 nerale
1272 5689 1426 5752 allegrezza.
1441 5687 1623 5739 sarebbesene
1635 5687 1696 5740 tacti
1709 5688 1781 5739 motti
1795 5688 1856 5739 altri
1867 5690 1954 5752 segete
