4492 6859
293 645 349 706 ott*
788 642 1072 707 rourtrtcsrtts
1092 641 1317 708 innocuum}
1334 642 1484 707 ucrart.

292 792 362 841 tuor
383 791 552 841 manserunt
572 799 623 861 per
648 782 733 854 riam,
755 782 803 841 alii
825 790 933 859 septem
946 791 1082 859 expecta·

293 893 363 942 runt
385 880 413 940 in
434 881 579 953 baccano,
592 899 742 959 quousque
761 880 923 942 Cardinalis
944 878 1081 957 hudega·

293 982 387 1044 rensis
408 999 462 1043 suo
483 979 585 1044 ordine
604 980 716 1043 Urbem
735 979 897 1040 intraverit.

334 1084 419 1144 Feria
439 1093 561 1161 quarta,
584 1099 657 1143 nona
676 1080 745 1141 dicti
766 1080 870 1141 meluis
890 1078 1031 1139 februarii
1052 1076 1081 1135 in

292 1203 391 1255 mane,
412 1181 608 1243 veneruntad
629 1181 834 1241 monasterium
853 1177 959 1238 Boutae
974 1175 1083 1237 lilariae

291 1286 326 1346 de
347 1284 461 1364 Populo
481 1300 579 1343 amires
600 1281 765 1344 cardinales
789 1292 818 1341 et
839 1278 943 1338 ibidem
965 1275 1082 1356 praela·

292 1398 354 1446 tum
376 1382 559 1446 Cardinalem
586 1383 821 1462 hudegarensem
853 1380 1023 1458 recipientes
1051 1395 1082 1438 oe

292 1475 519 1564 congregarunt.
543 1480 685 1543 Omnibus
706 1481 890 1561 congregatis
911 1481 1004 1559 ipsum
1020 1482 1083 1537 hn-

293 1586 481 1664 degarensem
503 1581 629 1644 medium
651 1583 724 1643 inter
746 1583 819 1643 duos
839 1584 949 1661 primos
974 1581 1082 1641 Diaco-

293 1704 345 1746 nos
366 1683 533 1747 Cardinales
551 1687 580 1743 ln
600 1674 710 1745 ultimo
725 1685 790 1745 loco
811 1682 971 1761 equitantes
991 1698 1083 1758 usque

293 1786 329 1844 ad
351 1784 494 1845 Palatium
516 1783 552 1843 ad
573 1782 740 1864 Cappellcm
758 1778 858 1844 Sacrati
877 1782 986 1843 Nicolai
1002 1783 1094 1842 asso-'

295 1887 428 1957 cierunt,
447 1884 523 1956 ubi,
543 1903 578 1944 eo
599 1886 673 1945 iuter
695 1885 767 1946 duos
791 1882 924 1964 juniores
942 1882 1085 1943 Diaconos

295 1986 408 2057 relicto,
430 1984 478 2044 alil
496 2000 595 2046 amnes
616 1985 763 2046 intrarunt
783 1985 819 2044 ad
834 1981 1016 2055 Pontificem,
1034 1981 1086 2059 qui

295 2084 397 2146 deiude
410 2084 447 2143 ad
467 2084 618 2164 pubiicum
633 2083 843 2146 consistorium
861 2086 938 2146 venit
953 2087 982 2143 in
997 2083 1083 2143 tertia

294 2187 362 2246 aula
379 2185 448 2246 dicti
465 2185 563 2265 palatii
584 2184 799 2257 celebrandum,
815 2187 844 2244 in
860 2203 920 2262 quo
935 2185 994 2264 ipse
1008 2182 1085 2244 Car·

294 2286 397 2346 dinalis
408 2285 621 2365 hudegarensis
631 2297 765 2363 receptus
775 2295 816 2345 est
828 2303 912 2345 more
925 2285 1010 2344 solito
1024 2280 1080 2365 (l).

338 2389 446 2453 Eadem
458 2387 514 2460 die,
526 2387 605 2446 cirea
621 2385 724 2446 boram
740 2401 807 2446 xxi.
822 2383 1084 2446 intraruntUrbem

294 2509 346 2569 per
369 2498 485 2569 portans
507 2485 643 2547 l'iridarii
662 2498 770 2565 septem
792 2486 840 2546 alii
863 2482 1005 2547 Oratores
1027 2483 1084 2547 Se·

295 2590 395 2650 reuiss.
409 2587 498 2665 liegis
516 2586 656 2648 Franciae
676 2585 712 2645 ad
732 2586 930 2665 praestandam
944 2585 1085 2646 obedien·

187 2743 189 2747 .
295 2689 362 2748 tiam
386 2686 417 2748 S.
439 2685 475 2745 D.
497 2684 531 2745 N.
552 2686 641 2759 citimi,
663 2686 770 2764 quibus
792 2686 916 2745 ianriliue
936 2685 968 2745 S.
990 2685 1026 2744 D.
1049 2683 1084 2744 N.

293 2808 327 2850 ac
341 2788 377 2849 ll.
396 2781 588 2848 Dominarum
600 2784 799 2848 cardinalium
811 2783 927 2845 obviam
944 2798 1086 2844 venerunt

294 2903 324 2951 et
341 2909 390 2952 eos
411 2888 592 2949 associarunt
607 2906 689 2947 inore
704 2888 803 2946 solito:
817 2885 866 2947 sed
884 2897 914 2946 et
929 2885 965 2944 tt.
981 2883 1086 2943 Domi·

296 3008 349 3051 nus
370 2987 531 3051 Cardinalis
552 2986 762 3074 studegavensis
792 2986 867 3045 venit
893 2984 1085 3064 personaliter

295 3109 387 3169 usque
407 3099 488 3149 extra
507 3099 622 3167 portam
635 3085 811 3166 praedictam
823 3085 922 3156 Urbis,
939 3084 988 3143 ubi
1003 3081 1086 3143 Ora-

295 3203 373 3253 tores
395 3192 470 3270 ipsos
489 3189 663 3269 expectavit,
678 3206 711 3248 ac
723 3187 862 3267 primurn,
878 3185 928 3263 qul
948 3183 1006 3244 fuit
1024 3181 1085 3245 Co·

297 3310 358 3353 mes
377 3289 512 3363 Delilni,
534 3292 644 3369 recepit
671 3307 752 3349 more
773 3288 857 3348 solita
878 3305 913 3346 ac
934 3304 951 3343 a
978 3283 1086 3345 dextris

293 3392 419 3471 ejrrsdem
451 3390 571 3453 Comitis
601 3389 742 3467 equitavit
775 3406 866 3467 usque
896 3387 933 3445 ad
966 3384 1090 3444 domum

294 3512 389 3566 suani,
411 3493 467 3554 hac
489 3501 531 3551 est
552 3490 641 3568 ipsius
662 3489 846 3561 Cardlnalis3
863 3488 912 3546 alii
932 3504 980 3546 sex
999 3484 1087 3562 equi·

296 3604 397 3654 larunt
413 3592 521 3671 singuli
543 3592 617 3651 inter
636 3590 708 3652 duas
729 3590 873 3670 praelatos
893 3586 1015 3659 Palatii,
1036 3585 1085 3647 alii

295 3698 370 3754 inter
392 3693 554 3773 praelatum
576 3690 678 3751 Palatii
700 3710 716 3751 a
739 3691 868 3763 destris,
887 3701 915 3751 et
940 3707 1030 3748 unum
1051 3707 1086 3750 ex

296 3795 378 3868 dietis
395 3791 572 3855 Oratoribus
592 3794 621 3852 iu
642 3791 772 3852 Romana
787 3790 876 3851 Curia
897 3789 1085 3851 residentibus

294 3914 311 3953 a
332 3893 462 3954 sinistris.
484 3892 547 3953 lloc
569 3892 670 3954 ordine
689 3894 858 3971 equitarunt
875 3889 1015 3969 usquead
1030 3890 1086 3951 do·

296 4012 378 4055 mum
409 3992 571 4054 Cardinaiis
602 3992 838 4072 hndegarensis,
867 3991 916 4051 ubi
947 3992 1086 4052 remansit

296 4085 536 4157 Cardiualiseum
551 4092 658 4153 iarnilia
673 4111 725 4153 sua
747 4111 797 4153 seu
819 4090 898 4152 illius
914 4101 1004 4171 porte.
1026 4088 1086 4151 ca-

298 4214 359 4256 mes
381 4212 453 4255 rero
473 4204 502 4253 et
522 4192 571 4252 alii
593 4212 641 4252 sex
659 4190 799 4254 Oratores
821 4191 941 4272 praelati
955 4190 1087 4251 umociati

298 4295 419 4355 luerunt
436 4292 538 4355 ordine
558 4294 644 4352 solito
664 4310 681 4351 a
703 4293 853 4372 praelatis,
874 4304 901 4352 et
922 4292 984 4351 aliis
1006 4288 1088 4351 Ora·

298 4394 411 4456 toribus
429 4382 581 4473 usquead
604 4392 722 4453 domum
744 4411 799 4472 pro
817 4392 991 4453 habitatione
1005 4388 1087 4469 ejus·

299 4496 364 4558 dem
383 4494 505 4557 Comitis
526 4505 737 4575 praeparatam,
755 4496 877 4575 positam
892 4512 948 4554 non
970 4494 1086 4571 longea

298 4597 440 4669 lilinerra,
456 4595 516 4668 ubi,
535 4596 605 4655 actis
628 4594 740 4673 gratiis,
759 4606 938 4656 recesserunt
951 4604 1088 4655 consueto

302 4696 447 4760 Oratores
464 4692 640 4773 hujusmodi.
653 4694 770 4755 Primus
790 4695 847 4755 luit
858 4694 1089 4756 Cardinalishn·

299 4798 476 4879 degarensis,
489 4808 520 4857 ut
533 4797 705 4876 praete-rar.
728 4796 879 4858 Secundus
899 4797 1002 4858 Coures
1016 4796 1089 4858 Del-

299 4899 358 4959 ilni.
370 4898 486 4960 Tertius
501 4897 536 4956 ll.
558 4896 593 4958 D.
611 4896 770 4977 Episcopus
781 4898 972 4958 Auraicensis.
987 4895 1088 4966 Ouar-

301 4997 1088 5078 tusetquintus,·Commendatoresduarumdomarum

299 5100 503 5180 religiosarum
515 5097 634 5161 Ordinis
649 5099 748 5159 Sancti
760 5098 886 5171 Antonii,
898 5098 1009 5159 sirecte
1024 5116 1087 5159 me-

299 5202 378 5261 mini.
412 5200 516 5261 Sextus
536 5211 565 5261 et
585 5200 724 5279 septimus
745 5197 908 5260 Consiliarii
930 5198 965 5260 de
982 5198 1087 5260 Parla-

297 5311 406 5361 mento·
427 5299 605 5373 Parisiensl,
637 5309 758 5360 octavus
785 5298 966 5361 secretarius
999 5300 1087 5379 Regis

298 5400 447 5461 Franciae.
470 5398 509 5460 Et
527 5411 594 5460 nota
617 5399 694 5479 quad
715 5398 877 5461 Cardlnalis
895 5401 1089 5480 hudegaren·

340 5649 375 5707 (1)
394 5644 430 5697 Dc
447 5645 524 5716 Carti.
548 5646 748 5711 hodegaveosis
773 5626 901 5712 legatione
921 5649 1013 5700 canter
1034 5650 1086 5713 hp·

301 5726 377 5788 peud·
496 5721 498 5732 '
850 5735 854 5743 ’
913 5735 916 5744 “

1723 633 1727 639 ·
1835 641 1947 727 (saa

1153 780 1191 839 sis
1204 798 1239 840 ex
1253 782 1372 860 propria
1391 779 1579 853 authoritate,
1592 788 1707 858 practer
1725 779 1838 839 scitum
1851 789 1885 839 et
1898 797 1948 839 or·

1150 877 1323 941 dinationem
1345 881 1376 941 S.
1399 880 1434 939 D.
1458 878 1566 953 Nostri,
1581 890 1614 938 ut
1633 880 1816 960 praefertur,
1829 878 1948 939 obviam

1152 982 1231 1041 venit
1246 979 1348 1042 Consilii
1361 979 1504 1059 praelatos
1521 979 1628 1058 dequo
1646 982 1674 1039 iu
1694 997 1731 1040 eo
1748 998 1767 1038 o
1784 979 1949 1059 quamplu-

1152 1081 1232 1141 ribus
1253 1100 1308 1140 non
1330 1080 1475 1140 immerito
1496 1078 1687 1158 reprehensus
1709 1080 1775 1139 suit.

1193 1181 1278 1242 Feriu
1299 1191 1388 1252 sexta,
1409 1197 1456 1241 xr.
1471 1181 1540 1240 dieti
1562 1182 1665 1239 mensis
1684 1179 1843 1251 februarii,
1868 1196 1949 1240 mane

1152 1293 1217 1342 unte
1236 1280 1339 1340 horam
1359 1280 1537 1353 consistorii,
1555 1279 1657 1341 Comes
1673 1277 1780 1342 Delflni
1797 1298 1873 1340 cum
1888 1281 1949 1340 aliis

1151 1400 1185 1441 es
1196 1379 1371 1442 Oratoribus
1380 1380 1499 1459 collegis
1510 1382 1568 1439 suis
1589 1382 1666 1441 renit
1678 1379 1716 1439 ad
1733 1380 1863 1441 domum
1872 1380 1948 1442 Car·

1153 1479 1253 1540 dinalis
1274 1480 1512 1559 audegavensis,
1545 1497 1611 1539 cum
1631 1498 1691 1559 quo
1709 1474 1889 1559 equitarunt
1915 1481 1949 1539 ad

1152 1580 1308 1651 Palatium,
1329 1579 1431 1640 Comes
1452 1598 1469 1637 a
1488 1580 1609 1640 sinistris
1629 1581 1814 1653 Cardinalia,
1834 1592 1868 1642 et
1888 1591 1950 1661 post

1153 1700 1201 1741 eos
1215 1679 1265 1740 alii
1281 1676 1422 1740 Oratores
1433 1699 1477 1760 pr.
1489 1698 1544 1741 sua
1553 1680 1666 1754 ordine,
1675 1681 1814 1741 associati
1827 1700 1849 1741 a
1864 1699 1950 1761 prae·

1154 1781 1217 1840 lutis
1238 1781 1462 1860 quaurpluribus
1484 1782 1560 1860 ipsos
1582 1782 1816 1853 honorantibus,
1844 1800 1884 1842 ac
1906 1783 1950 1841 la·

1153 1883 1230 1942 milia
1252 1882 1283 1942 S.
1305 1882 1341 1942 D.
1355 1882 1389 1943 N.
1408 1901 1443 1943 ac
1464 1883 1598 1963 praelatis
1611 1883 1723 1956 Palatii,
1740 1886 1806 1962 qui,
1816 1884 1860 1943 ad
1878 1903 1946 1963 per·

1152 1986 1312 2045 suasionem
1330 1984 1455 2063 episcopi
1476 1983 1666 2044 ‘tornacensis
1687 2001 1737 2043 seu
1759 1984 1865 2058 electi,
1881 2003 1949 2065 pos·

1152 2087 1304 2147 sessionem
1337 2085 1482 2146 Ecclesiae
1503 2102 1572 2147 suae
1595 2084 1746 2145 furoribus
1775 2084 1949 2165 hujusmodi

1153 2186 1265 2263 assequi
1285 2184 1487 2257 desiderantis,
1508 2197 1623 2264 praeter
1645 2181 1892 2246 consuetudinem
1916 2205 1949 2247 ae

1153 2284 1241 2347 bonas
1263 2287 1453 2347 coerimonias
1472 2287 1508 2346 ad
1530 2286 1586 2348 boe
1608 2298 1749 2348 venerunt
1755 2306 1767 2361 3
1787 2287 1949 2349 descame·

1154 2398 1224 2447 runt
1251 2404 1287 2446 ex
1315 2386 1398 2465 equis
1417 2387 1448 2447 in
1469 2386 1582 2447 Palatio
1607 2389 1634 2446 in
1655 2406 1691 2447 eo
1717 2388 1803 2462 loco,
1832 2389 1865 2449 in
1892 2407 1950 2468 quo

1153 2486 1321 2550 Cardinales
1342 2488 1513 2550 descendere
1534 2488 1636 2560 solent,
1658 2499 1687 2549 et
1706 2488 1767 2549 illic
1786 2507 1824 2551 eo
1847 2489 1950 2551 ordine

1153 2599 1182 2648 et
1200 2587 1306 2662 simili,
1326 2601 1359 2650 ut
1381 2599 1542 2662 venerunt,
1564 2588 1744 2651 ascendentes
1763 2590 1802 2649 ad
1824 2577 1950 2671 primam

1154 2688 1293 2769 majorem
1308 2691 1405 2749 aulam
1420 2688 1523 2749 Palatii
1538 2700 1568 2750 et
1582 2688 1619 2748 ab
1636 2690 1692 2749 alia
1711 2703 1800 2769 parte
1824 2691 1951 2754 descen·

1154 2789 1261 2863 dentes,
1277 2789 1467 2855 veneruntad
1484 2789 1580 2849 arulam
1595 2807 1794 2863 camerarum,
1809 2793 1876 2852 sire
1891 2791 1948 2855 cs-

1155 2908 1252 2952 merae
1273 2890 1465 2970 Apostolicae,
1484 2893 1511 2949 in
1532 2909 1602 2969 qua,
1619 2891 1740 2953 dimissis
1754 2893 1814 2954 illis
1836 2905 1946 2974 septem

1155 2987 1331 3052 Oratoribus
1353 2991 1472 3069 collegis
1492 2991 1563 3064 suis,
1582 2990 1743 3053 Cardinalis
1762 2994 1897 3054 ascendit
1913 2993 1947 3053 ad

1154 3110 1300 3152 cameram
1325 3092 1473 3172 Pupagalli
1503 3090 1671 3154 Pontificem
1691 3079 1868 3174 expectans,
1898 3096 1946 3175 qui

1154 3211 1260 3274 parum
1276 3206 1381 3275 ,post,
1402 3214 1518 3257 camera
1545 3213 1597 3256 sua
1624 3196 1740 3270 exiens,
1761 3198 1836 3258 illuc
1872 3197 1945 3261 ranlt

1154 3306 1322 3374 paramenta
1343 3308 1536 3376 recepturus,
1557 3308 1591 3357 ut
1611 3297 1641 3356 iu
1663 3295 1815 3375 publicum
1841 3296 1945 3360 Comi·

1155 3397 1280 3456 starium
1300 3397 1418 3459 reniret.
1433 3398 1552 3459 interim
1567 3411 1630 3460 orta
1653 3409 1695 3460 est
1712 3400 1787 3461 inter
1801 3401 1849 3461 lll.
1863 3401 1948 3461 Prin·

1156 3499 1228 3576 cipis
1260 3496 1421 3559 sabaudiae
1451 3510 1480 3561 et
1509 3498 1660 3560 Mediolani
1687 3499 1780 3559 Ducis
1806 3497 1946 3562 Oratores

1156 3617 1242 3678 super
1262 3599 1461 3678 praecedentia
1483 3601 1625 3678 quaestio,
1652 3616 1705 3661 reu
1730 3599 1879 3661 diuturna
1900 3619 1947 3662 ra·

1156 3711 1277 3771 novata,
1294 3718 1351 3777 qua
1367 3719 1418 3779 per
1436 3700 1656 3762 sanctissimum
1672 3702 1708 3763 t).
1727 3699 1761 3760 N.
1786 3702 1946 3772 intellecta,

1156 3800 1301 3860 ordinarit
1311 3812 1341 3861 et
1357 3802 1504 3861 nsarrdarit
1514 3802 1547 3862 S.
1560 3802 1620 3863 Sua
1640 3803 1716 3880 quod
1728 3820 1783 3882 pro
1796 3801 1856 3863 hoc
1868 3821 1947 3863 mace

1157 3897 1266 3961 Orator
1278 3900 1366 3961 Ducis
1378 3901 1529 3962 hledioiani
1541 3905 1637 3964 locum
1651 3903 1732 3964 daret
1747 3901 1946 3978 Sabaudiemi,

1155 4013 1185 4063 ct
1200 4002 1277 4080 quod
1297 4002 1427 4081 deinceps
1440 4005 1587 4066 alternatis
1604 4003 1715 4063 sicibus
1734 4003 1879 4077 renirent,
1894 4022 1945 4064 una

1156 4099 1205 4174 die.
1213 4098 1353 4162 Oratores
1366 4101 1589 4174 rilediolsni,alia
1602 4102 1821 4178 Subaudienses3
1832 4105 1882 4165 cui
1892 4122 1945 4165 or·

1157 4202 1290 4263 dinationi
1310 4203 1524 4265 hledioianensis
1550 4204 1680 4285 parendo
1697 4205 1827 4278 recessit,
1849 4204 1945 4267 etalii

1157 4303 1255 4362 locum
1271 4302 1355 4363 dedit.
1368 4301 1476 4364 Deinde
1488 4303 1543 4365 SS.
1555 4303 1696 4365 Dominus
1708 4314 1816 4377 noster,
1829 4317 1946 4385 paratus

1158 4422 1240 4465 strare
1261 4404 1359 4476 solito,
1376 4404 1452 4466 renit
1465 4404 1501 4464 ad
1522 4404 1676 4486 publicum
1687 4405 1900 4469 Consistorium
1921 4408 1947 4468 in

1158 4506 1302 4584 primam,
1324 4502 1465 4583 majorem
1488 4505 1645 4578 videlieet,
1667 4508 1764 4567 aulam
1778 4506 1884 4568 Palatii
1895 4526 1947 4586 pro

1159 4605 1463 4685 publieoCousistorio
1487 4619 1700 4686 praeparatam.
1723 4608 1846 4686 inquo,
1873 4609 1946 4669 iacta

1158 4725 1210 4786 par
1221 4705 1386 4768 Cardinales
1404 4709 1574 4786 reverentia
1583 4718 1732 4779 consueta,
1744 4708 1895 4787 proposita
1906 4719 1946 4769 est

1159 4828 1256 4880 causo,
1278 4820 1310 4866 ut
1331 4807 1420 4867 moris
1441 4819 1484 4866 est
1495 4830 1506 4880 ;
1528 4821 1669 4870 resumunt
1684 4807 1723 4866 ad
1742 4807 1818 4867 idem
1839 4806 1945 4870 Consi·

1157 4911 1308 4969 storiuma
1323 4908 1461 4987 praelatis
1475 4926 1557 4968 more
1578 4907 1663 4967 solita
1678 4908 1822 4981 associati,
1839 4907 1945 4970 Comes

1157 5005 1261 5067 Delbni
1290 5018 1318 5068 et
1344 5006 1393 5066 alii
1417 5025 1464 5068 sex
1496 5004 1636 5067 Oratores
1661 5026 1707 5087 pr.
1738 5007 1868 5088 collegae
1890 5010 1945 5082 sui,

1158 5106 1263 5188 quibus
1288 5108 1385 5167 aulam
1413 5106 1579 5168 consistorii
1601 5105 1848 5187 ingredientibus,
1872 5127 1945 5189 pro·

1158 5211 1241 5271 cessit
1255 5209 1292 5268 ud
1308 5206 1477 5270 Pontificem
1496 5207 1659 5270 Cardiualis
1673 5209 1893 5288 hudegarensis
1909 5208 1945 5270 ad

1157 5310 1273 5370 solitum
1290 5311 1364 5387 ipsos
1383 5305 1523 5368 Oratores
1542 5310 1668 5389 collegas
1686 5328 1754 5371 suos
1773 5310 1879 5371 ibidem
1894 5331 1945 5372 ex·

1158 5421 1282 5490 pectans.
1303 5407 1416 5479 Quibus
1448 5408 1602 5481 omnibus,
1623 5409 1776 5471 Cardinale
1801 5423 1944 5492 excepto,

1156 5513 1193 5572 ad
1214 5511 1313 5593 pedis,
1336 5528 1447 5583 suanus,
1468 5523 1495 5572 et
1517 5512 1577 5572 oris
1595 5514 1746 5587 osculum,
1768 5532 1851 5576 more
1873 5532 1944 5576 con·

1157 5626 1238 5675 sueto
1259 5612 1395 5692 receptis,
1406 5612 1567 5673 Cardiualis
1580 5616 1638 5693 lpse
1661 5616 1854 5692 praesentarit
1867 5615 1946 5678 Poo-

1157 5712 1226 5775 tiiici
1248 5712 1346 5775 literas
1360 5712 1448 5794 Degis
1466 5712 1605 5795 praedicti
1625 5715 1652 5774 in
1672 5713 1858 5778 Francorum
1872 5715 1946 5777 idio·
