4492 6859
291 578 403 717 litat)

298 785 412 834 tantum
428 771 516 830 ducat
535 764 740 838 thuribulum,
761 774 824 822 tum
842 781 888 821 me
910 759 1086 834 incensabit,

296 883 326 932 et
347 891 402 951 ego
422 887 499 930 eum.

340 970 451 1050 begam
472 966 677 1048 praefationem
700 961 871 1041 incipiente,
899 959 996 1038 surgit
1026 956 1087 1017 Rex

298 1089 368 1133 cum
389 1086 523 1138 corona,
544 1076 583 1136 et,
599 1084 633 1123 εε
648 1063 740 1135 linito,
761 1063 886 1142 deposita
907 1060 960 1119 sibi
981 1076 1087 1119 corona

301 1171 371 1231 dicit
393 1186 460 1228 cum
484 1165 657 1244 cappellanis
678 1165 759 1236 suis,
781 1165 918 1222 Sanctus
939 1171 1007 1231 etc.;
1030 1176 1088 1235 quo

300 1272 400 1343 dicto,
423 1277 602 1344 reassumpta
626 1283 756 1335 cornua,
783 1262 908 1324 ascendit
927 1262 963 1319 ad
985 1259 1088 1319 sediale

298 1388 409 1440 suum,
429 1367 477 1426 ubi
496 1363 673 1444 genuflectit,
689 1363 810 1424 dimissis
826 1381 945 1434 corona,
960 1370 1087 1439 sceptro,

301 1482 331 1531 et
352 1486 460 1548 ponto,
481 1468 522 1525 sic
544 1483 683 1537 monetas,
705 1482 858 1541 quousque
890 1464 927 1523 ad
954 1479 1089 1523 commu·

302 1572 416 1632 aionem
438 1568 475 1625 sit
493 1566 602 1625 iturus.
634 1565 719 1626 llieto
746 1585 798 1644 per
822 1570 961 1644 Legatum
984 1564 1090 1645 ,lqnna

304 1672 378 1741 Dei,
400 1689 455 1749 ego
488 1687 555 1728 cum
584 1669 781 1727 lustramenta
803 1666 887 1726 Pacis
921 1665 1089 1744 quodcum

305 1773 460 1854 panniculo
480 1771 589 1829 mundo
610 1781 730 1848 extergo
744 1778 772 1829 et
789 1770 977 1847 parrniculum
996 1766 1089 1844 ipsum

304 1874 441 1935 deosculo
462 1890 516 1951 pro
535 1870 668 1951 probra,
690 1884 718 1931 et
748 1870 933 1949 cappellanus
954 1868 1002 1927 ille
1024 1883 1091 1924 cum

305 1974 447 2055 pluviali,
469 1971 520 2050 qui
554 1971 588 2031 de
622 1970 725 2030 baculo
748 1969 887 2050 pastorali
919 1966 1039 2029 servivit
1063 1965 1091 2022 ia

305 2077 403 2150 Missa,
414 2093 482 2136 cum
494 2073 551 2133 alio
568 2074 764 2133 lnstrumeuto
776 2070 858 2132 Pacis
872 2068 1094 2149 genuflectimus

305 2178 342 2238 ad
363 2178 507 2239 dexteram
529 2175 654 2254 begati3
678 2178 738 2251 qui,
760 2172 842 2233 linita
864 2172 1004 2241 oratione,
1027 2168 1094 2229 Do·

306 2280 388 2340 ntinc
404 2276 480 2339 Jeau
497 2276 623 2337 Gliristc
640 2275 697 2355 qui
716 2274 834 2336 dixisti
840 2269 1013 2354 'Apostolia
1030 2267 1095 2327 tuis

306 2391 362 2440 etr.
381 2377 512 2438 osculato
528 2376 625 2447 altari,
645 2374 795 2434 osculatur
812 2373 908 2451 primo
927 2386 1019 2429 ineam
1037 2366 1096 2424 Pa·

308 2496 383 2551 cem,
399 2475 496 2536 deiude
510 2477 611 2551 oliam,
623 2475 747 2553 singulis
765 2472 861 2533 dicens
877 2491 943 2552 pax
958 2469 1058 2539 achia,
1068 2475 1097 2525 et

309 2596 361 2639 nos
371 2577 435 2651 sibi,
448 2586 477 2637 ct
491 2597 558 2637 cana
570 2575 691 2655 spirita
704 2584 771 2645 nto,-
787 2587 849 2634 tum
866 2592 920 2650 eqo
934 2571 970 2629 do
982 2570 1098 2627 lustru·

310 2691 440 2741 mentum
460 2696 557 2737 meum
579 2676 805 2754 Arcbiepiscopo
827 2672 1027 2751 neopolitano,
1049 2664 1098 2742 qui

309 2798 377 2841 eum
399 2779 491 2840 desert
509 2776 584 2855 Regi
607 2774 770 2853 genuflexo,
790 2775 886 2834 dicens
900 2772 952 2831 sibi
971 2789 1037 2850 pax
1053 2778 1100 2826 te·

311 2900 404 2954 carra,
428 2889 457 2939 et
478 2880 526 2938 ille
552 2877 742 2956 respondens,
766 2887 795 2936 et
818 2874 1016 2953 cnrrrspiritn
1033 2879 1100 2938 tuo,

311 2992 377 3041 ante
392 2990 508 3059 etpost,
525 2976 719 3038 rererentiam
731 2988 897 3036 consuetum
909 2975 970 3053 regi
984 2973 1101 3040 laciens3

313 3093 343 3142 et
363 3081 501 3141 restituto
531 3078 603 3138 mihi
635 3079 830 3138 instrumento
852 3076 928 3136 redit
946 3075 982 3132 ad
1003 3075 1101 3134 locum

313 3199 422 3253 suum,
438 3245 441 3249 ,
455 3192 484 3239 ει
503 3197 558 3257 ego
584 3180 812 3237 instrumentum
834 3194 920 3235 suum
946 3193 1033 3255 super
1055 3177 1108 3246 al·¹

316 3293 378 3342 tare
407 3299 525 3361 repono.
555 3283 581 3339 Α
613 3278 692 3357 Rege
718 3279 863 3357 accipiunt
885 3296 984 3356 pacem
1006 3296 1104 3337 ararites

318 3383 403 3462 ttegtt
424 3401 477 3442 suo
496 3381 606 3442 ordine.
628 3380 757 3440 Rerersa
772 3381 807 3438 ad
824 3382 921 3439 locum
936 3397 1022 3438 suum
1044 3383 1104 3438 hr-

317 3484 497 3563 chiepiscopo
515 3480 712 3561 b'eapalitano,
731 3481 805 3539 alius
826 3481 1019 3558 cappellanus,
1037 3497 1104 3538 cum

317 3585 372 3644 clia
395 3584 470 3643 Pace
491 3582 539 3640 dat
570 3601 674 3661 pacem
706 3580 763 3640 hoc
792 3581 891 3640 ordine
923 3580 1013 3641 eidem
1045 3583 1106 3638 Ar-

318 3685 522 3765 chiepiscop0‚
555 3693 584 3745 et
618 3683 665 3744 ille
698 3685 783 3743 aliam
805 3684 934 3761 praelato
956 3692 1019 3760 post
1040 3699 1107 3741 eum

319 3805 387 3846 eum
409 3804 485 3858 ore,
505 3797 534 3845 et
553 3785 628 3845 alter
650 3786 734 3844 alteri
750 3801 842 3859 usque
863 3782 900 3840 ad
922 3781 1007 3843 lirrem
1030 3783 1108 3841 illius

319 3888 439 3948 scarrmi.

362 3983 556 4046 Patriarchae
584 3982 793 4055 Antiochensi,
814 3994 842 4042 et
867 3984 914 4043 ille
943 3984 1027 4044 alteri
1055 3993 1109 4045 etc

321 4096 355 4146 ιιι
385 4102 497 4163 supra;
530 4083 652 4144 cuilibet
684 4085 813 4163 praelato
846 4088 873 4144 in
904 4084 994 4163 capite
1027 4084 1111 4144 unius

319 4186 439 4258 scamni,
460 4194 490 4245 et
513 4185 561 4244 ille
583 4184 657 4256 aliis,
680 4196 712 4243 ut
732 4202 820 4263 supra
827 4207 838 4257 3
861 4185 982 4263 singulis
1003 4181 1113 4245 Orato-

320 4288 422 4359 ribus,
445 4286 505 4365 epis
513 4303 602 4364 copo,
621 4287 787 4364 cappellano
809 4283 931 4363 majori,
950 4297 980 4347 et
1001 4286 1046 4346 illl
1065 4287 1112 4345 ol·

322 4390 377 4449 teri
399 4397 455 4447 etc.
478 4396 510 4445 at
528 4406 631 4466 supra;
654 4387 774 4464 singulis
794 4388 974 4465 baronibus,
995 4389 1039 4450 rel
1062 4406 1112 4467 per

322 4492 417 4570 capita
438 4506 624 4547 scamnorum
649 4499 684 4548 ut
706 4508 805 4569 supra.

361 4589 463 4650 Electa
485 4589 666 4662 dluranerrsi,
682 4600 710 4650 et
730 4591 777 4650 ille
792 4591 1019 4651 Prothonotario
1038 4590 1114 4650 dello

324 4690 424 4769 Sego,
445 4700 474 4749 et
493 4690 542 4749 ille
562 4689 667 4763 alteri,
698 4690 875 4753 subdiacono
898 4692 1066 4772 Apostolico
1086 4700 1115 4751 ει

325 4793 373 4854 ille
395 4792 489 4871 primo
509 4792 662 4869 accolyto,
683 4803 712 4851 et
734 4793 782 4853 ille
804 4793 904 4863 alteri,
923 4803 1073 4872 utsupra.

366 4892 540 4973 cappellano
559 4894 717 4967 assistenti,
738 4903 767 4954 et
783 4895 831 4954 ille
848 4894 991 4965 Discum,
1005 4907 1034 4955 et
1046 4894 1117 4954 bia-

325 5013 418 5056 conus
440 4992 637 5066 subdiacono,
670 4996 837 5074 cappellano
870 4992 905 5055 de
935 4994 1021 5056 blitra
1053 5015 1118 5057 ser·

332 5094 417 5155 aienti
438 5106 466 5155 et
488 5095 560 5152 aliis.

376 5196 477 5257 Primo
511 5197 650 5257 scutllero
679 5208 707 5257 et
739 5198 786 5259 ille
814 5199 900 5258 alteri
930 5209 986 5259 etc.
1020 5198 1120 5260 Primo

332 5298 526 5359 credentiario
547 5308 575 5357 et
597 5298 645 5357 ille
665 5299 751 5359 alteri
774 5310 926 5376 utsupra.

375 5399 445 5461 lllihl
467 5410 495 5460 et
520 5416 576 5476 ego
605 5396 659 5457 sibi
673 5441 682 5471 ,
712 5408 742 5459 ει
775 5400 1001 5462 instrumentum
1023 5400 1119 5480 ipsum

329 5522 418 5582 saper
440 5504 533 5561 altare
553 5520 669 5580 repono.

375 5605 535 5681 Postquam
555 5601 683 5683 laegatus
714 5625 744 5666 se
777 5605 1037 5668 communicaverit
1067 5603 1122 5663 snb

336 5706 465 5787 atraque
480 5704 585 5786 specie,
598 5718 753 5785 autequam
768 5726 798 5772 ac
813 5707 1024 5787 purillcarerit,
1045 5704 1124 5785 digi-

769 622 1056 688 enarraremus
1077 617 1305 685 thamnath
1325 612 1453 677 satiri.

1875 596 1937 658 303

1154 772 1197 821 tos
1218 758 1327 828 eblum,
1347 763 1475 834 expectet
1490 752 1599 833 Regem
1620 755 1819 816 comunicandi
1837 776 1936 820 causa.

1155 860 1280 921 Praelati
1300 858 1460 919 assistentes
1480 864 1645 916 occurrunt
1668 855 1742 937 Regi
1763 858 1824 919 sine
1844 862 1940 922 mitris

1156 979 1246 1039 usque
1266 959 1302 1018 ad
1321 955 1429 1037 gradus
1449 954 1588 1028 thalami,
1610 967 1639 1016 et
1659 960 1753 1037 ipsum
1775 959 1940 1036 deducunt,

1157 1074 1189 1121 nt
1210 1063 1290 1122 alias.

1196 1161 1258 1222 ilex
1279 1158 1423 1221 descendit
1439 1155 1549 1217 detecto
1564 1158 1655 1237 capite
1667 1203 1675 1231 ,
1689 1160 1798 1237 absque
1811 1174 1940 1241 sceptro,

1156 1271 1185 1322 et
1203 1269 1477 1341 pon103sequuntur
1496 1256 1579 1335 Regii
1593 1276 1689 1320 omnes
1707 1262 1793 1320 etiam
1808 1261 1850 1320 illi
1872 1280 1940 1321 cum

1157 1382 1287 1434 corona,
1308 1372 1424 1441 sceptro
1445 1371 1474 1420 et
1496 1379 1593 1439 pomo,
1613 1370 1642 1420 ct
1661 1361 1819 1440 cappellani
1843 1359 1938 1438 majo·

1158 1487 1223 1537 res,
1244 1476 1272 1526 ει
1302 1466 1362 1525 duo
1383 1464 1440 1524 alii.
1468 1461 1529 1522 nex
1550 1461 1715 1541 genuflectit
1745 1464 1773 1523 in
1805 1482 1942 1544 supremo

1156 1570 1252 1650 gradu
1272 1567 1372 1627 altaris
1395 1568 1422 1624 in
1444 1581 1539 1624 cornu
1560 1565 1706 1643 Epistulae
1737 1565 1798 1626 sinc
1827 1568 1942 1627 cassino

1157 1682 1185 1733 et
1207 1669 1436 1731 comrnunionem
1453 1677 1619 1728 reverenter
1634 1677 1664 1725 et
1680 1665 1780 1727 devote
1799 1686 1816 1725 a
1832 1667 1943 1746 legato

1158 1773 1283 1852 recipit,
1306 1770 1356 1847 qui
1375 1768 1498 1828 hostiam
1520 1768 1548 1825 in
1569 1767 1685 1827 dextera
1707 1769 1866 1847 recipiens,
1888 1788 1943 1849 pa·

1159 1887 1223 1936 tena
1244 1890 1313 1932 cum
1326 1871 1442 1946 sinistra
1458 1867 1603 1947 supposita
1617 1912 1626 1942 ,
1648 1870 1727 1929 illam
1742 1869 1816 1948 Regi
1831 1869 1943 1946 tradit,

1159 1976 1278 2047 dicens,
1305 1972 1426 2053 Corpus
1453 1969 1584 2032 Domini
1601 1970 1804 2034 nostratem
1822 1971 1945 2038 Christi

1160 2076 1319 2139 custodiat
1336 2074 1473 2134 animam
1495 2083 1579 2135 tnnm
1599 2074 1633 2133 in
1654 2074 1751 2133 vitam
1774 2084 1943 2136 aeternnm.

1202 2178 1403 2255 Apportantur
1418 2173 1563 2251 ampullae
1579 2172 1637 2234 riui
1655 2183 1683 2232 et
1697 2190 1789 2250 aquae
1813 2172 1848 2234 dc
1875 2193 1945 2237 cre·

1161 2277 1278 2350 dentis,
1301 2276 1376 2335 lacta
1398 2273 1502 2344 ibidem
1522 2274 1604 2353 prius
1625 2273 1733 2351 probra
1755 2292 1829 2351 quae
1849 2286 1878 2336 et
1898 2296 1948 2337 ae·

1162 2378 1257 2441 cundo
1278 2375 1310 2436 lit
1330 2374 1406 2456 apud
1428 2376 1544 2445 ditare,
1565 2386 1598 2434 ut
1613 2376 1704 2454 prius.
1718 2372 1844 2454 beguinis
1865 2388 1948 2455 pate·

1163 2500 1230 2543 nam
1249 2498 1337 2558 super
1359 2476 1480 2538 calicem
1497 2476 1648 2554 diligenter
1663 2476 1774 2537 excutit
1791 2485 1820 2536 et
1841 2475 1947 2555 digitos

1163 2582 1257 2644 abluit
1275 2592 1303 2640 ct
1323 2564 1433 2649 sunrit,
1454 2587 1517 2635 tum
1539 2576 1588 2637 dat
1606 2575 1679 2655 Regi
1700 2566 1946 2655 prntamrtmem,

1166 2696 1230 2746 tum
1251 2693 1382 2762 patenam
1403 2697 1488 2758 super
1511 2679 1645 2748 calicem,
1667 2689 1809 2757 utsupra
1829 2680 1950 2754 escutitg

1166 2783 1326 2846 infunditur
1348 2781 1400 2841 sibi
1422 2780 1541 2849 vinum,
1562 2777 1713 2858 parificat,
1734 2799 1766 2840 se
1792 2779 1885 2839 abluit
1907 2779 1952 2839 di-

1169 2888 1254 2967 gitos,
1275 2897 1303 2945 et
1324 2883 1498 2943 ablutionem
1520 2882 1619 2952 sumit,
1637 2880 1742 2959 accipit
1764 2881 1890 2953 mitram,
1908 2881 1951 2939 le·

1171 2998 1219 3047 rat
1241 3003 1363 3055 orarius,
1384 2993 1412 3042 et
1433 2981 1548 3040 blissam
1580 2979 1704 3059 perlicit.

1211 3088 1289 3156 Rex,
1316 3096 1431 3162 sumpta
1462 3083 1661 3143 cornumnioue
1686 3094 1714 3143 et
1735 3080 1955 3161 purificatione,

1169 3190 1275 3267 accipit
1293 3202 1429 3246 coronam
1450 3195 1514 3244 ante
1536 3184 1672 3243 ultimum
1690 3181 1815 3261 gradum
1834 3184 1954 3253 altaris,

1171 3311 1206 3350 ac
1227 3299 1398 3368 sceptrum,
1419 3295 1448 3347 et
1468 3303 1609 3363 pomum3
1630 3294 1660 3343 et
1688 3285 1765 3343 lacta
1784 3283 1868 3342 alteri
1889 3301 1956 3341 ctam

1173 3390 1264 3470 capite
1284 3386 1462 3456 reverentia,
1485 3385 1558 3445 redit
1579 3385 1615 3444 ad
1638 3384 1797 3444 thalamum
1819 3401 1957 3454 summa

1171 3490 1284 3551 duobus
1305 3490 1364 3546 suis
1397 3485 1590 3545 assistentibus
1618 3504 1685 3546 cum
1710 3486 1804 3545 mitris
1831 3484 1960 3544 associa·

1176 3604 1238 3662 tus,
1258 3590 1306 3649 ubi
1328 3589 1356 3647 in
1377 3586 1480 3646 sediale
1509 3603 1562 3645 suo
1584 3584 1766 3664 genuflectit,
1787 3596 1817 3645 et
1837 3583 1961 3644 dimissis

1176 3710 1296 3763 corona,
1317 3700 1432 3767 sceptro
1447 3732 1455 3758 ‚
1472 3696 1501 3746 et
1517 3688 1603 3747 mitra
1621 3687 1690 3764 legit
1709 3686 1938 3746 communionem
1953 3728 1963 3758 ,

1176 3803 1205 3854 et
1224 3801 1289 3872 post
1308 3791 1468 3850 orationem
1490 3787 1523 3845 dc
1545 3785 1657 3864 Spiritu
1675 3787 1795 3858 Sancto,
1816 3787 1864 3846 eui
1885 3785 1963 3844 addit

1177 3912 1229 3971 per
1251 3910 1281 3948 se
1310 3897 1496 3964 sequentem:

1220 3991 1304 4051 Dens
1319 3988 1376 4068 qni
1394 3988 1438 4047 nd
1449 3985 1698 4067 praedicandum
1719 3984 1842 4045 neterni
1863 3983 1965 4065 Reqni

1179 4090 1398 4171 Evonqeh'nrn,
1411 4088 1581 4147 Ronrnnrrm
1601 4085 1770 4164 insperinm
1790 4103 1969 4163 praepara·
2055 4155 2060 4162 Ι

1180 4194 1235 4263 ati,
1248 4190 1402 4272 protende
1417 4189 1537 4269 scaraio
1558 4198 1612 4247 tao
1629 4206 1718 4245 ormo
1733 4186 1906 4253 coelestio,
1929 4193 1963 4244 nt

1180 4314 1245 4373 pac
1262 4291 1426 4353 Ecclesiae
1442 4290 1532 4349 nulio
1548 4289 1692 4348 turbetur
1707 4295 1886 4365 tempestate
1900 4284 1969 4344 oet-

1183 4398 1309 4457 lorum:
1337 4411 1395 4471 pet·
1421 4390 1459 4451 tt.
1487 4389 1525 4450 Ν.
1550 4386 1654 4449 Jecnm
1684 4386 1841 4449 Christum
1869 4385 1968 4465 {ilium

1183 4507 1287 4565 tunm,
1310 4493 1366 4574 qni
1387 4502 1486 4552 tecam
1513 4490 1593 4551 aicit
1615 4499 1646 4549 et
1665 4498 1775 4570 rcqnnt
1797 4498 1855 4547 etc.
1871 4483 1970 4544 ambas

1183 4609 1247 4674 post
1267 4594 1427 4654 orationem
1448 4591 1502 4651 sub
1522 4586 1691 4665 hujusmodi
1712 4586 1873 4650 conditione
1898 4604 1971 4646 con·

1184 4696 1312 4757 cludens.

1226 4790 1319 4849 Finita
1340 4787 1425 4848 ldisso
1458 4796 1487 4845 et
1517 4782 1713 4844 benedictione
1745 4799 1794 4860 per
1827 4776 1971 4856 legatum

1186 4891 1265 4952 data.
1282 4890 1357 4950 idem
1372 4888 1500 4966 begatm
1521 4886 1570 4944 dat
1587 4884 1745 4964 plenariam
1766 4879 1972 4957 indulgentiam

1185 4992 1319 5054 omnibus
1339 4991 1492 5065 utriusque
1513 5003 1595 5046 senus
1616 4985 1666 5063 qai
1689 4982 1790 5042 blissas
1812 4999 1862 5040 seu
1883 4979 1972 5040 bene·

1188 5093 1303 5154 dictioni
1323 5110 1392 5152 suae
1413 5086 1582 5164 hujusmodi
1604 5085 1807 5152 imminerunt,
1824 5080 1909 5159 juxta
1928 5078 1975 5137 la·

1188 5197 1327 5255 cultatem
1349 5192 1536 5272 perbonam
1555 5186 1635 5264 justa
1656 5188 1750 5247 altare
1776 5183 1891 5263 publice
1923 5197 1976 5257 ap-

1188 5312 1305 5375 pensam
1326 5294 1379 5353 sihi
1400 5308 1581 5362 concessam;
1602 5306 1690 5367 quam
1710 5281 1918 5364 indulgentiam
1938 5279 1975 5339 tt.

1189 5398 1223 5457 P.
1244 5396 1280 5456 [l.
1301 5393 1546 5473 archiepiscopus
1567 5387 1748 5450 l’atracensis
1770 5384 1815 5444 rel
1837 5379 1917 5441 aliud
1937 5378 1974 5438 ad

1191 5501 1368 5560 volantatem
1382 5495 1470 5575 ipsius
1479 5492 1581 5573 Legati
1592 5489 1772 5572 promulgat,
1783 5494 1861 5544 stans
1871 5482 1901 5541 in
1915 5499 1980 5543 me·

1190 5602 1238 5662 dio
1259 5602 1361 5662 altaris
1376 5616 1477 5660 versus
1493 5595 1528 5656 ad
1549 5594 1700 5675 populum.
1719 5588 1860 5668 beatus,
1881 5581 1980 5663 publi-

1192 5704 1265 5766 catis
1285 5695 1633 5780 indulgmtiisadaltsra
1653 5711 1685 5756 sa
1704 5689 1804 5764 rectit,
1818 5685 1890 5750 dicit
1911 5683 1981 5746 llo·
2020 5730 2024 5738 .
