<?xml version="1.0" encoding="UTF-8"?>
<!DOCTYPE html PUBLIC "-//W3C//DTD XHTML 1.0 Transitional//EN"
    "http://www.w3.org/TR/xhtml1/DTD/xhtml1-transitional.dtd">
<html xmlns="http://www.w3.org/1999/xhtml" xml:lang="en" lang="en">
 <head>
  <title>
</title>
<meta http-equiv="Content-Type" content="text/html;charset=utf-8" />
  <meta name='ocr-system' content='tesseract 3.04.00' />
  <meta name='ocr-capabilities' content='ocr_page ocr_carea ocr_par ocr_line ocrx_word'/>
</head>
<body>
  <div class='ocr_page' id='page_1' title='image "./johannisburchar01burcgoog/johannisburchar01burcgoog_0072.png"; bbox 0 0 4492 6859; ppageno 0'>
   <div class='ocr_carea' id='block_1_1' title="bbox 298 637 1956 721">
    <p class='ocr_par' dir='ltr' id='par_1_1' title="bbox 298 637 1956 721">
     <span class='ocr_line' id='line_1_1' title="bbox 298 637 1956 721; baseline 0.001 -19"><span class='ocrx_word' id='word_1_1' title='bbox 298 644 338 704; x_wconf 75' lang='lat' dir='ltr'>lb</span> <span class='ocrx_word' id='word_1_2' title='bbox 771 642 1053 710; x_wconf 75' lang='lat' dir='ltr'>Ponatntcttus</span> <span class='ocrx_word' id='word_1_3' title='bbox 1075 638 1299 704; x_wconf 68' lang='lat' dir='ltr'>innocentii</span> <span class='ocrx_word' id='word_1_4' title='bbox 1320 638 1471 704; x_wconf 77' lang='lat' dir='ltr'>oettvt.</span> <span class='ocrx_word' id='word_1_5' title='bbox 1839 637 1956 721; x_wconf 82' lang='grc'><strong>(1481)</strong></span> 
     </span>
    </p>
   </div>
   <div class='ocr_carea' id='block_1_2' title="bbox 295 776 1954 1465">
    <p class='ocr_par' dir='ltr' id='par_1_2' title="bbox 295 776 1954 1264">
     <span class='ocr_line' id='line_1_2' title="bbox 299 776 1953 860; baseline 0.001 -23"><span class='ocrx_word' id='word_1_6' title='bbox 299 780 436 839; x_wconf 85' lang='lat' dir='ltr'>arnietom</span> <span class='ocrx_word' id='word_1_7' title='bbox 463 791 491 839; x_wconf 92' lang='lat' dir='ltr'>et</span> <span class='ocrx_word' id='word_1_8' title='bbox 521 782 693 860; x_wconf 76' lang='lat' dir='ltr'>picuereis,</span> <span class='ocrx_word' id='word_1_9' title='bbox 725 779 845 842; x_wconf 88' lang='lat' dir='ltr'>Diaconl</span> <span class='ocrx_word' id='word_1_10' title='bbox 876 781 1015 843; x_wconf 86' lang='lat' dir='ltr'>amictum</span> <span class='ocrx_word' id='word_1_11' title='bbox 1054 793 1084 842; x_wconf 90' lang='lat' dir='ltr'>et</span> <span class='ocrx_word' id='word_1_12' title='bbox 1151 790 1286 840; x_wconf 90' lang='lat' dir='ltr'>catorum</span> <span class='ocrx_word' id='word_1_13' title='bbox 1307 797 1408 840; x_wconf 89' lang='lat' dir='ltr'>coram</span> <span class='ocrx_word' id='word_1_14' title='bbox 1430 776 1462 837; x_wconf 77' lang='lat' dir='ltr'>S.</span> <span class='ocrx_word' id='word_1_15' title='bbox 1488 776 1613 838; x_wconf 92' lang='lat' dir='ltr'>Domino</span> <span class='ocrx_word' id='word_1_16' title='bbox 1639 776 1673 838; x_wconf 84' lang='grc'>11.</span> <span class='ocrx_word' id='word_1_17' title='bbox 1699 780 1909 858; x_wconf 85' lang='lat' dir='ltr'>praesentium</span> <span class='ocrx_word' id='word_1_18' title='bbox 1929 791 1953 839; x_wconf 86' lang='lat' dir='ltr'>et</span> 
     </span>
     <span class='ocr_line' id='line_1_3' title="bbox 300 876 1954 960; baseline 0.001 -23"><span class='ocrx_word' id='word_1_19' title='bbox 300 877 500 953; x_wconf 78' lang='lat' dir='ltr'>dalmaticam,</span> <span class='ocrx_word' id='word_1_20' title='bbox 526 891 555 941; x_wconf 93' lang='lat' dir='ltr'>et</span> <span class='ocrx_word' id='word_1_21' title='bbox 581 898 680 942; x_wconf 89' lang='lat' dir='ltr'>omnes</span> <span class='ocrx_word' id='word_1_22' title='bbox 701 880 802 942; x_wconf 91' lang='lat' dir='ltr'>mitras</span> <span class='ocrx_word' id='word_1_23' title='bbox 826 882 929 954; x_wconf 87' lang='lat' dir='ltr'>albas,</span> <span class='ocrx_word' id='word_1_24' title='bbox 951 883 1086 944; x_wconf 81' lang='lat' dir='ltr'>officiales</span> <span class='ocrx_word' id='word_1_25' title='bbox 1151 882 1363 960; x_wconf 88' lang='lat' dir='ltr'>acceptantium</span> <span class='ocrx_word' id='word_1_26' title='bbox 1379 880 1492 940; x_wconf 89' lang='lat' dir='ltr'>nomine</span> <span class='ocrx_word' id='word_1_27' title='bbox 1502 876 1636 958; x_wconf 84' lang='lat' dir='ltr'>Collegil,</span> <span class='ocrx_word' id='word_1_28' title='bbox 1656 878 1692 941; x_wconf 89' lang='lat' dir='ltr'>de</span> <span class='ocrx_word' id='word_1_29' title='bbox 1706 877 1806 940; x_wconf 84' lang='lat' dir='ltr'>Sacro</span> <span class='ocrx_word' id='word_1_30' title='bbox 1819 878 1954 959; x_wconf 83' lang='lat' dir='ltr'>Collegis</span> 
     </span>
     <span class='ocr_line' id='line_1_4' title="bbox 298 977 1954 1064; baseline 0.01 -29"><span class='ocrx_word' id='word_1_31' title='bbox 298 998 369 1040; x_wconf 82' lang='lat' dir='ltr'>vcro</span> <span class='ocrx_word' id='word_1_32' title='bbox 398 998 498 1041; x_wconf 84' lang='lat' dir='ltr'>omnes</span> <span class='ocrx_word' id='word_1_33' title='bbox 524 980 611 1041; x_wconf 87' lang='lat' dir='ltr'>etiam</span> <span class='ocrx_word' id='word_1_34' title='bbox 635 992 717 1043; x_wconf 86' lang='lat' dir='ltr'>extra</span> <span class='ocrx_word' id='word_1_35' title='bbox 748 985 926 1064; x_wconf 88' lang='lat' dir='ltr'>cappellam,</span> <span class='ocrx_word' id='word_1_36' title='bbox 953 982 1086 1048; x_wconf 79' lang='lat' dir='ltr'>uidelicet</span> <span class='ocrx_word' id='word_1_37' title='bbox 1152 981 1189 1041; x_wconf 85' lang='lat' dir='ltr'>ll.</span> <span class='ocrx_word' id='word_1_38' title='bbox 1208 980 1401 1041; x_wconf 89' lang='lat' dir='ltr'>Dominorum</span> <span class='ocrx_word' id='word_1_39' title='bbox 1415 979 1515 1039; x_wconf 82' lang='lat' dir='ltr'>Sancti</span> <span class='ocrx_word' id='word_1_40' title='bbox 1532 978 1636 1050; x_wconf 81' lang='lat' dir='ltr'>Marci,</span> <span class='ocrx_word' id='word_1_41' title='bbox 1656 977 1758 1039; x_wconf 63' lang='lat'>&amp;⁰⁰1¹</span> <span class='ocrx_word' id='word_1_42' title='bbox 1778 978 1905 1059; x_wconf 75' lang='lat' dir='ltr'>Angeli,</span> <span class='ocrx_word' id='word_1_43' title='bbox 1922 978 1954 1039; x_wconf 62' lang='lat' dir='ltr'>lt</span> 
     </span>
     <span class='ocr_line' id='line_1_5' title="bbox 296 1078 1952 1164; baseline 0.002 -28"><span class='ocrx_word' id='word_1_44' title='bbox 296 1078 476 1153; x_wconf 78' lang='lat' dir='ltr'><strong>subdiaconi,</strong></span> <span class='ocrx_word' id='word_1_45' title='bbox 494 1081 645 1142; x_wconf 72' lang='lat' dir='ltr'>tunicellas</span> <span class='ocrx_word' id='word_1_46' title='bbox 663 1082 744 1143; x_wconf 90' lang='lat' dir='ltr'>albas</span> <span class='ocrx_word' id='word_1_47' title='bbox 761 1103 851 1164; x_wconf 89' lang='lat' dir='ltr'>supra</span> <span class='ocrx_word' id='word_1_48' title='bbox 872 1085 1086 1158; x_wconf 86' lang='lat' dir='ltr'>t·occbetos;ex</span> <span class='ocrx_word' id='word_1_49' title='bbox 1151 1083 1315 1161; x_wconf 73' lang='lat' dir='ltr'>dragonis,</span> <span class='ocrx_word' id='word_1_50' title='bbox 1348 1091 1378 1141; x_wconf 90' lang='lat' dir='ltr'>et</span> <span class='ocrx_word' id='word_1_51' title='bbox 1406 1080 1437 1141; x_wconf 84' lang='lat' dir='ltr'>S.</span> <span class='ocrx_word' id='word_1_52' title='bbox 1467 1078 1587 1159; x_wconf 84' lang='lat' dir='ltr'>Georgii</span> <span class='ocrx_word' id='word_1_53' title='bbox 1615 1079 1819 1141; x_wconf 73' lang='lat' dir='ltr'><strong>cardinalium</strong></span> <span class='ocrx_word' id='word_1_54' title='bbox 1846 1078 1952 1139; x_wconf 88' lang='lat' dir='ltr'>ibidem</span> 
     </span>
     <span class='ocr_line' id='line_1_6' title="bbox 295 1178 1352 1264; baseline 0.005 -28"><span class='ocrx_word' id='word_1_55' title='bbox 295 1178 400 1240; x_wconf 92' lang='lat' dir='ltr'>ultimo</span> <span class='ocrx_word' id='word_1_56' title='bbox 420 1190 515 1242; x_wconf 89' lang='lat' dir='ltr'>tamen</span> <span class='ocrx_word' id='word_1_57' title='bbox 531 1180 566 1240; x_wconf 88' lang='lat' dir='ltr'>D.</span> <span class='ocrx_word' id='word_1_58' title='bbox 586 1181 675 1261; x_wconf 89' lang='lat' dir='ltr'>llugo</span> <span class='ocrx_word' id='word_1_59' title='bbox 692 1183 727 1244; x_wconf 93' lang='lat' dir='ltr'>de</span> <span class='ocrx_word' id='word_1_60' title='bbox 748 1184 880 1258; x_wconf 82' lang='lat' dir='ltr'>Denciis,</span> <span class='ocrx_word' id='word_1_61' title='bbox 896 1185 945 1263; x_wconf 87' lang='lat' dir='ltr'>qui</span> <span class='ocrx_word' id='word_1_62' title='bbox 967 1184 1086 1264; x_wconf 84' lang='lat' dir='ltr'>Episto·</span> <span class='ocrx_word' id='word_1_63' title='bbox 1151 1185 1352 1262; x_wconf 89' lang='lat' dir='ltr'>praesentium.</span> 
     </span>
    </p>

    <p class='ocr_par' dir='ltr' id='par_1_3' title="bbox 297 1278 1951 1465">
     <span class='ocr_line' id='line_1_7' title="bbox 298 1278 1951 1365; baseline 0.002 -28"><span class='ocrx_word' id='word_1_64' title='bbox 298 1278 356 1340; x_wconf 89' lang='lat' dir='ltr'>lam</span> <span class='ocrx_word' id='word_1_65' title='bbox 378 1281 512 1342; x_wconf 88' lang='lat' dir='ltr'>dicturus</span> <span class='ocrx_word' id='word_1_66' title='bbox 532 1292 606 1356; x_wconf 89' lang='lat' dir='ltr'>erat,</span> <span class='ocrx_word' id='word_1_67' title='bbox 626 1283 738 1363; x_wconf 89' lang='lat' dir='ltr'>accepit</span> <span class='ocrx_word' id='word_1_68' title='bbox 758 1284 908 1357; x_wconf 89' lang='lat' dir='ltr'>amictum,</span> <span class='ocrx_word' id='word_1_69' title='bbox 930 1284 1037 1357; x_wconf 88' lang='lat' dir='ltr'>albara,</span> <span class='ocrx_word' id='word_1_70' title='bbox 1058 1295 1087 1345; x_wconf 93' lang='lat' dir='ltr'>et</span> <span class='ocrx_word' id='word_1_71' title='bbox 1147 1297 1149 1301; x_wconf 83' lang='lat'>&#39;</span> <span class='ocrx_word' id='word_1_72' title='bbox 1195 1283 1662 1365; x_wconf 58' lang='lat' dir='ltr'>decenti—ClericiGamerae.</span> <span class='ocrx_word' id='word_1_73' title='bbox 1676 1281 1901 1341; x_wconf 69' lang='lat' dir='ltr'>-todttores</span> <span class='ocrx_word' id='word_1_74' title='bbox 1915 1312 1951 1325; x_wconf 93' lang='lat'>—·</span> 
     </span>
     <span class='ocr_line' id='line_1_8' title="bbox 297 1366 1951 1465; baseline 0.002 -28"><span class='ocrx_word' id='word_1_75' title='bbox 297 1380 461 1459; x_wconf 81' lang='lat' dir='ltr'>cingulum,</span> <span class='ocrx_word' id='word_1_76' title='bbox 480 1380 636 1442; x_wconf 72' lang='lat' dir='ltr'>Auditores</span> <span class='ocrx_word' id='word_1_77' title='bbox 655 1381 756 1457; x_wconf 85' lang='lat' dir='ltr'>Rotae,</span> <span class='ocrx_word' id='word_1_78' title='bbox 775 1383 883 1445; x_wconf 78' lang='lat' dir='ltr'>Clerici</span> <span class='ocrx_word' id='word_1_79' title='bbox 902 1383 1043 1446; x_wconf 76' lang='lat' dir='ltr'><strong>Gamerae</strong></span> <span class='ocrx_word' id='word_1_80' title='bbox 1058 1395 1088 1446; x_wconf 86' lang='lat' dir='ltr'>et</span> <span class='ocrx_word' id='word_1_81' title='bbox 1110 1366 1113 1373; x_wconf 36' lang='lat'>⁵</span> <span class='ocrx_word' id='word_1_82' title='bbox 1151 1386 1310 1465; x_wconf 74' lang='lat' dir='ltr'>Accolytus</span> <span class='ocrx_word' id='word_1_83' title='bbox 1328 1401 1395 1443; x_wconf 91' lang='lat' dir='ltr'>cum</span> <span class='ocrx_word' id='word_1_84' title='bbox 1419 1383 1570 1444; x_wconf 78' lang='lat' dir='ltr'>tlruribulo</span> <span class='ocrx_word' id='word_1_85' title='bbox 1590 1393 1618 1444; x_wconf 94' lang='lat' dir='ltr'>et</span> <span class='ocrx_word' id='word_1_86' title='bbox 1641 1382 1796 1442; x_wconf 89' lang='lat' dir='ltr'>naricella.</span> <span class='ocrx_word' id='word_1_87' title='bbox 1819 1414 1865 1427; x_wconf 89' lang='lat'>--</span> <span class='ocrx_word' id='word_1_88' title='bbox 1887 1379 1951 1440; x_wconf 87' lang='lat' dir='ltr'>Duo</span> 
     </span>
    </p>
   </div>
   <div class='ocr_carea' id='block_1_3' title="bbox 295 1479 1953 3774">
    <p class='ocr_par' dir='ltr' id='par_1_4' title="bbox 295 1479 1953 3774">
     <span class='ocr_line' id='line_1_9' title="bbox 300 1479 1951 1565; baseline 0.004 -28"><span class='ocrx_word' id='word_1_89' title='bbox 300 1480 424 1559; x_wconf 72' lang='lat' dir='ltr'>accolyti</span> <span class='ocrx_word' id='word_1_90' title='bbox 450 1482 649 1561; x_wconf 87' lang='lat' dir='ltr'>superpellicia</span> <span class='ocrx_word' id='word_1_91' title='bbox 680 1500 768 1562; x_wconf 87' lang='lat' dir='ltr'>snper</span> <span class='ocrx_word' id='word_1_92' title='bbox 790 1483 939 1545; x_wconf 75' lang='lat' dir='ltr'>rocbetosz</span> <span class='ocrx_word' id='word_1_93' title='bbox 960 1496 1089 1546; x_wconf 87' lang='lat' dir='ltr'>secreta·</span> <span class='ocrx_word' id='word_1_94' title='bbox 1152 1485 1277 1565; x_wconf 81' lang='lat' dir='ltr'>accolyti</span> <span class='ocrx_word' id='word_1_95' title='bbox 1292 1484 1470 1546; x_wconf 77' lang='lat' dir='ltr'>ceroferarii.</span> <span class='ocrx_word' id='word_1_96' title='bbox 1487 1519 1526 1532; x_wconf 91' lang='grc'><strong>-</strong></span> <span class='ocrx_word' id='word_1_97' title='bbox 1549 1481 1750 1543; x_wconf 87' lang='lat' dir='ltr'>Subdiaconus</span> <span class='ocrx_word' id='word_1_98' title='bbox 1765 1497 1837 1542; x_wconf 89' lang='lat' dir='ltr'>cum</span> <span class='ocrx_word' id='word_1_99' title='bbox 1855 1479 1951 1543; x_wconf 72' lang='lat' dir='ltr'>enee</span> 
     </span>
     <span class='ocr_line' id='line_1_10' title="bbox 299 1578 1951 1665; baseline 0 -25"><span class='ocrx_word' id='word_1_100' title='bbox 299 1578 335 1640; x_wconf 89' lang='lat' dir='ltr'>rii</span> <span class='ocrx_word' id='word_1_101' title='bbox 354 1599 446 1654; x_wconf 85' lang='lat' dir='ltr'>vero,</span> <span class='ocrx_word' id='word_1_102' title='bbox 463 1591 492 1642; x_wconf 89' lang='lat' dir='ltr'>et</span> <span class='ocrx_word' id='word_1_103' title='bbox 515 1581 647 1644; x_wconf 84' lang='lat' dir='ltr'>advocati</span> <span class='ocrx_word' id='word_1_104' title='bbox 666 1583 803 1662; x_wconf 71' lang='lat' dir='ltr'>pluvialia</span> <span class='ocrx_word' id='word_1_105' title='bbox 822 1584 887 1644; x_wconf 88' lang='lat' dir='ltr'>alba</span> <span class='ocrx_word' id='word_1_106' title='bbox 915 1603 1005 1665; x_wconf 89' lang='lat' dir='ltr'>supra</span> <span class='ocrx_word' id='word_1_107' title='bbox 1033 1604 1088 1645; x_wconf 84' lang='lat' dir='ltr'>ve·</span> <span class='ocrx_word' id='word_1_108' title='bbox 1151 1595 1181 1644; x_wconf 90' lang='lat' dir='ltr'>et</span> <span class='ocrx_word' id='word_1_109' title='bbox 1201 1603 1300 1645; x_wconf 87' lang='lat' dir='ltr'>omnes</span> <span class='ocrx_word' id='word_1_110' title='bbox 1321 1585 1450 1664; x_wconf 85' lang='lat' dir='ltr'>collegae</span> <span class='ocrx_word' id='word_1_111' title='bbox 1468 1584 1513 1644; x_wconf 92' lang='lat' dir='ltr'>sai</span> <span class='ocrx_word' id='word_1_112' title='bbox 1532 1585 1611 1644; x_wconf 87' lang='lat' dir='ltr'>circe</span> <span class='ocrx_word' id='word_1_113' title='bbox 1632 1598 1760 1643; x_wconf 85' lang='lat' dir='ltr'>eum-</span> <span class='ocrx_word' id='word_1_114' title='bbox 1787 1580 1860 1641; x_wconf 92' lang='lat' dir='ltr'>Duo</span> <span class='ocrx_word' id='word_1_115' title='bbox 1881 1580 1951 1641; x_wconf 88' lang='lat' dir='ltr'>sub-</span> 
     </span>
     <span class='ocr_line' id='line_1_11' title="bbox 296 1680 1952 1766; baseline 0.001 -27"><span class='ocrx_word' id='word_1_116' title='bbox 296 1691 353 1741; x_wconf 90' lang='lat' dir='ltr'>stes</span> <span class='ocrx_word' id='word_1_117' title='bbox 373 1698 440 1741; x_wconf 88' lang='lat' dir='ltr'>suas</span> <span class='ocrx_word' id='word_1_118' title='bbox 461 1699 627 1744; x_wconf 88' lang='lat' dir='ltr'>communes</span> <span class='ocrx_word' id='word_1_119' title='bbox 641 1684 829 1764; x_wconf 88' lang='lat' dir='ltr'>accipiebant,</span> <span class='ocrx_word' id='word_1_120' title='bbox 851 1685 1087 1766; x_wconf 89' lang='lat' dir='ltr'>aperturasplu·</span> <span class='ocrx_word' id='word_1_121' title='bbox 1152 1683 1264 1746; x_wconf 90' lang='lat' dir='ltr'>diaconi</span> <span class='ocrx_word' id='word_1_122' title='bbox 1285 1684 1430 1766; x_wconf 74' lang='lat' dir='ltr'>Epistulas</span> <span class='ocrx_word' id='word_1_123' title='bbox 1451 1684 1557 1746; x_wconf 90' lang='lat' dir='ltr'>lecturi</span> <span class='ocrx_word' id='word_1_124' title='bbox 1575 1701 1643 1745; x_wconf 91' lang='lat' dir='ltr'>cum</span> <span class='ocrx_word' id='word_1_125' title='bbox 1663 1682 1745 1743; x_wconf 87' lang='lat' dir='ltr'>libris</span> <span class='ocrx_word' id='word_1_126' title='bbox 1765 1680 1952 1760; x_wconf 82' lang='lat' dir='ltr'>Evangelio·</span> 
     </span>
     <span class='ocr_line' id='line_1_12' title="bbox 299 1780 1952 1865; baseline 0.002 -26"><span class='ocrx_word' id='word_1_127' title='bbox 299 1780 419 1841; x_wconf 83' lang='lat' dir='ltr'>sialium</span> <span class='ocrx_word' id='word_1_128' title='bbox 440 1800 529 1861; x_wconf 90' lang='lat' dir='ltr'>super</span> <span class='ocrx_word' id='word_1_129' title='bbox 550 1783 679 1844; x_wconf 86' lang='lat' dir='ltr'>humeris</span> <span class='ocrx_word' id='word_1_130' title='bbox 699 1784 807 1845; x_wconf 76' lang='lat' dir='ltr'>dextris</span> <span class='ocrx_word' id='word_1_131' title='bbox 828 1784 963 1847; x_wconf 89' lang='lat' dir='ltr'>babentes</span> <span class='ocrx_word' id='word_1_132' title='bbox 968 1807 979 1858; x_wconf 85' lang='lat'>3</span> <span class='ocrx_word' id='word_1_133' title='bbox 1001 1784 1088 1845; x_wconf 90' lang='lat' dir='ltr'>cubi·</span> <span class='ocrx_word' id='word_1_134' title='bbox 1136 1803 1221 1845; x_wconf 79' lang='lat' dir='ltr'>rum</span> <span class='ocrx_word' id='word_1_135' title='bbox 1236 1796 1300 1846; x_wconf 90' lang='lat' dir='ltr'>ante</span> <span class='ocrx_word' id='word_1_136' title='bbox 1312 1795 1421 1865; x_wconf 87' lang='lat' dir='ltr'>pectus.</span> <span class='ocrx_word' id='word_1_137' title='bbox 1436 1817 1473 1831; x_wconf 90' lang='lat'><em>-</em></span> <span class='ocrx_word' id='word_1_138' title='bbox 1486 1783 1632 1844; x_wconf 87' lang='lat' dir='ltr'>Diaconos</span> <span class='ocrx_word' id='word_1_139' title='bbox 1646 1780 1846 1861; x_wconf 81' lang='lat' dir='ltr'>Evangelium</span> <span class='ocrx_word' id='word_1_140' title='bbox 1862 1797 1952 1859; x_wconf 84' lang='lat' dir='ltr'>grae·</span> 
     </span>
     <span class='ocr_line' id='line_1_13' title="bbox 297 1880 1951 1964; baseline -0.002 -22"><span class='ocrx_word' id='word_1_141' title='bbox 297 1884 423 1957; x_wconf 82' lang='lat' dir='ltr'>cuias-ii,</span> <span class='ocrx_word' id='word_1_142' title='bbox 441 1883 571 1944; x_wconf 76' lang='lat' dir='ltr'>scutiferi</span> <span class='ocrx_word' id='word_1_143' title='bbox 602 1883 696 1964; x_wconf 82' lang='lat' dir='ltr'>Papae</span> <span class='ocrx_word' id='word_1_144' title='bbox 721 1896 750 1947; x_wconf 90' lang='lat' dir='ltr'>et</span> <span class='ocrx_word' id='word_1_145' title='bbox 781 1885 831 1946; x_wconf 89' lang='lat' dir='ltr'>alii</span> <span class='ocrx_word' id='word_1_146' title='bbox 862 1885 1029 1947; x_wconf 89' lang='lat' dir='ltr'>incedebant</span> <span class='ocrx_word' id='word_1_147' title='bbox 1058 1885 1086 1944; x_wconf 92' lang='lat' dir='ltr'>in</span> <span class='ocrx_word' id='word_1_148' title='bbox 1152 1903 1220 1945; x_wconf 90' lang='lat' dir='ltr'>cum</span> <span class='ocrx_word' id='word_1_149' title='bbox 1236 1886 1378 1946; x_wconf 89' lang='lat' dir='ltr'>dicturus.</span> <span class='ocrx_word' id='word_1_150' title='bbox 1395 1918 1434 1931; x_wconf 92' lang='lat'>-</span> <span class='ocrx_word' id='word_1_151' title='bbox 1449 1884 1572 1945; x_wconf 76' lang='lat' dir='ltr'>abbates</span> <span class='ocrx_word' id='word_1_152' title='bbox 1587 1882 1725 1945; x_wconf 75' lang='lat' dir='ltr'>iurasses</span> <span class='ocrx_word' id='word_1_153' title='bbox 1741 1880 1951 1961; x_wconf 86' lang='lat' dir='ltr'>-Episcop&#39;c</span> 
     </span>
     <span class='ocr_line' id='line_1_14' title="bbox 297 1980 1952 2068; baseline 0.001 -27"><span class='ocrx_word' id='word_1_154' title='bbox 297 1982 399 2043; x_wconf 88' lang='lat' dir='ltr'>babitu</span> <span class='ocrx_word' id='word_1_155' title='bbox 420 2002 473 2044; x_wconf 89' lang='lat' dir='ltr'>suo</span> <span class='ocrx_word' id='word_1_156' title='bbox 495 1995 641 2046; x_wconf 91' lang='lat' dir='ltr'>consueto.</span> <span class='ocrx_word' id='word_1_157' title='bbox 1151 2021 1193 2031; x_wconf 94' lang='lat'>—</span> <span class='ocrx_word' id='word_1_158' title='bbox 1214 1986 1441 2068; x_wconf 76' lang='lat' dir='ltr'>Arcbieplscopi.</span> <span class='ocrx_word' id='word_1_159' title='bbox 1463 2020 1502 2033; x_wconf 89' lang='lat'><em>-</em></span> <span class='ocrx_word' id='word_1_160' title='bbox 1524 1985 1661 2065; x_wconf 79' lang='lat' dir='ltr'>Episcopi</span> <span class='ocrx_word' id='word_1_161' title='bbox 1678 1995 1707 2046; x_wconf 90' lang='lat' dir='ltr'>et</span> <span class='ocrx_word' id='word_1_162' title='bbox 1735 1980 1952 2062; x_wconf 83' lang='lat' dir='ltr'>archiepiscopi</span> 
     </span>
     <span class='ocr_line' id='line_1_15' title="bbox 338 2080 1953 2163; baseline -0.001 -19"><span class='ocrx_word' id='word_1_163' title='bbox 338 2080 481 2144; x_wconf 83' lang='lat' dir='ltr'>Omnibus</span> <span class='ocrx_word' id='word_1_164' title='bbox 502 2084 611 2163; x_wconf 90' lang='lat' dir='ltr'>paratis</span> <span class='ocrx_word' id='word_1_165' title='bbox 631 2086 811 2147; x_wconf 83' lang='lat' dir='ltr'>ministrante</span> <span class='ocrx_word' id='word_1_166' title='bbox 830 2086 867 2145; x_wconf 86' lang='lat' dir='ltr'>ll.</span> <span class='ocrx_word' id='word_1_167' title='bbox 889 2086 925 2145; x_wconf 88' lang='lat' dir='ltr'>D.</span> <span class='ocrx_word' id='word_1_168' title='bbox 946 2087 1087 2147; x_wconf 79' lang='lat' dir='ltr'>Vlcecan·</span> <span class='ocrx_word' id='word_1_169' title='bbox 1152 2086 1305 2150; x_wconf 85' lang='lat' dir='ltr'>Oratores.</span> <span class='ocrx_word' id='word_1_170' title='bbox 1324 2123 1361 2137; x_wconf 89' lang='lat'><em>-</em></span> <span class='ocrx_word' id='word_1_171' title='bbox 1377 2087 1501 2148; x_wconf 80' lang='lat' dir='ltr'>Abbates</span> <span class='ocrx_word' id='word_1_172' title='bbox 1514 2086 1611 2149; x_wconf 82' lang='lat' dir='ltr'>Urbis.</span> <span class='ocrx_word' id='word_1_173' title='bbox 1630 2115 1670 2129; x_wconf 85' lang='lat'>-·</span> <span class='ocrx_word' id='word_1_174' title='bbox 1688 2081 1899 2143; x_wconf 85' lang='lat' dir='ltr'>Patrisrebae.</span> <span class='ocrx_word' id='word_1_175' title='bbox 1916 2117 1953 2129; x_wconf 89' lang='lat'><em>-</em></span> 
     </span>
     <span class='ocr_line' id='line_1_16' title="bbox 296 2180 1952 2266; baseline 0 -24"><span class='ocrx_word' id='word_1_176' title='bbox 296 2182 427 2256; x_wconf 88' lang='lat' dir='ltr'>cellario,</span> <span class='ocrx_word' id='word_1_177' title='bbox 448 2185 601 2247; x_wconf 80' lang='lat' dir='ltr'>naviculae</span> <span class='ocrx_word' id='word_1_178' title='bbox 615 2184 694 2265; x_wconf 83' lang='lat' dir='ltr'>Papo</span> <span class='ocrx_word' id='word_1_179' title='bbox 713 2186 848 2266; x_wconf 85' lang='lat' dir='ltr'>imposuit</span> <span class='ocrx_word' id='word_1_180' title='bbox 871 2188 1017 2248; x_wconf 88' lang='lat' dir='ltr'>incensum</span> <span class='ocrx_word' id='word_1_181' title='bbox 1033 2205 1088 2266; x_wconf 90' lang='lat' dir='ltr'>pro</span> <span class='ocrx_word' id='word_1_182' title='bbox 1151 2188 1270 2250; x_wconf 90' lang='lat' dir='ltr'>Diaconi</span> <span class='ocrx_word' id='word_1_183' title='bbox 1286 2188 1461 2250; x_wconf 86' lang='lat' dir='ltr'>Curdlnales.</span> <span class='ocrx_word' id='word_1_184' title='bbox 1478 2219 1517 2232; x_wconf 89' lang='lat'><em>-</em></span> <span class='ocrx_word' id='word_1_185' title='bbox 1533 2183 1701 2265; x_wconf 69' lang='lat' dir='ltr'>Presbyteri</span> <span class='ocrx_word' id='word_1_186' title='bbox 1715 2180 1903 2243; x_wconf 85' lang='lat' dir='ltr'>cardinales.</span> <span class='ocrx_word' id='word_1_187' title='bbox 1917 2215 1952 2228; x_wconf 90' lang='lat'><em>—</em></span> 
     </span>
     <span class='ocr_line' id='line_1_17' title="bbox 295 2280 1951 2370; baseline 0 -29"><span class='ocrx_word' id='word_1_188' title='bbox 295 2282 488 2360; x_wconf 81' lang='lat' dir='ltr'>processione,</span> <span class='ocrx_word' id='word_1_189' title='bbox 509 2295 543 2343; x_wconf 88' lang='lat' dir='ltr'>ut</span> <span class='ocrx_word' id='word_1_190' title='bbox 562 2284 653 2345; x_wconf 90' lang='lat' dir='ltr'>moris</span> <span class='ocrx_word' id='word_1_191' title='bbox 673 2296 726 2347; x_wconf 88' lang='lat' dir='ltr'>est.</span> <span class='ocrx_word' id='word_1_192' title='bbox 1151 2288 1291 2370; x_wconf 80' lang='lat' dir='ltr'>Episcopi</span> <span class='ocrx_word' id='word_1_193' title='bbox 1315 2287 1491 2349; x_wconf 87' lang='lat' dir='ltr'>Cardinales.</span> <span class='ocrx_word' id='word_1_194' title='bbox 1513 2322 1550 2332; x_wconf 88' lang='lat'>--</span> <span class='ocrx_word' id='word_1_195' title='bbox 1573 2285 1718 2346; x_wconf 85' lang='lat' dir='ltr'>Diaconos</span> <span class='ocrx_word' id='word_1_196' title='bbox 1747 2280 1951 2361; x_wconf 75' lang='lat' dir='ltr'>Euangeliou</span> 
     </span>
     <span class='ocr_line' id='line_1_18' title="bbox 340 2380 1949 2468; baseline 0.001 -27"><span class='ocrx_word' id='word_1_197' title='bbox 340 2381 416 2441; x_wconf 87' lang='lat' dir='ltr'>Tum</span> <span class='ocrx_word' id='word_1_198' title='bbox 439 2380 475 2442; x_wconf 85' lang='lat' dir='ltr'>R.</span> <span class='ocrx_word' id='word_1_199' title='bbox 503 2383 643 2444; x_wconf 87' lang='lat' dir='ltr'>Dominus</span> <span class='ocrx_word' id='word_1_200' title='bbox 664 2383 825 2447; x_wconf 86' lang='lat' dir='ltr'>Cardinalis</span> <span class='ocrx_word' id='word_1_201' title='bbox 856 2387 988 2448; x_wconf 82' lang='lat' dir='ltr'>Senensis</span> <span class='ocrx_word' id='word_1_202' title='bbox 1006 2388 1087 2468; x_wconf 93' lang='lat' dir='ltr'>prior</span> <span class='ocrx_word' id='word_1_203' title='bbox 1152 2392 1179 2451; x_wconf 95' lang='lat' dir='ltr'>ln</span> <span class='ocrx_word' id='word_1_204' title='bbox 1208 2391 1298 2451; x_wconf 91' lang='lat' dir='ltr'>latino</span> <span class='ocrx_word' id='word_1_205' title='bbox 1324 2389 1467 2449; x_wconf 88' lang='lat' dir='ltr'>dicturus.</span> <span class='ocrx_word' id='word_1_206' title='bbox 1499 2418 1537 2432; x_wconf 91' lang='lat'><em>-</em></span> <span class='ocrx_word' id='word_1_207' title='bbox 1564 2386 1631 2448; x_wconf 92' lang='lat' dir='ltr'>Duo</span> <span class='ocrx_word' id='word_1_208' title='bbox 1657 2383 1764 2447; x_wconf 87' lang='lat' dir='ltr'>Clerici</span> <span class='ocrx_word' id='word_1_209' title='bbox 1796 2384 1949 2443; x_wconf 85' lang='lat' dir='ltr'>caerimo-</span> 
     </span>
     <span class='ocr_line' id='line_1_19' title="bbox 299 2480 1281 2565; baseline 0.012 -25"><span class='ocrx_word' id='word_1_210' title='bbox 299 2480 513 2555; x_wconf 82' lang='lat' dir='ltr'>Diaconorum,</span> <span class='ocrx_word' id='word_1_211' title='bbox 535 2496 653 2565; x_wconf 87' lang='lat' dir='ltr'>accepta</span> <span class='ocrx_word' id='word_1_212' title='bbox 678 2486 789 2562; x_wconf 81' lang='lat' dir='ltr'>lerule,</span> <span class='ocrx_word' id='word_1_213' title='bbox 810 2490 872 2549; x_wconf 80' lang='lat' dir='ltr'>sive</span> <span class='ocrx_word' id='word_1_214' title='bbox 895 2489 999 2549; x_wconf 92' lang='lat' dir='ltr'>baculo</span> <span class='ocrx_word' id='word_1_215' title='bbox 1021 2488 1087 2551; x_wconf 90' lang='lat' dir='ltr'>albo</span> <span class='ocrx_word' id='word_1_216' title='bbox 1152 2493 1281 2553; x_wconf 85' lang='lat' dir='ltr'>nicrum.</span> 
     </span>
     <span class='ocr_line' id='line_1_20' title="bbox 299 2580 1951 2672; baseline 0.002 -33"><span class='ocrx_word' id='word_1_217' title='bbox 299 2580 486 2661; x_wconf 74' lang='lat' dir='ltr'>longitudinis</span> <span class='ocrx_word' id='word_1_218' title='bbox 497 2584 662 2663; x_wconf 89' lang='lat' dir='ltr'>palmorum</span> <span class='ocrx_word' id='word_1_219' title='bbox 675 2599 815 2665; x_wconf 84' lang='lat' dir='ltr'>quatuor,</span> <span class='ocrx_word' id='word_1_220' title='bbox 834 2590 879 2651; x_wconf 85' lang='lat' dir='ltr'>rel</span> <span class='ocrx_word' id='word_1_221' title='bbox 898 2590 988 2662; x_wconf 93' lang='lat' dir='ltr'>circa,</span> <span class='ocrx_word' id='word_1_222' title='bbox 1002 2590 1087 2651; x_wconf 90' lang='lat' dir='ltr'>ordi-</span> <span class='ocrx_word' id='word_1_223' title='bbox 1195 2592 1261 2672; x_wconf 89' lang='lat' dir='ltr'>Ego</span> <span class='ocrx_word' id='word_1_224' title='bbox 1284 2610 1371 2652; x_wconf 89' lang='lat' dir='ltr'>unam</span> <span class='ocrx_word' id='word_1_225' title='bbox 1393 2608 1513 2652; x_wconf 87' lang='lat' dir='ltr'>cannam</span> <span class='ocrx_word' id='word_1_226' title='bbox 1532 2608 1588 2669; x_wconf 91' lang='lat' dir='ltr'>pro</span> <span class='ocrx_word' id='word_1_227' title='bbox 1605 2600 1722 2668; x_wconf 86' lang='lat' dir='ltr'>stuppa,</span> <span class='ocrx_word' id='word_1_228' title='bbox 1741 2595 1772 2646; x_wconf 87' lang='lat' dir='ltr'>ct</span> <span class='ocrx_word' id='word_1_229' title='bbox 1793 2583 1841 2645; x_wconf 77' lang='lat' dir='ltr'>lo.</span> <span class='ocrx_word' id='word_1_230' title='bbox 1860 2583 1951 2646; x_wconf 77' lang='lat' dir='ltr'>Maris</span> 
     </span>
     <span class='ocr_line' id='line_1_21' title="bbox 300 2682 1950 2771; baseline 0.012 -31"><span class='ocrx_word' id='word_1_231' title='bbox 300 2682 379 2743; x_wconf 78' lang='lat' dir='ltr'>uerit</span> <span class='ocrx_word' id='word_1_232' title='bbox 410 2684 621 2764; x_wconf 86' lang='lat' dir='ltr'>processionem</span> <span class='ocrx_word' id='word_1_233' title='bbox 651 2686 686 2748; x_wconf 92' lang='lat' dir='ltr'>de</span> <span class='ocrx_word' id='word_1_234' title='bbox 712 2690 841 2769; x_wconf 88' lang='lat' dir='ltr'>cappella</span> <span class='ocrx_word' id='word_1_235' title='bbox 873 2691 1020 2769; x_wconf 86' lang='lat' dir='ltr'>praedicta</span> <span class='ocrx_word' id='word_1_236' title='bbox 1050 2691 1087 2750; x_wconf 93' lang='lat' dir='ltr'>ad</span> <span class='ocrx_word' id='word_1_237' title='bbox 1153 2692 1241 2753; x_wconf 89' lang='lat' dir='ltr'>aliam</span> <span class='ocrx_word' id='word_1_238' title='bbox 1258 2712 1325 2752; x_wconf 89' lang='lat' dir='ltr'>cum</span> <span class='ocrx_word' id='word_1_239' title='bbox 1347 2691 1465 2752; x_wconf 89' lang='lat' dir='ltr'>candela</span> <span class='ocrx_word' id='word_1_240' title='bbox 1487 2685 1870 2771; x_wconf 64' lang='lat' dir='ltr'>portantes-waswb</span> <span class='ocrx_word' id='word_1_241' title='bbox 1887 2685 1950 2745; x_wconf 67' lang='grc' dir='ltr'>Μ·</span> 
     </span>
     <span class='ocr_line' id='line_1_22' title="bbox 298 2786 1949 2870; baseline 0.001 -28"><span class='ocrx_word' id='word_1_242' title='bbox 298 2786 392 2847; x_wconf 88' lang='lat' dir='ltr'>altore</span> <span class='ocrx_word' id='word_1_243' title='bbox 421 2786 532 2865; x_wconf 88' lang='lat' dir='ltr'>majus,</span> <span class='ocrx_word' id='word_1_244' title='bbox 558 2804 617 2865; x_wconf 87' lang='lat' dir='ltr'>quo</span> <span class='ocrx_word' id='word_1_245' title='bbox 637 2788 743 2849; x_wconf 82' lang='lat' dir='ltr'>ivimus</span> <span class='ocrx_word' id='word_1_246' title='bbox 767 2808 818 2869; x_wconf 90' lang='lat' dir='ltr'>per</span> <span class='ocrx_word' id='word_1_247' title='bbox 847 2807 950 2851; x_wconf 85' lang='lat' dir='ltr'>navem</span> <span class='ocrx_word' id='word_1_248' title='bbox 973 2808 1086 2850; x_wconf 87' lang='lat' dir='ltr'>sacram</span> <span class='ocrx_word' id='word_1_249' title='bbox 1153 2791 1311 2865; x_wconf 89' lang='lat' dir='ltr'>dacebino,</span> <span class='ocrx_word' id='word_1_250' title='bbox 1331 2792 1408 2870; x_wconf 85' lang='lat' dir='ltr'>quod</span> <span class='ocrx_word' id='word_1_251' title='bbox 1436 2790 1592 2852; x_wconf 87' lang='lat' dir='ltr'>nobiliores</span> <span class='ocrx_word' id='word_1_252' title='bbox 1625 2789 1690 2851; x_wconf 86' lang='lat' dir='ltr'>laici</span> <span class='ocrx_word' id='word_1_253' title='bbox 1724 2786 1817 2850; x_wconf 90' lang='lat' dir='ltr'>Urbis</span> <span class='ocrx_word' id='word_1_254' title='bbox 1838 2797 1949 2866; x_wconf 82' lang='lat' dir='ltr'>ports-</span> 
     </span>
     <span class='ocr_line' id='line_1_23' title="bbox 299 2885 1948 2971; baseline 0 -27"><span class='ocrx_word' id='word_1_255' title='bbox 299 2903 374 2962; x_wconf 88' lang='lat' dir='ltr'>quae</span> <span class='ocrx_word' id='word_1_256' title='bbox 394 2886 534 2947; x_wconf 84' lang='lat' dir='ltr'>Vaticana</span> <span class='ocrx_word' id='word_1_257' title='bbox 554 2885 664 2948; x_wconf 90' lang='lat' dir='ltr'>dicitur</span> <span class='ocrx_word' id='word_1_258' title='bbox 683 2888 775 2950; x_wconf 92' lang='lat' dir='ltr'>dictae</span> <span class='ocrx_word' id='word_1_259' title='bbox 794 2889 953 2971; x_wconf 83' lang='lat' dir='ltr'>cappellae,</span> <span class='ocrx_word' id='word_1_260' title='bbox 967 2903 996 2953; x_wconf 92' lang='lat' dir='ltr'>et</span> <span class='ocrx_word' id='word_1_261' title='bbox 1018 2910 1086 2954; x_wconf 90' lang='lat' dir='ltr'>cum</span> <span class='ocrx_word' id='word_1_262' title='bbox 1152 2891 1237 2963; x_wconf 89' lang='lat' dir='ltr'>bant,</span> <span class='ocrx_word' id='word_1_263' title='bbox 1259 2893 1333 2952; x_wconf 92' lang='lat' dir='ltr'>inter</span> <span class='ocrx_word' id='word_1_264' title='bbox 1355 2890 1429 2950; x_wconf 91' lang='lat' dir='ltr'>duos</span> <span class='ocrx_word' id='word_1_265' title='bbox 1455 2889 1601 2951; x_wconf 87' lang='lat' dir='ltr'>Diaconos</span> <span class='ocrx_word' id='word_1_266' title='bbox 1635 2888 1799 2949; x_wconf 87' lang='lat' dir='ltr'>assistentes</span> <span class='ocrx_word' id='word_1_267' title='bbox 1820 2886 1948 2947; x_wconf 84' lang='lat' dir='ltr'>aurilri·</span> 
     </span>
     <span class='ocr_line' id='line_1_24' title="bbox 297 2986 1950 3072; baseline 0 -27"><span class='ocrx_word' id='word_1_268' title='bbox 297 2986 526 3063; x_wconf 79' lang='lat' dir='ltr'>pervenissemus</span> <span class='ocrx_word' id='word_1_269' title='bbox 546 2987 585 3045; x_wconf 89' lang='lat' dir='ltr'>ad</span> <span class='ocrx_word' id='word_1_270' title='bbox 604 3006 708 3049; x_wconf 85' lang='lat' dir='ltr'>navem</span> <span class='ocrx_word' id='word_1_271' title='bbox 726 2991 959 3064; x_wconf 79' lang='lat' dir='ltr'>transversalem,</span> <span class='ocrx_word' id='word_1_272' title='bbox 981 2992 1087 3054; x_wconf 88' lang='lat' dir='ltr'>ivimus</span> <span class='ocrx_word' id='word_1_273' title='bbox 1152 2993 1267 3071; x_wconf 83' lang='lat' dir='ltr'>gerium</span> <span class='ocrx_word' id='word_1_274' title='bbox 1286 2992 1422 3072; x_wconf 77' lang='lat' dir='ltr'>pluvialis</span> <span class='ocrx_word' id='word_1_275' title='bbox 1432 2990 1500 3052; x_wconf 92' lang='lat' dir='ltr'>binc</span> <span class='ocrx_word' id='word_1_276' title='bbox 1514 3002 1546 3052; x_wconf 94' lang='lat' dir='ltr'>et</span> <span class='ocrx_word' id='word_1_277' title='bbox 1560 2989 1623 3050; x_wconf 87' lang='lat' dir='ltr'>inde</span> <span class='ocrx_word' id='word_1_278' title='bbox 1638 2998 1797 3070; x_wconf 83' lang='lat' dir='ltr'>portantes,</span> <span class='ocrx_word' id='word_1_279' title='bbox 1808 2986 1950 3048; x_wconf 86' lang='lat' dir='ltr'>continuo</span> 
     </span>
     <span class='ocr_line' id='line_1_25' title="bbox 298 3083 1950 3173; baseline 0.001 -30"><span class='ocrx_word' id='word_1_280' title='bbox 298 3084 334 3143; x_wconf 90' lang='lat' dir='ltr'>ad</span> <span class='ocrx_word' id='word_1_281' title='bbox 349 3083 496 3145; x_wconf 86' lang='lat' dir='ltr'>dexteram</span> <span class='ocrx_word' id='word_1_282' title='bbox 517 3104 608 3164; x_wconf 88' lang='lat' dir='ltr'>usque</span> <span class='ocrx_word' id='word_1_283' title='bbox 630 3108 731 3149; x_wconf 78' lang='lat' dir='ltr'>sersus</span> <span class='ocrx_word' id='word_1_284' title='bbox 752 3101 867 3169; x_wconf 89' lang='lat' dir='ltr'>portam</span> <span class='ocrx_word' id='word_1_285' title='bbox 888 3092 1086 3171; x_wconf 87' lang='lat' dir='ltr'>principalem,</span> <span class='ocrx_word' id='word_1_286' title='bbox 1153 3094 1262 3173; x_wconf 89' lang='lat' dir='ltr'>populo</span> <span class='ocrx_word' id='word_1_287' title='bbox 1275 3092 1452 3155; x_wconf 90' lang='lat' dir='ltr'>benedicens.</span> <span class='ocrx_word' id='word_1_288' title='bbox 1465 3125 1505 3138; x_wconf 90' lang='lat'><em>-</em></span> <span class='ocrx_word' id='word_1_289' title='bbox 1516 3090 1650 3153; x_wconf 90' lang='lat' dir='ltr'>Decanas</span> <span class='ocrx_word' id='word_1_290' title='bbox 1667 3088 1845 3149; x_wconf 76' lang='lat' dir='ltr'>Auditorum</span> <span class='ocrx_word' id='word_1_291' title='bbox 1859 3086 1950 3147; x_wconf 83' lang='lat' dir='ltr'>llatae</span> 
     </span>
     <span class='ocr_line' id='line_1_26' title="bbox 297 3184 1949 3271; baseline 0.001 -28"><span class='ocrx_word' id='word_1_292' title='bbox 297 3202 355 3261; x_wconf 77' lang='lat' dir='ltr'>qua</span> <span class='ocrx_word' id='word_1_293' title='bbox 383 3184 421 3244; x_wconf 85' lang='lat' dir='ltr'>ed</span> <span class='ocrx_word' id='word_1_294' title='bbox 444 3185 569 3246; x_wconf 87' lang='lat' dir='ltr'>chorum</span> <span class='ocrx_word' id='word_1_295' title='bbox 586 3189 688 3249; x_wconf 88' lang='lat' dir='ltr'>altaris</span> <span class='ocrx_word' id='word_1_296' title='bbox 709 3190 830 3271; x_wconf 80' lang='lat' dir='ltr'>majoris</span> <span class='ocrx_word' id='word_1_297' title='bbox 845 3191 936 3254; x_wconf 85' lang='lat' dir='ltr'>dictae</span> <span class='ocrx_word' id='word_1_298' title='bbox 954 3192 1087 3255; x_wconf 75' lang='lat' dir='ltr'>basilicae</span> <span class='ocrx_word' id='word_1_299' title='bbox 1155 3211 1223 3254; x_wconf 91' lang='lat' dir='ltr'>cum</span> <span class='ocrx_word' id='word_1_300' title='bbox 1245 3192 1356 3253; x_wconf 88' lang='lat' dir='ltr'>tobalea</span> <span class='ocrx_word' id='word_1_301' title='bbox 1374 3192 1413 3252; x_wconf 92' lang='lat' dir='ltr'>ad</span> <span class='ocrx_word' id='word_1_302' title='bbox 1433 3192 1543 3252; x_wconf 93' lang='lat' dir='ltr'>collum</span> <span class='ocrx_word' id='word_1_303' title='bbox 1563 3209 1618 3269; x_wconf 92' lang='lat' dir='ltr'>pro</span> <span class='ocrx_word' id='word_1_304' title='bbox 1644 3188 1742 3260; x_wconf 90' lang='lat' dir='ltr'>mitra,</span> <span class='ocrx_word' id='word_1_305' title='bbox 1769 3186 1889 3247; x_wconf 91' lang='lat' dir='ltr'>medius</span> <span class='ocrx_word' id='word_1_306' title='bbox 1905 3188 1949 3245; x_wconf 88' lang='lat' dir='ltr'>in-</span> 
     </span>
     <span class='ocr_line' id='line_1_27' title="bbox 295 3284 1947 3358; baseline 0.001 -15"><span class='ocrx_word' id='word_1_307' title='bbox 295 3284 460 3346; x_wconf 88' lang='lat' dir='ltr'>ascenditur</span> <span class='ocrx_word' id='word_1_308' title='bbox 482 3285 538 3347; x_wconf 89' lang='lat' dir='ltr'>boc</span> <span class='ocrx_word' id='word_1_309' title='bbox 559 3289 669 3349; x_wconf 89' lang='lat' dir='ltr'>ordine.</span> <span class='ocrx_word' id='word_1_310' title='bbox 1140 3302 1198 3354; x_wconf 89' lang='lat' dir='ltr'>·ter</span> <span class='ocrx_word' id='word_1_311' title='bbox 1219 3293 1291 3353; x_wconf 87' lang='lat' dir='ltr'>duos</span> <span class='ocrx_word' id='word_1_312' title='bbox 1313 3304 1440 3354; x_wconf 88' lang='lat' dir='ltr'>secretus</span> <span class='ocrx_word' id='word_1_313' title='bbox 1459 3289 1670 3358; x_wconf 80' lang='lat' dir='ltr'>cubicularios,</span> <span class='ocrx_word' id='word_1_314' title='bbox 1693 3287 1829 3349; x_wconf 85' lang='lat' dir='ltr'>videlicet</span> <span class='ocrx_word' id='word_1_315' title='bbox 1850 3286 1947 3346; x_wconf 91' lang='lat' dir='ltr'>domi·</span> 
     </span>
     <span class='ocr_line' id='line_1_28' title="bbox 338 3383 1947 3472; baseline 0.001 -28"><span class='ocrx_word' id='word_1_316' title='bbox 338 3383 562 3447; x_wconf 88' lang='lat' dir='ltr'>Praecesserunt</span> <span class='ocrx_word' id='word_1_317' title='bbox 583 3388 667 3467; x_wconf 90' lang='lat' dir='ltr'>primi</span> <span class='ocrx_word' id='word_1_318' title='bbox 689 3391 818 3452; x_wconf 91' lang='lat' dir='ltr'>scutileri</span> <span class='ocrx_word' id='word_1_319' title='bbox 843 3391 958 3472; x_wconf 87' lang='lat' dir='ltr'>Papae,</span> <span class='ocrx_word' id='word_1_320' title='bbox 987 3392 1086 3455; x_wconf 88' lang='lat' dir='ltr'>deinde</span> <span class='ocrx_word' id='word_1_321' title='bbox 1152 3411 1221 3453; x_wconf 90' lang='lat' dir='ltr'>num</span> <span class='ocrx_word' id='word_1_322' title='bbox 1252 3392 1454 3452; x_wconf 65' lang='lat' dir='ltr'>[laurentium-</span> <span class='ocrx_word' id='word_1_323' title='bbox 1480 3390 1515 3452; x_wconf 90' lang='lat' dir='ltr'>de</span> <span class='ocrx_word' id='word_1_324' title='bbox 1544 3389 1637 3460; x_wconf 84' lang='lat' dir='ltr'>llari,</span> <span class='ocrx_word' id='word_1_325' title='bbox 1668 3399 1699 3450; x_wconf 88' lang='lat' dir='ltr'>et</span> <span class='ocrx_word' id='word_1_326' title='bbox 1731 3387 1947 3468; x_wconf 74' lang='lat' dir='ltr'>Hieronymum</span> 
     </span>
     <span class='ocr_line' id='line_1_29' title="bbox 297 3483 1946 3572; baseline 0.004 -31"><span class='ocrx_word' id='word_1_327' title='bbox 297 3483 469 3546; x_wconf 86' lang='lat' dir='ltr'>cubicularii</span> <span class='ocrx_word' id='word_1_328' title='bbox 490 3498 570 3548; x_wconf 88' lang='lat' dir='ltr'>extra</span> <span class='ocrx_word' id='word_1_329' title='bbox 585 3485 748 3549; x_wconf 82' lang='lat' dir='ltr'>Camenam.</span> <span class='ocrx_word' id='word_1_330' title='bbox 764 3524 805 3537; x_wconf 90' lang='lat'>-·</span> <span class='ocrx_word' id='word_1_331' title='bbox 818 3489 959 3555; x_wconf 87' lang='lat' dir='ltr'>Oratores</span> <span class='ocrx_word' id='word_1_332' title='bbox 978 3494 1043 3555; x_wconf 89' lang='lat' dir='ltr'>laici</span> <span class='ocrx_word' id='word_1_333' title='bbox 1057 3506 1086 3556; x_wconf 93' lang='lat' dir='ltr'>et</span> <span class='ocrx_word' id='word_1_334' title='bbox 1151 3494 1365 3572; x_wconf 87' lang='lat' dir='ltr'>Calagrani.-</span> <span class='ocrx_word' id='word_1_335' title='bbox 1381 3490 1508 3552; x_wconf 88' lang='lat' dir='ltr'>Praeleti</span> <span class='ocrx_word' id='word_1_336' title='bbox 1525 3507 1582 3550; x_wconf 92' lang='lat' dir='ltr'>uon</span> <span class='ocrx_word' id='word_1_337' title='bbox 1597 3491 1690 3570; x_wconf 88' lang='lat' dir='ltr'>parati</span> <span class='ocrx_word' id='word_1_338' title='bbox 1704 3490 1734 3548; x_wconf 92' lang='lat' dir='ltr'>in</span> <span class='ocrx_word' id='word_1_339' title='bbox 1749 3505 1857 3549; x_wconf 86' lang='lat' dir='ltr'>eorttm</span> <span class='ocrx_word' id='word_1_340' title='bbox 1874 3505 1946 3566; x_wconf 89' lang='lat' dir='ltr'>cap·</span> 
     </span>
     <span class='ocr_line' id='line_1_30' title="bbox 296 3587 1946 3672; baseline 0.001 -26"><span class='ocrx_word' id='word_1_341' title='bbox 296 3601 352 3644; x_wconf 86' lang='lat' dir='ltr'>uon</span> <span class='ocrx_word' id='word_1_342' title='bbox 373 3587 503 3665; x_wconf 89' lang='lat' dir='ltr'>praelati.</span> <span class='ocrx_word' id='word_1_343' title='bbox 526 3621 565 3634; x_wconf 93' lang='lat'><em>-</em></span> <span class='ocrx_word' id='word_1_344' title='bbox 580 3587 716 3651; x_wconf 82' lang='lat' dir='ltr'>Berones.</span> <span class='ocrx_word' id='word_1_345' title='bbox 739 3625 778 3638; x_wconf 87' lang='lat'><em>-</em></span> <span class='ocrx_word' id='word_1_346' title='bbox 798 3591 958 3654; x_wconf 83' lang='lat' dir='ltr'>Secretarii</span> <span class='ocrx_word' id='word_1_347' title='bbox 978 3606 1007 3656; x_wconf 91' lang='lat' dir='ltr'>et</span> <span class='ocrx_word' id='word_1_348' title='bbox 1027 3596 1082 3657; x_wconf 89' lang='lat' dir='ltr'>ad·</span> <span class='ocrx_word' id='word_1_349' title='bbox 1152 3596 1194 3672; x_wconf 92' lang='lat' dir='ltr'>pis</span> <span class='ocrx_word' id='word_1_350' title='bbox 1210 3595 1254 3655; x_wconf 85' lang='lat' dir='ltr'>rel</span> <span class='ocrx_word' id='word_1_351' title='bbox 1271 3591 1381 3665; x_wconf 90' lang='lat' dir='ltr'>babitu,</span> <span class='ocrx_word' id='word_1_352' title='bbox 1393 3592 1417 3651; x_wconf 89' lang='lat' dir='ltr'>si</span> <span class='ocrx_word' id='word_1_353' title='bbox 1436 3593 1493 3651; x_wconf 90' lang='lat' dir='ltr'>sint</span> <span class='ocrx_word' id='word_1_354' title='bbox 1510 3591 1646 3670; x_wconf 87' lang='lat' dir='ltr'>religiosi.</span> <span class='ocrx_word' id='word_1_355' title='bbox 1667 3623 1706 3636; x_wconf 93' lang='lat'><em>-</em></span> <span class='ocrx_word' id='word_1_356' title='bbox 1720 3588 1946 3651; x_wconf 88' lang='lat' dir='ltr'>Protbonotarii</span> 
     </span>
     <span class='ocr_line' id='line_1_31' title="bbox 297 3687 1533 3774; baseline 0.008 -30"><span class='ocrx_word' id='word_1_357' title='bbox 297 3688 393 3746; x_wconf 85' lang='lat' dir='ltr'>vocati</span> <span class='ocrx_word' id='word_1_358' title='bbox 418 3687 549 3764; x_wconf 86' lang='lat' dir='ltr'>mixtim,</span> <span class='ocrx_word' id='word_1_359' title='bbox 577 3690 627 3769; x_wconf 86' lang='lat' dir='ltr'>qui</span> <span class='ocrx_word' id='word_1_360' title='bbox 654 3708 718 3754; x_wconf 83' lang='lat' dir='ltr'>rttr.</span> <span class='ocrx_word' id='word_1_361' title='bbox 748 3690 838 3770; x_wconf 81' lang='lat' dir='ltr'>bujus</span> <span class='ocrx_word' id='word_1_362' title='bbox 863 3694 987 3767; x_wconf 87' lang='lat' dir='ltr'>mensis,</span> <span class='ocrx_word' id='word_1_363' title='bbox 1007 3696 1085 3773; x_wconf 86' lang='lat' dir='ltr'>quod</span> <span class='ocrx_word' id='word_1_364' title='bbox 1150 3698 1235 3756; x_wconf 87' lang='lat' dir='ltr'>etiam</span> <span class='ocrx_word' id='word_1_365' title='bbox 1255 3696 1283 3754; x_wconf 92' lang='lat' dir='ltr'>in</span> <span class='ocrx_word' id='word_1_366' title='bbox 1302 3713 1404 3757; x_wconf 91' lang='lat' dir='ltr'>eorum</span> <span class='ocrx_word' id='word_1_367' title='bbox 1426 3695 1533 3774; x_wconf 90' lang='lat' dir='ltr'>cappis.</span> 
     </span>
    </p>
   </div>
   <div class='ocr_carea' id='block_1_4' title="bbox 295 3788 1087 5769">
    <p class='ocr_par' dir='ltr' id='par_1_5' title="bbox 295 3788 1086 4065">
     <span class='ocr_line' id='line_1_32' title="bbox 296 3788 1084 3871; baseline 0.013 -26"><span class='ocrx_word' id='word_1_368' title='bbox 296 3805 384 3866; x_wconf 88' lang='lat' dir='ltr'>supra</span> <span class='ocrx_word' id='word_1_369' title='bbox 411 3788 508 3851; x_wconf 90' lang='lat' dir='ltr'>dicere</span> <span class='ocrx_word' id='word_1_370' title='bbox 538 3793 718 3871; x_wconf 89' lang='lat' dir='ltr'>praetermisi</span> <span class='ocrx_word' id='word_1_371' title='bbox 739 3811 773 3855; x_wconf 85' lang='lat' dir='ltr'>ex</span> <span class='ocrx_word' id='word_1_372' title='bbox 790 3793 957 3868; x_wconf 82' lang='lat' dir='ltr'>oblivione,</span> <span class='ocrx_word' id='word_1_373' title='bbox 985 3814 1084 3856; x_wconf 86' lang='lat' dir='ltr'>eoram</span> 
     </span>
     <span class='ocr_line' id='line_1_33' title="bbox 298 3884 1086 3972; baseline 0.015 -26"><span class='ocrx_word' id='word_1_374' title='bbox 298 3884 330 3946; x_wconf 87' lang='lat' dir='ltr'>S.</span> <span class='ocrx_word' id='word_1_375' title='bbox 343 3886 379 3947; x_wconf 94' lang='lat' dir='ltr'>D.</span> <span class='ocrx_word' id='word_1_376' title='bbox 396 3886 430 3948; x_wconf 84' lang='grc'>11.</span> <span class='ocrx_word' id='word_1_377' title='bbox 452 3908 541 3969; x_wconf 88' lang='lat' dir='ltr'>super</span> <span class='ocrx_word' id='word_1_378' title='bbox 561 3893 761 3972; x_wconf 86' lang='lat' dir='ltr'>praecedentia</span> <span class='ocrx_word' id='word_1_379' title='bbox 782 3896 991 3970; x_wconf 88' lang='lat' dir='ltr'>contendendo,</span> <span class='ocrx_word' id='word_1_380' title='bbox 1012 3916 1086 3958; x_wconf 90' lang='lat' dir='ltr'>con·</span> 
     </span>
     <span class='ocr_line' id='line_1_34' title="bbox 295 3988 823 4065; baseline 0.019 -19"><span class='ocrx_word' id='word_1_381' title='bbox 295 3988 457 4050; x_wconf 86' lang='lat' dir='ltr'>cordarum</span> <span class='ocrx_word' id='word_1_382' title='bbox 475 3990 531 4052; x_wconf 91' lang='lat' dir='ltr'>boc</span> <span class='ocrx_word' id='word_1_383' title='bbox 550 3991 647 4065; x_wconf 90' lang='lat' dir='ltr'>modo,</span> <span class='ocrx_word' id='word_1_384' title='bbox 668 3994 823 4057; x_wconf 80' lang='lat' dir='ltr'>videlicet:</span> 
     </span>
    </p>

    <p class='ocr_par' dir='ltr' id='par_1_6' title="bbox 295 4086 1087 5769">
     <span class='ocr_line' id='line_1_35' title="bbox 337 4086 1085 4180; baseline 0.017 -31"><span class='ocrx_word' id='word_1_385' title='bbox 337 4086 416 4157; x_wconf 79' lang='lat' dir='ltr'>Quot</span> <span class='ocrx_word' id='word_1_386' title='bbox 441 4090 648 4154; x_wconf 86' lang='lat' dir='ltr'>intervenerint</span> <span class='ocrx_word' id='word_1_387' title='bbox 673 4097 844 4169; x_wconf 87' lang='lat' dir='ltr'>secretarii,</span> <span class='ocrx_word' id='word_1_388' title='bbox 866 4108 908 4160; x_wconf 93' lang='lat' dir='ltr'>tut</span> <span class='ocrx_word' id='word_1_389' title='bbox 933 4101 1085 4180; x_wconf 87' lang='lat' dir='ltr'>capiuntur</span> 
     </span>
     <span class='ocr_line' id='line_1_36' title="bbox 300 4190 1086 4279; baseline 0.017 -30"><span class='ocrx_word' id='word_1_390' title='bbox 300 4190 432 4251; x_wconf 84' lang='lat' dir='ltr'>advocati</span> <span class='ocrx_word' id='word_1_391' title='bbox 444 4190 601 4270; x_wconf 89' lang='lat' dir='ltr'>digniores,</span> <span class='ocrx_word' id='word_1_392' title='bbox 612 4193 668 4254; x_wconf 90' lang='lat' dir='ltr'>boc</span> <span class='ocrx_word' id='word_1_393' title='bbox 678 4207 721 4256; x_wconf 91' lang='lat' dir='ltr'>est</span> <span class='ocrx_word' id='word_1_394' title='bbox 734 4197 831 4276; x_wconf 91' lang='lat' dir='ltr'>primo</span> <span class='ocrx_word' id='word_1_395' title='bbox 848 4200 955 4279; x_wconf 88' lang='lat' dir='ltr'>recepti</span> <span class='ocrx_word' id='word_1_396' title='bbox 973 4202 1086 4262; x_wconf 89' lang='lat' dir='ltr'>utrius·</span> 
     </span>
     <span class='ocr_line' id='line_1_37' title="bbox 297 4292 1085 4380; baseline 0.018 -31"><span class='ocrx_word' id='word_1_397' title='bbox 297 4309 354 4368; x_wconf 88' lang='lat' dir='ltr'>que</span> <span class='ocrx_word' id='word_1_398' title='bbox 370 4292 469 4360; x_wconf 82' lang='lat' dir='ltr'>officii,</span> <span class='ocrx_word' id='word_1_399' title='bbox 483 4293 568 4353; x_wconf 92' lang='lat' dir='ltr'>simul</span> <span class='ocrx_word' id='word_1_400' title='bbox 590 4293 690 4357; x_wconf 88' lang='lat' dir='ltr'>deinde</span> <span class='ocrx_word' id='word_1_401' title='bbox 706 4308 769 4377; x_wconf 88' lang='lat' dir='ltr'>post</span> <span class='ocrx_word' id='word_1_402' title='bbox 784 4317 833 4360; x_wconf 90' lang='lat' dir='ltr'>eos</span> <span class='ocrx_word' id='word_1_403' title='bbox 848 4300 973 4380; x_wconf 88' lang='lat' dir='ltr'>recepti,</span> <span class='ocrx_word' id='word_1_404' title='bbox 988 4313 1085 4379; x_wconf 91' lang='lat' dir='ltr'>postea</span> 
     </span>
     <span class='ocr_line' id='line_1_38' title="bbox 295 4390 1086 4477; baseline 0.016 -28"><span class='ocrx_word' id='word_1_405' title='bbox 295 4391 346 4451; x_wconf 91' lang='lat' dir='ltr'>alii</span> <span class='ocrx_word' id='word_1_406' title='bbox 369 4390 428 4451; x_wconf 92' lang='lat' dir='ltr'>bini</span> <span class='ocrx_word' id='word_1_407' title='bbox 449 4404 478 4453; x_wconf 90' lang='lat' dir='ltr'>et</span> <span class='ocrx_word' id='word_1_408' title='bbox 499 4392 556 4452; x_wconf 90' lang='lat' dir='ltr'>bini</span> <span class='ocrx_word' id='word_1_409' title='bbox 575 4396 686 4456; x_wconf 86' lang='lat' dir='ltr'>mixtim</span> <span class='ocrx_word' id='word_1_410' title='bbox 707 4398 929 4477; x_wconf 84' lang='lat' dir='ltr'>antiquioribus,</span> <span class='ocrx_word' id='word_1_411' title='bbox 944 4401 1086 4462; x_wconf 83' lang='lat' dir='ltr'>advocato</span> 
     </span>
     <span class='ocr_line' id='line_1_39' title="bbox 296 4493 1087 4581; baseline 0.016 -32"><span class='ocrx_word' id='word_1_412' title='bbox 296 4500 324 4549; x_wconf 89' lang='lat' dir='ltr'>et</span> <span class='ocrx_word' id='word_1_413' title='bbox 346 4493 504 4553; x_wconf 90' lang='lat' dir='ltr'>secretario</span> <span class='ocrx_word' id='word_1_414' title='bbox 525 4493 667 4574; x_wconf 85' lang='lat' dir='ltr'>demptis,</span> <span class='ocrx_word' id='word_1_415' title='bbox 691 4499 742 4577; x_wconf 81' lang='lat' dir='ltr'>qtsi</span> <span class='ocrx_word' id='word_1_416' title='bbox 765 4499 900 4561; x_wconf 90' lang='lat' dir='ltr'>ultimum</span> <span class='ocrx_word' id='word_1_417' title='bbox 921 4513 951 4561; x_wconf 88' lang='lat' dir='ltr'>et</span> <span class='ocrx_word' id='word_1_418' title='bbox 970 4502 1087 4581; x_wconf 91' lang='lat' dir='ltr'>dignio-</span> 
     </span>
     <span class='ocr_line' id='line_1_40' title="bbox 297 4591 1084 4669; baseline 0.018 -21"><span class='ocrx_word' id='word_1_419' title='bbox 297 4608 360 4651; x_wconf 90' lang='lat' dir='ltr'>rem</span> <span class='ocrx_word' id='word_1_420' title='bbox 379 4591 476 4652; x_wconf 91' lang='lat' dir='ltr'>locum</span> <span class='ocrx_word' id='word_1_421' title='bbox 496 4592 635 4669; x_wconf 81' lang='lat' dir='ltr'>habeant3</span> <span class='ocrx_word' id='word_1_422' title='bbox 646 4606 675 4656; x_wconf 91' lang='lat' dir='ltr'>et</span> <span class='ocrx_word' id='word_1_423' title='bbox 690 4597 716 4657; x_wconf 94' lang='lat' dir='ltr'>in</span> <span class='ocrx_word' id='word_1_424' title='bbox 733 4599 866 4660; x_wconf 90' lang='lat' dir='ltr'>omnibus</span> <span class='ocrx_word' id='word_1_425' title='bbox 882 4600 926 4660; x_wconf 88' lang='lat' dir='ltr'>his</span> <span class='ocrx_word' id='word_1_426' title='bbox 941 4601 1013 4663; x_wconf 89' lang='lat' dir='ltr'>locis</span> <span class='ocrx_word' id='word_1_427' title='bbox 1027 4612 1084 4662; x_wconf 90' lang='lat' dir='ltr'>tam</span> 
     </span>
     <span class='ocr_line' id='line_1_41' title="bbox 296 4690 1086 4782; baseline 0.016 -31"><span class='ocrx_word' id='word_1_428' title='bbox 296 4690 411 4765; x_wconf 89' lang='lat' dir='ltr'>ultimo,</span> <span class='ocrx_word' id='word_1_429' title='bbox 423 4711 510 4771; x_wconf 79' lang='lat' dir='ltr'>quam</span> <span class='ocrx_word' id='word_1_430' title='bbox 522 4698 768 4775; x_wconf 85' lang='lat' dir='ltr'>praecedentibus,</span> <span class='ocrx_word' id='word_1_431' title='bbox 784 4703 881 4781; x_wconf 88' lang='lat' dir='ltr'>primo</span> <span class='ocrx_word' id='word_1_432' title='bbox 898 4703 1018 4782; x_wconf 83' lang='lat' dir='ltr'>recepti,</span> <span class='ocrx_word' id='word_1_433' title='bbox 1026 4703 1086 4764; x_wconf 83' lang='lat' dir='ltr'>sire</span> 
     </span>
     <span class='ocr_line' id='line_1_42' title="bbox 296 4794 1085 4880; baseline 0.015 -28"><span class='ocrx_word' id='word_1_434' title='bbox 296 4794 446 4853; x_wconf 87' lang='lat' dir='ltr'>secretarii</span> <span class='ocrx_word' id='word_1_435' title='bbox 466 4795 523 4856; x_wconf 89' lang='lat' dir='ltr'>sint</span> <span class='ocrx_word' id='word_1_436' title='bbox 543 4796 604 4859; x_wconf 84' lang='lat' dir='ltr'>sire</span> <span class='ocrx_word' id='word_1_437' title='bbox 624 4798 780 4873; x_wconf 80' lang='lat' dir='ltr'>advocati,</span> <span class='ocrx_word' id='word_1_438' title='bbox 807 4801 969 4880; x_wconf 81' lang='lat' dir='ltr'>digniorem</span> <span class='ocrx_word' id='word_1_439' title='bbox 988 4803 1085 4863; x_wconf 90' lang='lat' dir='ltr'>locum</span> 
     </span>
     <span class='ocr_line' id='line_1_43' title="bbox 295 4893 1086 4964; baseline 0.013 -10"><span class='ocrx_word' id='word_1_440' title='bbox 295 4893 429 4955; x_wconf 82' lang='lat' dir='ltr'>videlicet</span> <span class='ocrx_word' id='word_1_441' title='bbox 448 4893 565 4958; x_wconf 84' lang='lat' dir='ltr'>dextrae</span> <span class='ocrx_word' id='word_1_442' title='bbox 583 4916 684 4958; x_wconf 89' lang='lat' dir='ltr'>manns</span> <span class='ocrx_word' id='word_1_443' title='bbox 703 4900 834 4959; x_wconf 87' lang='lat' dir='ltr'>babeant.</span> <span class='ocrx_word' id='word_1_444' title='bbox 854 4900 997 4963; x_wconf 80' lang='lat' dir='ltr'>Advocati</span> <span class='ocrx_word' id='word_1_445' title='bbox 1016 4922 1086 4964; x_wconf 80' lang='lat' dir='ltr'>sero</span> 
     </span>
     <span class='ocr_line' id='line_1_44' title="bbox 296 4996 1086 5076; baseline 0.014 -22"><span class='ocrx_word' id='word_1_446' title='bbox 296 4996 347 5073; x_wconf 89' lang='lat' dir='ltr'>qni</span> <span class='ocrx_word' id='word_1_447' title='bbox 368 4996 446 5057; x_wconf 91' lang='lat' dir='ltr'>ultra</span> <span class='ocrx_word' id='word_1_448' title='bbox 469 5015 623 5059; x_wconf 90' lang='lat' dir='ltr'>numerum</span> <span class='ocrx_word' id='word_1_449' title='bbox 645 5000 873 5062; x_wconf 87' lang='lat' dir='ltr'>secretariorum</span> <span class='ocrx_word' id='word_1_450' title='bbox 889 5013 990 5076; x_wconf 89' lang='lat' dir='ltr'>crunt,</span> <span class='ocrx_word' id='word_1_451' title='bbox 1006 5003 1086 5065; x_wconf 92' lang='lat' dir='ltr'>ibunt</span> 
     </span>
     <span class='ocr_line' id='line_1_45' title="bbox 297 5095 1085 5175; baseline 0.016 -20"><span class='ocrx_word' id='word_1_452' title='bbox 297 5095 354 5157; x_wconf 88' lang='lat' dir='ltr'>bini</span> <span class='ocrx_word' id='word_1_453' title='bbox 375 5107 404 5157; x_wconf 93' lang='lat' dir='ltr'>et</span> <span class='ocrx_word' id='word_1_454' title='bbox 426 5097 484 5157; x_wconf 91' lang='lat' dir='ltr'>bini</span> <span class='ocrx_word' id='word_1_455' title='bbox 513 5098 676 5161; x_wconf 89' lang='lat' dir='ltr'>immediate</span> <span class='ocrx_word' id='word_1_456' title='bbox 697 5112 763 5161; x_wconf 90' lang='lat' dir='ltr'>ante</span> <span class='ocrx_word' id='word_1_457' title='bbox 786 5102 851 5161; x_wconf 88' lang='lat' dir='ltr'>illos</span> <span class='ocrx_word' id='word_1_458' title='bbox 875 5101 964 5175; x_wconf 88' lang='lat' dir='ltr'>duos,</span> <span class='ocrx_word' id='word_1_459' title='bbox 985 5124 1085 5167; x_wconf 84' lang='lat' dir='ltr'>secre-</span> 
     </span>
     <span class='ocr_line' id='line_1_46' title="bbox 297 5196 1085 5282; baseline 0.015 -28"><span class='ocrx_word' id='word_1_460' title='bbox 297 5196 403 5256; x_wconf 91' lang='lat' dir='ltr'>tarium</span> <span class='ocrx_word' id='word_1_461' title='bbox 413 5208 443 5258; x_wconf 90' lang='lat' dir='ltr'>et</span> <span class='ocrx_word' id='word_1_462' title='bbox 455 5197 627 5274; x_wconf 84' lang='lat' dir='ltr'>advocatum</span> <span class='ocrx_word' id='word_1_463' title='bbox 644 5198 798 5280; x_wconf 90' lang='lat' dir='ltr'>digniores,</span> <span class='ocrx_word' id='word_1_464' title='bbox 813 5200 973 5282; x_wconf 88' lang='lat' dir='ltr'>digniorem</span> <span class='ocrx_word' id='word_1_465' title='bbox 989 5206 1085 5265; x_wconf 84' lang='lat' dir='ltr'>locum</span> 
     </span>
     <span class='ocr_line' id='line_1_47' title="bbox 296 5291 1086 5383; baseline 0.019 -32"><span class='ocrx_word' id='word_1_466' title='bbox 296 5291 446 5357; x_wconf 87' lang='lat' dir='ltr'>babentes:</span> <span class='ocrx_word' id='word_1_467' title='bbox 469 5298 524 5359; x_wconf 88' lang='lat' dir='ltr'>bac</span> <span class='ocrx_word' id='word_1_468' title='bbox 547 5309 640 5359; x_wconf 89' lang='lat' dir='ltr'>tamen</span> <span class='ocrx_word' id='word_1_469' title='bbox 662 5300 823 5362; x_wconf 89' lang='lat' dir='ltr'>conditione</span> <span class='ocrx_word' id='word_1_470' title='bbox 836 5314 865 5363; x_wconf 91' lang='lat' dir='ltr'>et</span> <span class='ocrx_word' id='word_1_471' title='bbox 879 5322 934 5383; x_wconf 92' lang='lat' dir='ltr'>pro</span> <span class='ocrx_word' id='word_1_472' title='bbox 952 5302 1006 5365; x_wconf 88' lang='lat' dir='ltr'>hae</span> <span class='ocrx_word' id='word_1_473' title='bbox 1024 5307 1086 5366; x_wconf 88' lang='lat' dir='ltr'>vice</span> 
     </span>
     <span class='ocr_line' id='line_1_48' title="bbox 297 5392 1086 5469; baseline 0.015 -18"><span class='ocrx_word' id='word_1_474' title='bbox 297 5392 447 5457; x_wconf 87' lang='lat' dir='ltr'>dumtaxat</span> <span class='ocrx_word' id='word_1_475' title='bbox 459 5396 530 5459; x_wconf 90' lang='lat' dir='ltr'>baec</span> <span class='ocrx_word' id='word_1_476' title='bbox 544 5398 677 5459; x_wconf 89' lang='lat' dir='ltr'>ordinata</span> <span class='ocrx_word' id='word_1_477' title='bbox 696 5411 774 5469; x_wconf 87' lang='lat' dir='ltr'>sunt,</span> <span class='ocrx_word' id='word_1_478' title='bbox 794 5411 827 5460; x_wconf 90' lang='lat' dir='ltr'>ut</span> <span class='ocrx_word' id='word_1_479' title='bbox 846 5412 904 5462; x_wconf 84' lang='lat' dir='ltr'>tem</span> <span class='ocrx_word' id='word_1_480' title='bbox 924 5404 1086 5464; x_wconf 88' lang='lat' dir='ltr'>secretariis</span> 
     </span>
     <span class='ocr_line' id='line_1_49' title="bbox 299 5495 1086 5580; baseline 0.013 -26"><span class='ocrx_word' id='word_1_481' title='bbox 299 5512 387 5572; x_wconf 86' lang='lat' dir='ltr'>quam</span> <span class='ocrx_word' id='word_1_482' title='bbox 405 5495 554 5560; x_wconf 81' lang='lat' dir='ltr'>advocatis</span> <span class='ocrx_word' id='word_1_483' title='bbox 572 5500 687 5561; x_wconf 89' lang='lat' dir='ltr'>nullum</span> <span class='ocrx_word' id='word_1_484' title='bbox 704 5500 754 5580; x_wconf 89' lang='lat' dir='ltr'>jus</span> <span class='ocrx_word' id='word_1_485' title='bbox 772 5501 931 5576; x_wconf 85' lang='lat' dir='ltr'>attribuat,</span> <span class='ocrx_word' id='word_1_486' title='bbox 944 5514 973 5565; x_wconf 90' lang='lat' dir='ltr'>et</span> <span class='ocrx_word' id='word_1_487' title='bbox 988 5506 1086 5565; x_wconf 87' lang='lat' dir='ltr'>neutri</span> 
     </span>
     <span class='ocr_line' id='line_1_50' title="bbox 298 5595 1086 5676; baseline 0.013 -22"><span class='ocrx_word' id='word_1_488' title='bbox 298 5612 400 5656; x_wconf 91' lang='lat' dir='ltr'>eorum</span> <span class='ocrx_word' id='word_1_489' title='bbox 415 5595 606 5676; x_wconf 85' lang='lat' dir='ltr'>praejudicet,</span> <span class='ocrx_word' id='word_1_490' title='bbox 617 5599 651 5661; x_wconf 90' lang='lat' dir='ltr'>de</span> <span class='ocrx_word' id='word_1_491' title='bbox 667 5618 806 5673; x_wconf 80' lang='lat' dir='ltr'>consensu</span> <span class='ocrx_word' id='word_1_492' title='bbox 819 5600 938 5663; x_wconf 84' lang='lat' dir='ltr'>Curasti</span> <span class='ocrx_word' id='word_1_493' title='bbox 949 5603 983 5663; x_wconf 91' lang='lat' dir='ltr'>de</span> <span class='ocrx_word' id='word_1_494' title='bbox 995 5602 1086 5664; x_wconf 86' lang='lat' dir='ltr'>Plan·</span> 
     </span>
     <span class='ocr_line' id='line_1_51' title="bbox 299 5693 1085 5769; baseline 0.018 -17"><span class='ocrx_word' id='word_1_495' title='bbox 299 5693 364 5769; x_wconf 89' lang='lat' dir='ltr'>ebe,</span> <span class='ocrx_word' id='word_1_496' title='bbox 385 5696 531 5760; x_wconf 81' lang='lat' dir='ltr'>Francisci</span> <span class='ocrx_word' id='word_1_497' title='bbox 552 5701 587 5762; x_wconf 92' lang='lat' dir='ltr'>de</span> <span class='ocrx_word' id='word_1_498' title='bbox 609 5700 709 5762; x_wconf 85' lang='lat' dir='ltr'>Padus</span> <span class='ocrx_word' id='word_1_499' title='bbox 727 5710 755 5762; x_wconf 90' lang='lat' dir='ltr'>et</span> <span class='ocrx_word' id='word_1_500' title='bbox 773 5704 899 5764; x_wconf 89' lang='lat' dir='ltr'>oliorum</span> <span class='ocrx_word' id='word_1_501' title='bbox 918 5724 966 5767; x_wconf 90' lang='lat' dir='ltr'>sex</span> <span class='ocrx_word' id='word_1_502' title='bbox 990 5704 1085 5767; x_wconf 87' lang='lat' dir='ltr'>adro·</span> 
     </span>
    </p>
   </div>
   <div class='ocr_carea' id='block_1_5' title="bbox 1150 3792 1950 5386">
    <p class='ocr_par' dir='ltr' id='par_1_7' title="bbox 1152 3792 1947 4582">
     <span class='ocr_line' id='line_1_52' title="bbox 1192 3792 1943 3876; baseline -0.007 -22"><span class='ocrx_word' id='word_1_503' title='bbox 1192 3794 1417 3876; x_wconf 84' lang='lat' dir='ltr'>Quamprimum</span> <span class='ocrx_word' id='word_1_504' title='bbox 1439 3793 1518 3874; x_wconf 85' lang='lat' dir='ltr'>Papa</span> <span class='ocrx_word' id='word_1_505' title='bbox 1537 3795 1593 3855; x_wconf 89' lang='lat' dir='ltr'>luit</span> <span class='ocrx_word' id='word_1_506' title='bbox 1612 3805 1694 3854; x_wconf 86' lang='lat' dir='ltr'>extra</span> <span class='ocrx_word' id='word_1_507' title='bbox 1723 3792 1890 3871; x_wconf 89' lang='lat' dir='ltr'>cappellam</span> <span class='ocrx_word' id='word_1_508' title='bbox 1911 3793 1943 3851; x_wconf 84' lang='lat' dir='ltr'>S.</span> 
     </span>
     <span class='ocr_line' id='line_1_53' title="bbox 1152 3893 1946 3977; baseline -0.005 -22"><span class='ocrx_word' id='word_1_509' title='bbox 1152 3894 1292 3975; x_wconf 87' lang='lat' dir='ltr'>Gregorii</span> <span class='ocrx_word' id='word_1_510' title='bbox 1311 3896 1501 3977; x_wconf 77' lang='lat' dir='ltr'>praedictam,</span> <span class='ocrx_word' id='word_1_511' title='bbox 1515 3894 1638 3975; x_wconf 89' lang='lat' dir='ltr'>imposui</span> <span class='ocrx_word' id='word_1_512' title='bbox 1660 3909 1785 3972; x_wconf 84' lang='lat' dir='ltr'>parvum</span> <span class='ocrx_word' id='word_1_513' title='bbox 1809 3893 1946 3972; x_wconf 89' lang='lat' dir='ltr'>manipu-</span> 
     </span>
     <span class='ocr_line' id='line_1_54' title="bbox 1153 3997 1946 4077; baseline -0.009 -19"><span class='ocrx_word' id='word_1_514' title='bbox 1153 3999 1213 4059; x_wconf 92' lang='lat' dir='ltr'>lum</span> <span class='ocrx_word' id='word_1_515' title='bbox 1226 4008 1344 4077; x_wconf 90' lang='lat' dir='ltr'>stuppae</span> <span class='ocrx_word' id='word_1_516' title='bbox 1358 3998 1386 4056; x_wconf 90' lang='lat' dir='ltr'>in</span> <span class='ocrx_word' id='word_1_517' title='bbox 1402 3997 1568 4058; x_wconf 86' lang='lat' dir='ltr'>summitate</span> <span class='ocrx_word' id='word_1_518' title='bbox 1579 4012 1686 4056; x_wconf 91' lang='lat' dir='ltr'>cannae</span> <span class='ocrx_word' id='word_1_519' title='bbox 1702 4012 1792 4067; x_wconf 87' lang='lat' dir='ltr'>meae,</span> <span class='ocrx_word' id='word_1_520' title='bbox 1804 4005 1834 4054; x_wconf 91' lang='lat' dir='ltr'>et</span> <span class='ocrx_word' id='word_1_521' title='bbox 1849 4010 1946 4072; x_wconf 89' lang='lat' dir='ltr'>genu·</span> 
     </span>
     <span class='ocr_line' id='line_1_55' title="bbox 1153 4095 1947 4176; baseline -0.003 -20"><span class='ocrx_word' id='word_1_522' title='bbox 1153 4096 1228 4171; x_wconf 85' lang='lat' dir='ltr'>flexi,</span> <span class='ocrx_word' id='word_1_523' title='bbox 1239 4115 1361 4158; x_wconf 88' lang='lat' dir='ltr'>cannam</span> <span class='ocrx_word' id='word_1_524' title='bbox 1371 4099 1460 4176; x_wconf 89' lang='lat' dir='ltr'>ipsam</span> <span class='ocrx_word' id='word_1_525' title='bbox 1469 4095 1584 4156; x_wconf 88' lang='lat' dir='ltr'>dextera</span> <span class='ocrx_word' id='word_1_526' title='bbox 1597 4113 1684 4155; x_wconf 88' lang='lat' dir='ltr'>manu</span> <span class='ocrx_word' id='word_1_527' title='bbox 1696 4103 1824 4156; x_wconf 89' lang='lat' dir='ltr'>erectam</span> <span class='ocrx_word' id='word_1_528' title='bbox 1835 4105 1947 4162; x_wconf 86' lang='lat' dir='ltr'>tenens,</span> 
     </span>
     <span class='ocr_line' id='line_1_56' title="bbox 1152 4194 1944 4276; baseline -0.006 -18"><span class='ocrx_word' id='word_1_529' title='bbox 1152 4216 1240 4276; x_wconf 86' lang='lat' dir='ltr'>quam</span> <span class='ocrx_word' id='word_1_530' title='bbox 1268 4198 1367 4258; x_wconf 90' lang='lat' dir='ltr'>socius</span> <span class='ocrx_word' id='word_1_531' title='bbox 1390 4214 1471 4257; x_wconf 90' lang='lat' dir='ltr'>meus</span> <span class='ocrx_word' id='word_1_532' title='bbox 1499 4196 1651 4269; x_wconf 87' lang='lat' dir='ltr'>accendit,</span> <span class='ocrx_word' id='word_1_533' title='bbox 1680 4214 1727 4255; x_wconf 94' lang='lat' dir='ltr'>me</span> <span class='ocrx_word' id='word_1_534' title='bbox 1759 4195 1878 4255; x_wconf 90' lang='lat' dir='ltr'>interim</span> <span class='ocrx_word' id='word_1_535' title='bbox 1909 4194 1944 4253; x_wconf 83' lang='lat' dir='ltr'>ad</span> 
     </span>
     <span class='ocr_line' id='line_1_57' title="bbox 1152 4296 1947 4359; baseline 0.003 -3"><span class='ocrx_word' id='word_1_536' title='bbox 1152 4296 1326 4359; x_wconf 82' lang='lat' dir='ltr'>Pontificem</span> <span class='ocrx_word' id='word_1_537' title='bbox 1358 4315 1443 4358; x_wconf 80' lang='lat' dir='ltr'>verso</span> <span class='ocrx_word' id='word_1_538' title='bbox 1464 4308 1492 4357; x_wconf 91' lang='lat' dir='ltr'>et</span> <span class='ocrx_word' id='word_1_539' title='bbox 1513 4298 1570 4357; x_wconf 84' lang='lat' dir='ltr'>alta</span> <span class='ocrx_word' id='word_1_540' title='bbox 1595 4315 1666 4358; x_wconf 83' lang='lat' dir='ltr'>socc</span> <span class='ocrx_word' id='word_1_541' title='bbox 1687 4297 1818 4357; x_wconf 83' lang='lat' dir='ltr'>dicente:</span> <span class='ocrx_word' id='word_1_542' title='bbox 1847 4296 1947 4358; x_wconf 81' lang='lat' dir='ltr'>Pater</span> 
     </span>
     <span class='ocr_line' id='line_1_58' title="bbox 1154 4397 1945 4482; baseline 0.001 -24"><span class='ocrx_word' id='word_1_543' title='bbox 1154 4398 1270 4459; x_wconf 82' lang='lat' dir='ltr'>Sancte</span> <span class='ocrx_word' id='word_1_544' title='bbox 1285 4398 1333 4459; x_wconf 83' lang='lat' dir='ltr'>sic</span> <span class='ocrx_word' id='word_1_545' title='bbox 1350 4398 1467 4460; x_wconf 79' lang='lat' dir='ltr'>transit</span> <span class='ocrx_word' id='word_1_546' title='bbox 1483 4400 1589 4482; x_wconf 78' lang='lat' dir='ltr'>plorc&#39;u</span> <span class='ocrx_word' id='word_1_547' title='bbox 1602 4399 1726 4461; x_wconf 80' lang='lat' dir='ltr'>Mundi:</span> <span class='ocrx_word' id='word_1_548' title='bbox 1743 4398 1819 4460; x_wconf 90' lang='lat' dir='ltr'>idem</span> <span class='ocrx_word' id='word_1_549' title='bbox 1831 4397 1945 4460; x_wconf 86' lang='lat' dir='ltr'>lactum</span> 
     </span>
     <span class='ocr_line' id='line_1_59' title="bbox 1152 4496 1946 4582; baseline -0.001 -23"><span class='ocrx_word' id='word_1_550' title='bbox 1152 4511 1206 4573; x_wconf 89' lang='lat' dir='ltr'>ast,</span> <span class='ocrx_word' id='word_1_551' title='bbox 1227 4511 1256 4560; x_wconf 91' lang='lat' dir='ltr'>et</span> <span class='ocrx_word' id='word_1_552' title='bbox 1277 4499 1335 4560; x_wconf 92' lang='lat' dir='ltr'>dixi</span> <span class='ocrx_word' id='word_1_553' title='bbox 1358 4501 1486 4562; x_wconf 91' lang='lat' dir='ltr'>secundo</span> <span class='ocrx_word' id='word_1_554' title='bbox 1508 4518 1579 4561; x_wconf 86' lang='lat' dir='ltr'>cuns</span> <span class='ocrx_word' id='word_1_555' title='bbox 1599 4516 1727 4562; x_wconf 85' lang='lat' dir='ltr'>esseutus</span> <span class='ocrx_word' id='word_1_556' title='bbox 1744 4509 1812 4560; x_wconf 90' lang='lat' dir='ltr'>aute</span> <span class='ocrx_word' id='word_1_557' title='bbox 1826 4496 1876 4582; x_wconf 87' lang='grc'>(1)</span> <span class='ocrx_word' id='word_1_558' title='bbox 1892 4544 1901 4559; x_wconf 89' lang='grc'><strong>.</strong></span> <span class='ocrx_word' id='word_1_559' title='bbox 1915 4543 1946 4558; x_wconf 95' lang='grc'>..</span> 
     </span>
    </p>

    <p class='ocr_par' dir='ltr' id='par_1_8' title="bbox 1150 4600 1950 5386">
     <span class='ocr_line' id='line_1_60' title="bbox 1194 4600 1946 4683; baseline -0.005 -20"><span class='ocrx_word' id='word_1_560' title='bbox 1194 4601 1270 4663; x_wconf 86' lang='lat' dir='ltr'>Cum</span> <span class='ocrx_word' id='word_1_561' title='bbox 1292 4600 1369 4682; x_wconf 91' lang='lat' dir='ltr'>Papa</span> <span class='ocrx_word' id='word_1_562' title='bbox 1390 4603 1569 4683; x_wconf 86' lang='lat' dir='ltr'>pervenisset</span> <span class='ocrx_word' id='word_1_563' title='bbox 1588 4612 1669 4662; x_wconf 88' lang='lat' dir='ltr'>extra</span> <span class='ocrx_word' id='word_1_564' title='bbox 1687 4618 1792 4661; x_wconf 83' lang='lat' dir='ltr'>navent</span> <span class='ocrx_word' id='word_1_565' title='bbox 1811 4600 1946 4661; x_wconf 83' lang='lat' dir='ltr'>Vaticani</span> 
     </span>
     <span class='ocr_line' id='line_1_61' title="bbox 1153 4699 1948 4781; baseline 0.001 -19"><span class='ocrx_word' id='word_1_566' title='bbox 1153 4702 1343 4781; x_wconf 86' lang='lat' dir='ltr'>praedictam,</span> <span class='ocrx_word' id='word_1_567' title='bbox 1358 4713 1387 4764; x_wconf 90' lang='lat' dir='ltr'>et</span> <span class='ocrx_word' id='word_1_568' title='bbox 1402 4714 1476 4765; x_wconf 88' lang='lat' dir='ltr'>essct</span> <span class='ocrx_word' id='word_1_569' title='bbox 1495 4703 1574 4763; x_wconf 90' lang='lat' dir='ltr'>circa</span> <span class='ocrx_word' id='word_1_570' title='bbox 1592 4699 1717 4762; x_wconf 87' lang='lat' dir='ltr'>medium</span> <span class='ocrx_word' id='word_1_571' title='bbox 1743 4702 1867 4762; x_wconf 90' lang='lat' dir='ltr'>alterius</span> <span class='ocrx_word' id='word_1_572' title='bbox 1894 4722 1948 4763; x_wconf 87' lang='lat' dir='ltr'>oa·</span> 
     </span>
     <span class='ocr_line' id='line_1_62' title="bbox 1154 4801 1947 4887; baseline 0.003 -26"><span class='ocrx_word' id='word_1_573' title='bbox 1154 4806 1196 4863; x_wconf 85' lang='lat' dir='ltr'>sis</span> <span class='ocrx_word' id='word_1_574' title='bbox 1205 4802 1251 4887; x_wconf 72' lang='grc'>(1)</span> <span class='ocrx_word' id='word_1_575' title='bbox 1263 4805 1462 4864; x_wconf 76' lang='lat' dir='ltr'>transversalis</span> <span class='ocrx_word' id='word_1_576' title='bbox 1473 4801 1630 4875; x_wconf 86' lang='lat' dir='ltr'>Ecclesiae,</span> <span class='ocrx_word' id='word_1_577' title='bbox 1637 4813 1834 4865; x_wconf 86' lang='lat' dir='ltr'>occurrerunt</span> <span class='ocrx_word' id='word_1_578' title='bbox 1844 4804 1872 4862; x_wconf 92' lang='lat' dir='ltr'>ei</span> <span class='ocrx_word' id='word_1_579' title='bbox 1887 4815 1947 4863; x_wconf 87' lang='lat' dir='ltr'>tres</span> 
     </span>
     <span class='ocr_line' id='line_1_63' title="bbox 1150 4899 1949 4984; baseline 0.005 -23"><span class='ocrx_word' id='word_1_580' title='bbox 1150 4899 1283 4979; x_wconf 81' lang='lat' dir='ltr'>juniores</span> <span class='ocrx_word' id='word_1_581' title='bbox 1304 4903 1471 4984; x_wconf 73' lang='lat' dir='ltr'>Presbyteri</span> <span class='ocrx_word' id='word_1_582' title='bbox 1490 4902 1671 4976; x_wconf 78' lang='lat' dir='ltr'>cardinales,</span> <span class='ocrx_word' id='word_1_583' title='bbox 1684 4903 1818 4965; x_wconf 83' lang='lat' dir='ltr'>videlicet</span> <span class='ocrx_word' id='word_1_584' title='bbox 1836 4903 1874 4964; x_wconf 89' lang='lat' dir='ltr'>de</span> <span class='ocrx_word' id='word_1_585' title='bbox 1886 4903 1949 4965; x_wconf 84' lang='lat' dir='ltr'>Oo-</span> 
     </span>
     <span class='ocr_line' id='line_1_64' title="bbox 1153 5002 1950 5082; baseline 0 -19"><span class='ocrx_word' id='word_1_586' title='bbox 1153 5005 1281 5076; x_wconf 87' lang='lat' dir='ltr'>mitibus,</span> <span class='ocrx_word' id='word_1_587' title='bbox 1298 5004 1493 5067; x_wconf 87' lang='lat' dir='ltr'>Gerundensis</span> <span class='ocrx_word' id='word_1_588' title='bbox 1512 5015 1541 5065; x_wconf 91' lang='lat' dir='ltr'>et</span> <span class='ocrx_word' id='word_1_589' title='bbox 1558 5002 1732 5078; x_wconf 89' lang='lat' dir='ltr'>Parmensis,</span> <span class='ocrx_word' id='word_1_590' title='bbox 1753 5004 1805 5082; x_wconf 88' lang='lat' dir='ltr'>qui</span> <span class='ocrx_word' id='word_1_591' title='bbox 1827 5003 1950 5065; x_wconf 88' lang='lat' dir='ltr'>detectis</span> 
     </span>
     <span class='ocr_line' id='line_1_65' title="bbox 1153 5103 1949 5186; baseline -0.005 -19"><span class='ocrx_word' id='word_1_592' title='bbox 1153 5106 1306 5185; x_wconf 88' lang='lat' dir='ltr'>capitibus,</span> <span class='ocrx_word' id='word_1_593' title='bbox 1318 5105 1412 5186; x_wconf 86' lang='lat' dir='ltr'>Papae</span> <span class='ocrx_word' id='word_1_594' title='bbox 1423 5105 1617 5165; x_wconf 76' lang='lat' dir='ltr'>reverentiam</span> <span class='ocrx_word' id='word_1_595' title='bbox 1630 5103 1949 5177; x_wconf 84' lang='lat' dir='ltr'>iecerunt,oseulautes</span> 
     </span>
     <span class='ocr_line' id='line_1_66' title="bbox 1153 5201 1949 5285; baseline -0.004 -20"><span class='ocrx_word' id='word_1_596' title='bbox 1153 5223 1220 5265; x_wconf 91' lang='lat' dir='ltr'>eum</span> <span class='ocrx_word' id='word_1_597' title='bbox 1237 5206 1332 5285; x_wconf 91' lang='lat' dir='ltr'>primo</span> <span class='ocrx_word' id='word_1_598' title='bbox 1347 5206 1374 5266; x_wconf 92' lang='lat' dir='ltr'>ln</span> <span class='ocrx_word' id='word_1_599' title='bbox 1390 5224 1453 5275; x_wconf 83' lang='lat' dir='ltr'>ore,</span> <span class='ocrx_word' id='word_1_600' title='bbox 1470 5204 1571 5266; x_wconf 89' lang='lat' dir='ltr'>deinde</span> <span class='ocrx_word' id='word_1_601' title='bbox 1586 5205 1615 5264; x_wconf 91' lang='lat' dir='ltr'>in</span> <span class='ocrx_word' id='word_1_602' title='bbox 1636 5215 1754 5284; x_wconf 86' lang='lat' dir='ltr'>pectore</span> <span class='ocrx_word' id='word_1_603' title='bbox 1768 5201 1851 5282; x_wconf 85' lang='lat' dir='ltr'>juxta</span> <span class='ocrx_word' id='word_1_604' title='bbox 1874 5221 1949 5264; x_wconf 91' lang='lat' dir='ltr'>cru·</span> 
     </span>
     <span class='ocr_line' id='line_1_67' title="bbox 1152 5302 1947 5386; baseline -0.004 -22"><span class='ocrx_word' id='word_1_605' title='bbox 1152 5323 1214 5367; x_wconf 91' lang='lat' dir='ltr'>cern</span> <span class='ocrx_word' id='word_1_606' title='bbox 1242 5306 1338 5386; x_wconf 91' lang='lat' dir='ltr'>pallii,</span> <span class='ocrx_word' id='word_1_607' title='bbox 1365 5306 1517 5382; x_wconf 89' lang='lat' dir='ltr'>incipiente</span> <span class='ocrx_word' id='word_1_608' title='bbox 1543 5303 1699 5366; x_wconf 76' lang='lat' dir='ltr'>cardinale</span> <span class='ocrx_word' id='word_1_609' title='bbox 1726 5303 1762 5364; x_wconf 91' lang='lat' dir='ltr'>de</span> <span class='ocrx_word' id='word_1_610' title='bbox 1782 5302 1947 5364; x_wconf 87' lang='lat' dir='ltr'>Comitibus</span> 
     </span>
    </p>
   </div>
   <div class='ocr_carea' id='block_1_6' title="bbox 1152 5562 1943 5788">
    <p class='ocr_par' dir='ltr' id='par_1_9' title="bbox 1152 5562 1943 5788">
     <span class='ocr_line' id='line_1_68' title="bbox 1192 5562 1943 5622; baseline 0.003 -8"><span class='ocrx_word' id='word_1_611' title='bbox 1192 5568 1228 5620; x_wconf 83' lang='lat' dir='ltr'>(tl</span> <span class='ocrx_word' id='word_1_612' title='bbox 1239 5563 1386 5616; x_wconf 83' lang='lat' dir='ltr'>Notandum</span> <span class='ocrx_word' id='word_1_613' title='bbox 1400 5562 1452 5622; x_wconf 89' lang='lat' dir='ltr'>bio,</span> <span class='ocrx_word' id='word_1_614' title='bbox 1463 5562 1591 5614; x_wconf 84' lang='lat' dir='ltr'>delectum</span> <span class='ocrx_word' id='word_1_615' title='bbox 1601 5564 1722 5614; x_wconf 89' lang='lat' dir='ltr'>codicum</span> <span class='ocrx_word' id='word_1_616' title='bbox 1732 5565 1943 5616; x_wconf 86' lang='lat' dir='ltr'>Ploreutiuorum</span> 
     </span>
     <span class='ocr_line' id='line_1_69' title="bbox 1152 5642 1913 5706; baseline 0.007 -16"><span class='ocrx_word' id='word_1_617' title='bbox 1152 5642 1285 5692; x_wconf 88' lang='lat' dir='ltr'>inilrmsra</span> <span class='ocrx_word' id='word_1_618' title='bbox 1298 5646 1376 5692; x_wconf 80' lang='lat' dir='ltr'>etism</span> <span class='ocrx_word' id='word_1_619' title='bbox 1389 5642 1541 5692; x_wconf 80' lang='lat' dir='ltr'>vaticanum</span> <span class='ocrx_word' id='word_1_620' title='bbox 1553 5658 1606 5706; x_wconf 88' lang='lat' dir='ltr'>quo</span> <span class='ocrx_word' id='word_1_621' title='bbox 1618 5645 1767 5706; x_wconf 83' lang='lat' dir='ltr'>ltaynetdus</span> <span class='ocrx_word' id='word_1_622' title='bbox 1778 5658 1843 5695; x_wconf 88' lang='lat' dir='ltr'>usus</span> <span class='ocrx_word' id='word_1_623' title='bbox 1861 5651 1913 5697; x_wconf 88' lang='lat' dir='ltr'>est.</span> 
     </span>
     <span class='ocr_line' id='line_1_70' title="bbox 1192 5720 1909 5788; baseline 0.006 -17"><span class='ocrx_word' id='word_1_624' title='bbox 1192 5726 1228 5780; x_wconf 78' lang='lat'>(2)</span> <span class='ocrx_word' id='word_1_625' title='bbox 1246 5720 1272 5772; x_wconf 92' lang='lat' dir='ltr'>la</span> <span class='ocrx_word' id='word_1_626' title='bbox 1289 5722 1368 5785; x_wconf 82' lang='lat' dir='ltr'>llayu.</span> <span class='ocrx_word' id='word_1_627' title='bbox 1387 5736 1434 5784; x_wconf 89' lang='lat' dir='ltr'>pro</span> <span class='ocrx_word' id='word_1_628' title='bbox 1451 5722 1644 5772; x_wconf 80' lang='lat' dir='ltr'>alteriacensis</span> <span class='ocrx_word' id='word_1_629' title='bbox 1661 5728 1702 5774; x_wconf 87' lang='lat' dir='ltr'>cst</span> <span class='ocrx_word' id='word_1_630' title='bbox 1718 5724 1798 5775; x_wconf 84' lang='lat' dir='ltr'>ultore</span> <span class='ocrx_word' id='word_1_631' title='bbox 1816 5729 1909 5788; x_wconf 54' lang='lat' dir='ltr'>atejus.</span> 
     </span>
    </p>
   </div>
   <div class='ocr_carea' id='block_1_7' title="bbox 0 0 2250 6855">
    <p class='ocr_par' dir='ltr' id='par_1_10' title="bbox 0 0 2250 6855">
     <span class='ocr_line' id='line_1_71' title="bbox 0 0 2250 6855; baseline 0 0"><span class='ocrx_word' id='word_1_632' title='bbox 0 0 2250 6855; x_wconf 95' lang='lat' dir='ltr'> </span> 
     </span>
    </p>
   </div>
  </div>
 </body>
</html>
