4492 6859
247 644 359 731 (tros)

717 641 1001 706 renutrimus
1022 636 1248 702 tunocuttrtt
1267 636 1422 704 octavu

1832 649 1891 714 tot

249 785 357 867 quibus
379 784 467 845 linitis
479 827 489 857 ,
503 789 623 862 accepto
637 799 703 843 ense
722 792 752 843 et
772 782 902 861 cappello
924 779 1041 841 tradidit
1109 795 1196 857 quom
1231 777 1464 840 distributionem
1486 778 1562 841 dedit
1590 781 1649 844 dux
1670 783 1784 861 So'rae,
1812 786 1896 871 rape

248 888 314 948 illos
336 886 485 965 praedicto
509 884 701 962 lantgravio,
720 883 884 963 cappellum
911 880 948 941 ab
973 898 1040 941 ense

247 1006 304 1049 non
322 985 475 1059 movendo,
497 1003 569 1064 quos
588 983 786 1064 [lantgravius
799 982 955 1061 accipiens,
974 998 1039 1039 ma·

246 1105 338 1159 num,
359 1086 461 1147 deinde
479 1086 579 1166 pedem
601 1085 695 1165 Papae
716 1085 864 1145 osculatus
885 1093 949 1153 est,
969 1080 1038 1142 bre·

248 1188 332 1249 ribus
349 1187 445 1249 serbis
466 1186 618 1246 sanctitati
640 1187 719 1247 Suae
739 1184 849 1265 gratias
860 1200 955 1261 agens.
977 1180 1039 1241 De·

246 1288 357 1349 sccndit
375 1288 448 1347 solio
461 1284 661 1365 bantgrarius
674 1299 703 1348 et
722 1305 754 1347 ea
777 1283 896 1345 tradidit
912 1282 1037 1343 Domino

247 1387 430 1449 Theoderico
451 1388 535 1446 militi
555 1407 609 1448 suo
629 1387 766 1448 servitori
786 1403 886 1447 eoram
906 1402 938 1443 se
956 1382 1038 1442 defe-

246 1488 334 1551 renda
345 1509 356 1560 3
390 1488 470 1567 Papa
491 1487 612 1560 deinde,
633 1486 866 1567 praecedentibus
892 1483 1036 1545 Cardine·

192 1584 195 1589 ’
247 1590 325 1650 libus
347 1590 376 1648 in
396 1608 500 1650 eorum
519 1590 628 1668 cappis,
651 1589 727 1650 renit
741 1607 792 1667 per
812 1604 916 1647 mrem
930 1585 1036 1646 voltus

249 1691 372 1765 Sancti,
394 1691 444 1769 qui
464 1710 499 1751 ex
520 1690 653 1751 matidato
674 1690 770 1769 Papae
798 1708 849 1768 per
867 1687 1035 1768 episcopum

245 1792 369 1851 Sanctae
398 1790 529 1868 Agatbae
551 1791 692 1851 ricarium
712 1790 853 1849 Basilicas
871 1786 1035 1867 praedictae

245 1891 359 1971 publice
378 1901 507 1952 ostensus
527 1902 581 1964 est,
597 1890 757 1952 ascendens
768 1888 869 1949 deinde
889 1887 927 1946 ad
944 1887 1036 1946 Pala·

244 1993 329 2061 tium,
352 1991 554 2052 cardinalibus
573 1992 628 2050 sub
650 1992 766 2071 porticu
785 1990 924 2051 basilicae
943 1988 1033 2047 licen·

245 2093 336 2164 tlatia,
356 2089 538 2171 lantgravio
558 2093 697 2153 continuo
719 2091 811 2172 ipsum
833 2091 863 2150 in
889 2106 944 2149 suo
969 2090 1033 2149 loeo

241 2190 451 2273 praecedente,
476 2205 505 2254 et
538 2194 628 2254 milite
647 2213 702 2254 suo
724 2204 788 2253 ante
809 2193 903 2271 ipsum
936 2206 1032 2251 ensem

241 2291 388 2355 deferente
408 2296 557 2372 usquead
578 2313 723 2355 cameram
744 2292 912 2374 Papagalli3
934 2288 1033 2352 exinde

244 2391 320 2454 idem
352 2393 550 2473 [lantgravius
580 2396 738 2456 associatus
771 2394 826 2456 fuit
847 2413 864 2453 a
886 2391 1033 2452 Praelatis

242 2492 368 2568 Palatii,
393 2495 578 2556 cubiculariis
599 2507 627 2556 et
649 2495 792 2556 scutiferis
813 2495 928 2574 Papae,
949 2491 1032 2552 llar-

241 2593 347 2657 cltione
371 2594 492 2656 badensi
513 2595 640 2658 Oratore
661 2596 807 2676 imperiali
825 2640 834 2668 ,
852 2614 886 2655 ec
908 2593 1033 2655 trente·

242 2697 362 2775 piscopo
379 2698 538 2776 Argentiao
548 2709 578 2760 et
591 2699 681 2759 Ducis
697 2696 839 2758 &suniae
856 2694 1032 2757 Oratoribus

244 2797 393 2875 usquead
416 2795 570 2877 hospitium
592 2800 690 2859 Sancti
711 2799 812 2877 tngett
833 2817 923 2877 prope
942 2796 1031 2858 Cam·

242 2916 314 2975 pum
333 2899 437 2960 Florae
459 2900 534 2960 inter
556 2898 788 2960 Gubernatorem
808 2897 897 2960 Urbis
917 2907 947 2959 et
978 2913 1032 2955 ar·

243 2997 460 3080 cbiepiscopum
475 3001 668 3061 ttrclasensem
690 2999 831 3079 equitans3
849 2997 898 3058 ubi
911 2997 1032 3076 singuiis

242 3102 354 3177 gratias
367 3104 426 3179 egit
436 3119 518 3162 more
536 3102 622 3162 solito
644 3101 770 3161 aliorum
793 3097 965 3160 Oratorum.
987 3098 1032 3159 Ex

243 3201 362 3262 familiis
382 3201 580 3264 cardinalium
601 3203 698 3262 nullus
720 3200 859 3272 interfuit,
874 3200 939 3262 licet
954 3200 1033 3260 San·

244 3303 389 3363 ctissimus
418 3302 561 3363 Dominus
591 3314 717 3375 noster,
738 3300 941 3362 Cardinalibus
980 3322 1030 3381 per

245 3403 370 3465 medici
391 3403 518 3476 fecisset,
541 3402 618 3481 quod
642 3403 746 3465 retient
775 3413 887 3482 partem
908 3403 1032 3465 familiae

243 3523 336 3578 suae,
355 3504 393 3566 ad
414 3504 616 3565 honorandum
652 3504 763 3565 dictum
796 3502 1031 3583 lantgravium,

245 3607 371 3681 mittere,
391 3618 419 3667 et
441 3607 469 3666 id
490 3626 522 3667 se
541 3606 672 3667 facturos
693 3607 815 3686 polliciti
837 3608 952 3668 luerint.

285 3708 372 3769 Feria
388 3706 512 3770 secunda
534 3708 639 3768 mensis
649 3707 780 3787 januarii
799 3709 879 3770 llius.
893 3708 1031 3768 Dominus

245 3808 419 3871 Guilielmus
457 3808 655 3889 Lantgrarius
697 3811 811 3872 Hessiae
846 3808 962 3871 recessit
998 3831 1032 3872 ex

244 3910 335 3983 Urbe,
356 3912 393 3970 ad
423 3912 546 3989 patriam
575 3930 659 3971 suam
683 3912 830 3972 rediturus
858 3914 886 3971 in
917 3914 1032 3973 nomine

243 4010 370 4072 Domini.

284 4113 369 4174 Faria
384 4110 509 4172 secunda
520 4110 624 4171 mensis
635 4110 775 4171 februarii
789 4111 817 4171 in
829 4123 941 4175 secreto
952 4112 1033 4176 Con-

243 4213 359 4276 sistorio
388 4212 533 4293 publicata
565 4224 594 4273 et
626 4213 760 4274 conclusa
791 4212 849 4272 fuit
877 4234 932 4294 pax
958 4217 1032 4278 inter

244 4314 466 4375 sanctissimum
501 4314 660 4374 Dominum
694 4312 831 4374 Nostrum
865 4313 973 4395 Papum
1003 4327 1032 4376 et

242 4417 322 4479 lllus.
344 4414 559 4477 Ferdinandum
576 4414 683 4495 Regem
706 4412 923 4493 Neapolitanum
944 4414 999 4502 (l)

284 4519 369 4578 Feria
391 4520 489 4597 quinta
501 4517 543 4600 (i)
557 4516 662 4579 mensis
677 4515 830 4589 februarii,
848 4519 919 4579 festo
939 4519 1032 4580 Puri·

244 4619 385 4681 flectionis
411 4621 515 4683 Beatae
536 4620 644 4681 blaciae
665 4619 947 4697 virginissimae
969 4621 1032 4683 Do-

244 4721 338 4782 minus
374 4720 477 4782 Noster
511 4735 630 4803 paratus
659 4738 742 4780 more
775 4723 859 4782 solito
890 4721 968 4781 venit
994 4723 1030 4782 ad

244 4824 404 4903 cappellam
439 4823 600 4904 majorem,
627 4821 676 4882 nbi
703 4822 842 4883 benedixit
877 4821 1030 4898 candelas,

242 4944 262 4984 s
293 4927 400 5005 populo
435 4924 502 4985 binc
540 4926 604 4987 inde
638 4937 754 4998 tentas;
786 4937 848 4986 tum
882 4924 1029 4985 distribuit

242 5044 328 5086 more
349 5026 442 5087 solito.
461 5026 599 5087 Candelas
620 5045 739 5107 magnas
765 5026 931 5088 Sanctitatis
952 5024 1030 5087 Suae

244 5139 401 5190 tennerunt
451 5128 591 5189 Dominus
635 5131 808 5192 Franciscus
844 5128 918 5190 Cibo
952 5125 1031 5188 dlius

243 5249 315 5290 suus
335 5251 352 5288 a
369 5231 496 5304 dextris,
516 5242 546 5291 et
566 5232 726 5312 Alphousus
749 5234 783 5294 de
804 5231 926 5293 Carreto
947 5230 1030 5291 lilar-

244 5332 314 5392 cltio
334 5332 470 5404 Pinarii,
492 5334 543 5410 qui
565 5332 650 5394 liliam
673 5336 767 5415 Papae
785 5333 859 5393 llliae
890 5334 1030 5394 Dominae

243 5431 444 5496 Theodorinae
462 5432 546 5494 babet
568 5436 595 5494 in
611 5454 731 5497 uxorem
752 5455 769 5493 a
790 5434 923 5495 sinistris.
943 5434 1029 5495 Post·

247 5588 553 5600 -·—-—---—---..
954 5587 1032 5599 -ἡ

1106 880 1357 959 processionaliter
1379 882 1538 960 cappellam
1559 903 1693 964 magnam
1710 900 1841 966 munte,
1862 892 1893 956 ln

1106 981 1202 1044 medio
1221 983 1304 1044 aulae
1332 1000 1450 1060 raugnae
1480 984 1622 1060 genuflexi
1654 988 1773 1054 fuerunt
1794 991 1892 1061 decem

1106 1081 1182 1143 eires
1204 1082 1352 1152 Asculani,
1373 1101 1499 1161 quorum
1521 1085 1638 1162 quidum
1656 1089 1761 1151 milites
1778 1102 1810 1154 ot
1836 1091 1892 1154 do·

1105 1193 1211 1253 stores,
1230 1200 1327 1245 omnes
1344 1181 1426 1255 nudi,
1440 1183 1558 1245 detectis
1573 1187 1714 1265 capitibus
1734 1200 1764 1250 et
1784 1192 1890 1254 discal-

1105 1282 1185 1353 ciati,
1200 1282 1234 1342 de
1253 1282 1377 1342 camisiis
1392 1294 1503 1344 tantum
1517 1298 1582 1364 post
1598 1287 1765 1350 umbilicum
1781 1292 1892 1356 cinctas

1105 1380 1255 1455 babentes,
1276 1394 1305 1445 et
1326 1382 1446 1445 baculos
1467 1386 1526 1447 sire
1550 1387 1650 1466 virgas
1670 1390 1800 1468 singulas
1826 1378 1893 1455 sin·‘

1103 1484 1165 1561 guli
1187 1485 1214 1544 in
1236 1485 1381 1559 manibus,
1396 1503 1430 1548 ae
1453 1488 1585 1568 cingulos
1605 1490 1641 1550 ad
1661 1494 1747 1567 colla,
1766 1496 1816 1573 qui
1837 1515 1891 1558 ae-

1102 1595 1174 1646 state
1191 1587 1345 1665 praeterita
1367 1600 1468 1649 contra
1490 1589 1545 1651 SS.
1567 1589 1723 1653 Dominum
1750 1593 1889 1658 Nostrum

1101 1684 1290 1759 rebellarunt,
1306 1687 1417 1747 reniam
1431 1688 1605 1752 delictorum
1626 1712 1748 1781 suorum
1768 1707 1797 1756 et
1817 1716 1890 1776 poc·

1102 1802 1218 1856 nerum,
1239 1797 1268 1848 et
1288 1805 1478 1852 censurarum
1500 1790 1528 1851 in
1548 1803 1673 1871 utroque
1700 1796 1766 1858 foro
1797 1815 1890 1876 usque

1102 1885 1130 1946 in
1144 1885 1230 1947 illum
1246 1886 1402 1957 diemaro
1416 1909 1519 1951 eorum
1534 1912 1589 1971 pro
1606 1894 1740 1956 omnibus
1764 1898 1895 1976 loquer..

1101 1994 1140 2058 te,
1153 1996 1279 2066 petentes
1291 1986 1358 2069 (ῆς
1382 2008 1441 2068 quo
1462 1991 1561 2063 facto,
1582 1996 1807 2073 poenitentiariis
1829 2000 1889 2060 sni·

1100 2086 1220 2146 neribus
1239 2088 1382 2152 uastttese
1403 2089 1500 2152 Sancti
1523 2091 1602 2153 Petri
1620 2095 1886 2173 circumstantibus,

1099 2205 1204 2248 eornm
1236 2188 1362 2251 medana
1387 2192 1470 2270 petiit
1502 2212 1521 2252 a
1547 2193 1673 2258 Domino
1694 2195 1825 2272 Nostro,
1849 2219 1886 2260 an

1101 2288 1243 2351 Sanctitas
1264 2289 1325 2351 Sua
1349 2292 1434 2354 vellet
1454 2295 1689 2368 eosabsolvere,
1709 2310 1761 2360 aut
1782 2317 1887 2362 eorum

1099 2388 1308 2453 absolutionem
1324 2396 1501 2456 committere
1511 2418 1521 2468 ;
1531 2397 1579 2456 eui
1599 2396 1742 2459 Sanctitas
1756 2398 1816 2458 Sua
1832 2400 1887 2460 ab·

1099 2491 1268 2553 solutionem
1291 2490 1457 2569 hujusmodi
1480 2497 1639 2571 commisit,
1661 2512 1691 2561 et
1708 2520 1763 2579 pro
1783 2502 1888 2581 poeni-

1100 2592 1185 2652 tentia
1206 2593 1246 2653 eis
1266 2593 1442 2656 triduarium
1461 2593 1607 2674 jejunium
1628 2619 1685 2660 non
1706 2601 1734 2661 in
1755 2621 1827 2680 pane
1857 2617 1889 2665 et

1099 2712 1174 2771 aqua
1195 2694 1243 2754 sed
1275 2714 1427 2757 commune
1449 2700 1539 2759 trium
1561 2701 1795 2762 continuatorum
1822 2702 1889 2765 die·

1098 2812 1166 2855 rum
1198 2792 1343 2873 jejunium
1377 2818 1429 2878 per
1460 2800 1553 2861 dictos
1575 2800 1697 2875 decens,
1717 2814 1746 2865 et
1776 2804 1887 2865 dictum

1098 2897 1238 2975 populum
1254 2901 1406 2977 utriusque
1421 2919 1504 2961 sexus
1516 2902 1642 2963 ciuitatis
1654 2904 1814 2965 daculnnae
1830 2905 1888 2965 ob·

1098 2997 1273 3057 servandum
1296 2998 1472 3080 injungeret,
1493 3015 1581 3081 prout
1602 3004 1712 3064 factum
1731 3014 1789 3077 est,
1808 3024 1887 3084 qrro·

1098 3096 1135 3155 ad
1153 3096 1360 3160 absolutionem
1381 3112 1409 3161 et
1435 3103 1558 3181 primam
1579 3106 1756 3167 mentionem
1780 3106 1889 3169 Cardi-

1098 3196 1210 3256 nalibus
1225 3240 1234 3269 ,
1252 3207 1282 3259 et
1302 3198 1366 3258 aliis
1393 3202 1524 3262 omnibus
1546 3203 1649 3267 ibidem
1677 3208 1886 3284 praesentibus.

1099 3298 1176 3358 Tum
1199 3299 1330 3361 Pontifex
1354 3301 1429 3361 venit
1448 3302 1485 3361 ad
1514 3304 1611 3364 locum
1632 3307 1766 3379 solitum,
1781 3310 1890 3389 populo

1098 3401 1231 3462 candelas
1251 3399 1418 3481 projiciens
1440 3404 1526 3464 rediit
1547 3405 1645 3467 deinde
1666 3407 1702 3466 ad
1723 3408 1888 3469 lllissamad

1098 3501 1205 3563 dietam
1238 3506 1394 3581 cappellam
1429 3502 1568 3581 majorem
1603 3526 1692 3585 quam
1727 3510 1884 3573 celebrarit

1097 3602 1170 3663 ller.
1190 3602 1350 3664 Cur-dinulis
1365 3604 1542 3679 Parmensis,
1554 3608 1602 3668 eui
1616 3608 1695 3689 Papa
1708 3628 1765 3670 non
1778 3607 1821 3693 (l)
1834 3630 1887 3672 so·

1098 3706 1160 3765 lum
1182 3704 1330 3765 candelam
1351 3705 1446 3779 dedis,
1465 3707 1521 3766 alia
1544 3710 1642 3768 'omnia
1676 3721 1789 3772 serrata
1821 3721 1888 3772 sunt

1098 3824 1180 3866 more
1210 3806 1303 3866 solito.
1339 3807 1499 3884 Antequam
1532 3809 1568 3869 D.
1608 3809 1708 3872 Noster
1740 3830 1886 3872 eameram

1387 3986 1493 3993 .-—..

1140 4077 1176 4130 (2)
1192 4072 1261 4122 llaec
1278 4072 1374 4133 scripta
1387 4075 1448 4120 sunt
1462 4071 1615 4123 invielardo
1627 4087 1709 4136 super
1725 4079 1887 4137 argumento.

1143 4170 1153 4193 ι
1171 4150 1195 4199 St
1214 4148 1305 4199 ribelld
1318 4149 1400 4198 ancus
1416 4150 1514 4206 Asson,
1530 4162 1544 4200 e
1562 4151 1577 4200 u
1595 4150 1663 4214 Papa
1679 4151 1736 4202 fece
1753 4148 1776 4202 si
1796 4166 1845 4203 con
1863 4154 1888 4205 la
1967 4155 1969 4159 '

1098 4243 1147 4281 soa
1165 4230 1241 4280 solita
1258 4228 1394 4292 prudenza
1412 4242 1426 4279 e
1442 4231 1590 4280 amorevotl
1615 4231 1814 4281 dimostrszlonl
1839 4232 1889 4284 cbe

1100 4310 1443 4371 roppresentarauoaquei
1462 4308 1581 4359 eittsdini
1607 4310 1711 4359 l'error
1734 4312 1807 4369 loro,
1828 4323 1843 4361 e
1868 4312 1887 4362 ll

1098 4391 1216 4454 pericolo
1235 4390 1275 4438 nel
1293 4390 1370 4451 quale
1384 4388 1595 4450 s'ingotfarano,
1611 4389 1658 4438 che
1670 4393 1809 4439 mutsrouo
1825 4402 1890 4453 pen·

1099 4472 1221 4527 siero,e
1247 4468 1407 4518 mandarono
1432 4466 1500 4517 dieci
1528 4468 1585 4517 loro
1611 4467 1730 4518 cittsdini
1752 4467 1850 4518 dottorl
1872 4481 1887 4518 e

1098 4546 1281 4611 gentituomini
1298 4560 1312 4595 a
1329 4545 1417 4604 ftoma,
1434 4546 1451 4595 11
1469 4547 1540 4609 quali
1557 4546 1573 4596 il
1592 4548 1707 4597 secondo
1724 4546 1749 4596 di
1767 4546 1888 4608 febbrala

1098 4628 1203 4692 quando
1219 4628 1237 4675 ll
1254 4624 1321 4688 Papa
1339 4630 1447 4676 tornare
1460 4626 1487 4677 di
1505 4628 1634 4689 cappella,
1645 4628 1671 4678 in
1690 4640 1781 4676 mezzo
1792 4628 1816 4677 la
1830 4627 1887 4678 sala

1097 4709 1197 4771 grands
1213 4718 1243 4755 se
1259 4706 1277 4755 li
1293 4705 1521 4768 inginocchiarono
1547 4706 1634 4757 insazi
1658 4706 1719 4755 nudi
1736 4718 1786 4756 con
1804 4706 1827 4755 te
1844 4717 1887 4755 ca·

1099 4786 1191 4837 miscis
1209 4786 1292 4846 legate
1311 4785 1334 4832 al
1351 4783 1451 4844 helico,
1469 4797 1483 4833 e
1501 4785 1580 4833 seslci
1597 4798 1647 4833 con
1663 4799 1699 4835 un
1722 4784 1884 4835 bastoncello

1098 4864 1125 4915 in
1142 4876 1220 4914 mano
1238 4876 1252 4913 e
1268 4874 1318 4911 una
1335 4861 1397 4912 lrrne
1415 4863 1438 4911 al
1456 4863 1532 4920 collo,
1550 4862 1696 4912 rniedendo
1720 4862 1886 4911 umillsstma·

1098 4947 1186 4993 mente
1215 4942 1353 5004 perdono,
1380 4952 1395 4990 e
1423 4942 1588 4991 assoluzionc
1616 4941 1685 4990 dalle
1717 4940 1885 4991 sconsuntclrs

1097 5024 1166 5074 nelle
1191 5022 1261 5084 quali
1284 5031 1365 5070 erano
1392 5020 1497 5069 incarsi.
1515 5019 1533 5069 ll
1550 5020 1618 5081 Papa
1639 5019 1842 5081 benignsmente
1865 5019 1883 5070 li

1097 5100 1199 5152 ascoltd
1216 5114 1230 5150 c
1247 5097 1416 5155 coufortd,o
1439 5099 1455 5146 li
1481 5098 1571 5148 rimisa
1588 5099 1611 5146 al
1629 5096 1733 5147 Decano
1756 5096 1798 5145 de'
1809 5095 1885 5144 Peni-

1098 5181 1208 5230 tenzieri
1226 5178 1274 5228 else
1292 5178 1325 5241 gli
1343 5178 1503 5235 asscivesse,
1519 5189 1568 5225 con
1585 5174 1741 5225 condicione
1763 5174 1811 5222 che
1833 5175 1886 5221 essi

1096 5273 1111 5308 e
1128 5263 1197 5309 tutta
1214 5260 1238 5307 la
1255 5256 1325 5313 eittd,
1346 5256 1368 5305 sl
1385 5256 1481 5305 nomini
1499 5266 1573 5303 come
1589 5254 1685 5310 donne,
1701 5253 1883 5315 digtunassero

1096 5344 1137 5389 tra
1154 5337 1239 5401 giornl
1257 5335 1402 5388 contineri.
1416 5334 1432 5382 11
1445 5333 1574 5382 ricsrette
1592 5333 1617 5381 in
1630 5332 1728 5390 grazia,
1739 5330 1884 5381 riduceadc

1095 5432 1146 5469 con
1164 5419 1189 5468 la
1206 5418 1262 5468 sola
1279 5412 1391 5466 autorita
1409 5411 1542 5476 pontilicis
1560 5412 1619 5473 quel
1637 5411 1744 5474 popolo.
1759 5409 1808 5458 etse
1825 5408 1839 5459 e
1856 5407 1882 5459 di

1095 5511 1188 5549 umore
1215 5494 1423 5559 gagliardissimo
1449 5501 1464 5540 e
1491 5489 1617 5540 indomito
1646 5488 1835 5538 sll’nbidienza
1863 5508 1883 5534 ι.

1095 5576 1223 5627 viseraa.
1240 5587 1265 5636 p.
1283 5574 1320 5622 to.
1340 5574 1377 5623 50.
1393 5570 1450 5620 uide
1466 5570 1543 5619 stiam
1559 5569 1681 5618 mactas
1695 5579 1721 5631 p.
1739 5569 1792 5618 ns.
1808 5566 1884 5630 tulos

283 5661 320 5722 (11
340 5657 530 5721 Depsceiatsr
542 5658 718 5707 Innocentium
730 5656 953 5708 ethrdtncndum
966 5668 1027 5706 eon·
1093 5655 1178 5706 darii.
1197 5673 1207 5696 ·
1226 5652 1348 5703 Asculani
1371 5649 1515 5701 mandarun
1539 5648 1605 5701 dicei
1631 5647 1749 5699 olttadlni
1767 5647 1790 5698 al
1815 5645 1884 5709 Papa

242 5741 331 5791 cillsta
352 5741 506 5802 terecurrit
522 5742 690 5792 monumenta
708 5738 851 5789 adorantur
868 5740 893 5788 ia
911 5738 1023 5802 append.

1094 5749 1145 5801 per
1162 5738 1283 5787 ottsmre
1305 5732 1423 5798 perdono
1441 5752 1463 5777 ι.
