4492 6859
291 624 355 687 eso
783 620 1461 691 rourumsruasuuxaunmsaxrr.
1832 619 1943 704 (0000)

296 767 462 823 consuetam
483 773 571 837 saper
591 764 723 837 patenam
744 774 800 837 pro
820 756 965 838 episcopo,
980 770 1008 820 et
1023 759 1082 818 mi·
1150 761 1224 822 rexit
1248 760 1430 841 Episcopus,
1454 757 1564 819 dismas
1592 756 1678 819 Deus
1702 756 1941 837 aonciipicotio·

297 878 397 921 norem
422 877 477 937 pro
497 856 663 931 Cardinale3
682 854 767 935 juxta
787 856 960 919 credentiam
983 871 1083 939 parata
1150 882 1217 923 nern
1237 872 1292 923 ete.
1314 858 1424 921 Deinde
1455 875 1557 920 versus
1578 856 1738 919 additare
1758 856 1940 937 genuflexit,

297 962 417 1022 luerunt
435 958 494 1018 duo
516 958 656 1018 intas-titia
677 958 764 1027 alba,
786 957 845 1018 duo
868 976 954 1037 panes
975 960 1086 1039 magni,
1149 969 1179 1021 ct
1198 960 1284 1021 dixit:
1309 958 1389 1021 Veni
1409 957 1730 1038 cresson-ipimus,-
1746 956 1829 1019 dicto
1843 956 1940 1037 primo

300 1078 376 1119 tanus
398 1059 566 1132 inauratus,
587 1058 663 1118 ailus
679 1058 893 1137 inargentatae,
912 1069 940 1118 et
959 1057 1017 1135 duo
1031 1059 1085 1118 ba·
1150 1080 1237 1123 versu
1273 1061 1422 1131 surrexit,
1458 1057 1553 1132 sedit,
1590 1058 1701 1137 aceepit
1732 1058 1880 1131 mitram,
1912 1067 1939 1119 et

301 1160 368 1220 riiis
390 1156 450 1219 vini
462 1202 471 1232 ,
492 1175 584 1217 unum
606 1158 773 1220 inauratum
795 1167 824 1217 et
844 1158 923 1219 aiiud
945 1159 1084 1239 inargen-
1151 1160 1288 1224 extractis
1308 1158 1483 1221 chirothecis
1518 1158 1628 1233 inunxit
1649 1175 1752 1218 manus
1773 1156 1937 1219 Cardinslis

297 1270 417 1334 tatum,
438 1262 530 1320 Arma
561 1258 723 1322 Cardinalis
753 1270 783 1320 et
802 1258 938 1341 Episcopi
969 1260 1085 1341 praedi·
1152 1264 1260 1336 oleo,...
1289 1271 1378 1342 prout
1396 1259 1425 1321 in
1450 1257 1614 1322 Pontidcali
1637 1258 1750 1319 dicente
1784 1258 1940 1320 Conicere

299 1371 418 1422 ciorum
432 1361 462 1420 in
480 1359 575 1421 iundis
589 1360 731 1434 habentia,
746 1377 803 1441 pro
816 1361 979 1435 offertorim
989 1372 1019 1424 et
1032 1379 1085 1423 aa·
1152 1374 1182 1425 te
1204 1374 1259 1424 etc.
1276 1363 1365 1424 Facta
1381 1362 1517 1422 unctione
1542 1359 1662 1421 extorsit
1677 1376 1784 1440 perum
1806 1358 1940 1439 pollicem

299 1462 365 1521 suia
385 1461 446 1522 sire
479 1462 591 1540 planeta
619 1478 674 1541 pro
701 1458 855 1522 Cardinale
888 1471 991 1541 parata
1021 1471 1085 1522 erut
1152 1479 1220 1524 cum
1243 1462 1318 1522 mica
1346 1463 1446 1541 panis,
1468 1474 1531 1522 tuns
1552 1460 1630 1522 dedit
1649 1459 1798 1524 Gardlnaii
1820 1459 1938 1519 calicem

300 1560 405 1621 ibidem
425 1561 453 1620 in
475 1560 630 1623 credentia.
662 1559 775 1621 Pacatis
795 1562 930 1643 episeopo
960 1572 990 1623 et
1009 1558 1086 1624 Car·
1151 1580 1220 1624 eam
1243 1561 1309 1622 vino
1336 1570 1366 1622 et
1394 1578 1469 1638 sque
1486 1604 1495 1633 ,
1514 1570 1616 1640 patena
1638 1568 1667 1620 et
1699 1558 1797 1620 bostis
1827 1557 1939 1629 dices,

306 1661 399 1722 dinale
418 1660 622 1742 praedicerem
644 1660 805 1723 faldistorio
825 1673 854 1723 et
869 1661 995 1724 scabello
1014 1662 1085 1736 suis,
1151 1662 1269 1742 Accipe
1290 1670 1348 1721 etc.
1379 1659 1540 1722 mactastis
1573 1675 1641 1721 eum
1662 1659 1755 1721 indice
1790 1668 1822 1720 et
1850 1659 1941 1720 media

303 1762 461 1841 respective
481 1760 600 1823 accessit
616 1774 680 1823 ante
694 1764 786 1826 altare
806 1765 968 1845 episcopus,
985 1774 1014 1825 et
1031 1763 1085 1827 de·
1151 1762 1304 1841 utriusque
1334 1778 1437 1822 manus
1469 1760 1565 1839 tetigit
1592 1778 1735 1840 cuppam,
1759 1758 1826 1821 aliis
1860 1770 1940 1840 pate·

299 1864 393 1941 posita
412 1862 463 1923 sibi
483 1863 590 1937 mitra,
612 1862 682 1925 dixit
697 1864 901 1926 eoniessimtcm
920 1881 989 1925 cum
1007 1865 1085 1926 Cur·
1150 1880 1235 1936 nam,
1255 1873 1285 1923 et
1306 1860 1440 1934 bostiam,
1454 1871 1485 1922 et
1499 1861 1639 1934 surrexit;
1651 1859 1753 1921 demde
1770 1858 1941 1933 cardinalis,

299 1961 395 2023 dinale
415 1981 432 2022 a
452 1962 573 2024 sinistris
600 1965 662 2024 suis
686 1974 870 2044 stantesque
896 1966 991 2039 dicta,
1007 1964 1083 2044 Epi·
1150 1973 1181 2026 et
1213 1964 1241 2023 in
1272 1981 1327 2024 suo
1355 1961 1503 2034 scabello,
1525 1962 1597 2022 lavit
1627 1976 1737 2021 manus.
1760 1960 1844 2021 idem
1875 1961 1940 2021 iecit

297 2075 405 2142 scopus
418 2062 538 2124 accessit
557 2062 594 2123 ud
609 2066 722 2139 altars,
743 2076 773 2127 et
788 2065 818 2126 in
834 2065 930 2127 medio
946 2062 981 2127 eo
995 2083 1083 2127 oscu-
1151 2065 1305 2145 episcopus
1326 2064 1355 2123 in
1375 2060 1547 2123 faldistorio.
1578 2061 1721 2125 Dixerunt
1752 2060 1938 2142 pommoduur

300 2161 410 2223 latoac
425 2161 501 2224 libro
518 2162 760 2243 Evangeliorum,
776 2164 847 2225 dixit
864 2166 893 2223 in
907 2164 1085 2246 corqupi·
1151 2166 1287 2225 ultimum
1320 2180 1438 2224 versum
1460 2150 1596 2237 tractus,
1615 2160 1779 2242 Episcopus
1799 2161 1831 2222 in
1850 2179 1939 2223 mena

300 2262 389 2324 stolae
410 2262 577 2336 introitum,
595 2266 756 2325 orationem
776 2264 813 2326 de
834 2263 942 2326 &neto
963 2264 1081 2347 Grego-
1151 2262 1310 2345 Epistoiae,
1323 2274 1352 2324 et
1364 2262 1525 2325 Cardiuaiis
1538 2263 1567 2323 in
1582 2280 1678 2324 cornu
1688 2262 1858 2343 Evangelii.
1868 2262 1940 2323 Tum

299 2361 366 2435 rio,
387 2372 417 2424 et
445 2380 499 2443 pro
530 2362 688 2425 ordinando
711 2364 765 2425 sub
786 2382 844 2425 una
876 2366 1079 2441 conclusione,
1151 2364 1352 2445 transportatis
1385 2363 1566 2436 missalibus,
1593 2362 1755 2444 Episcopus
1785 2361 1817 2426 bt
1851 2374 1940 2423 carna

299 2460 400 2523 deinde
418 2464 689 2525 commemoratione
709 2464 745 2527 de
765 2464 837 2527 seria
858 2465 914 2527 sub
935 2486 988 2528 sua
1009 2486 1083 2530 oon·
1150 2463 1320 2546 Evangelii,
1350 2474 1380 2524 et
1398 2461 1562 2525 cardinalis
1582 2462 1612 2522 in
1632 2462 1729 2543 capite
1750 2471 1850 2525 cornu
1869 2460 1939 2543 Epi·

300 2562 439 2636 ciusione,
453 2563 613 2642 epistolam,
627 2564 780 2644 graduale,
793 2576 823 2626 et
841 2575 969 2628 tractum
991 2586 1083 2647 usque
1150 2564 1250 2636 stolae,
1273 2562 1408 2623 dixerunt
1421 2562 1628 2643 Evangelium,
1644 2561 1752 2637 Credo,
1765 2574 1795 2625 et
1812 2560 1939 2625 Dilecto·

300 2661 337 2721 sd
368 2664 503 2725 ultimum
536 2685 653 2727 versum
679 2670 825 2731 exclusive
837 2691 848 2743 3
880 2669 978 2732 eadem
1013 2672 1083 2734 dixit
1151 2663 1252 2737 filimi
1268 2663 1485 2742 (1οῐ000000000,
1501 2662 1790 2736 0000000000,ωο’000
1808 2665 1939 2745 0100000100

295 2763 382 2824 etiam
404 2764 565 2827 cardinalis
584 2777 661 2827 nans
680 2769 709 2828 in
722 2787 817 2831 cornu
838 2769 1007 2851 Evangelii,
1026 2790 1083 2834 non
1150 2763 1179 2824 in
1199 2764 1362 2825 ialdlstorio
1381 2765 1410 2823 in
1441 2763 1536 2826 medio
1563 2765 1664 2825 aitaris
1685 2783 1755 2827 cam
1776 2766 1869 2827 mitra
1888 2784 1938 2826 ae·

299 2873 393 2925 tamen
412 2884 429 2923 a
450 2867 542 2927 latere
562 2868 712 2948 episcopi,
729 2869 778 2929 sed
800 2870 945 2950 incapite.
967 2871 1083 2932 fltsdt·
1150 2862 1258 2938 dente,
1289 2862 1456 2943 ssfflufliwi
1487 2863 1597 2926 00001ῑο
1627 2864 1655 2927 ei
1677 2865 1736 2927 000
1772 2866 1937 2938 00000000,

301 2965 367 3038 ctis,
388 2967 540 3045 episcopus
560 2980 677 3048 accepta
696 2969 782 3030 mitra
798 2970 952 3049 genuflexit
975 2974 1004 3033 in
1024 2972 1083 3034 ial-
1150 2961 1223 3025 0000
1253 2981 1362 3044 panes,
1394 2974 1423 3026 00
1443 2962 1503 3025 000
1533 2964 1636 3026 bifidi
1670 2966 1746 3039 vini,
1781 2984 1938 3045 0000000000

301 3064 421 3127 dietario
442 3067 470 3125 in
501 3068 596 3129 medio
626 3069 726 3131 strevis
749 3071 805 3131 sibi
833 3083 956 3152 pareto,
977 3071 1084 3135 cardi.
1150 3064 1312 3144 recipientis
1333 3063 1502 3126 deosculans
1523 3064 1560 3126 ad
1573 3066 1687 3145 singula
1701 3078 1793 3147 prout
1809 3066 1842 3127 iu
1862 3066 1938 3128 Pors-

294 3166 367 3226 nelis
388 3167 424 3227 ad
446 3165 509 3244 ejus
532 3168 677 3231 sinistram
697 3180 764 3233 ante
784 3173 878 3235 strare
899 3193 929 3235 ,ρ
949 3184 1084 3254 prmus.
1150 3161 1250 3225 tidmli
1272 3165 1299 3225 iu
1315 3164 1575 3227 consecrationibus
1589 3168 1750 3229 electorum
1771 3166 1935 3228 ordinatum

295 3268 348 3340 vit,
366 3278 455 3347 prout
472 3266 504 3328 lit
526 3269 555 3330 in
572 3273 837 3333 consecrationibus
853 3275 1033 3349 electorum,
1053 3285 1083 3335 et
1149 3277 1216 3340 esi,
1237 3265 1339 3328 000000
1363 3266 1514 3347 00000000
1534 3268 1606 3328 iiiii
1625 3284 1741 3342 manus,
1761 3269 1885 3330 00000000
1903 3267 1936 3326 00

295 3367 368 3429 dixit
400 3370 534 3430 letaniam
567 3372 739 3452 episcopus,
771 3384 799 3435 et
819 3371 1003 3435 cardinalem
1029 3375 1082 3437 be·
1152 3370 1243 3430 altare
1258 3378 1475 3448 etprosecutus
1496 3379 1540 3429 est
1557 3368 1672 3429 Missam
1686 3386 1781 3447 usqae
1798 3368 1839 3428 ed
1856 3387 1935 3430 com·

292 3466 401 3529 nedixit
420 3477 511 3548 prout
532 3470 559 3529 in
581 3468 760 3543 Pontidcaii,
781 3471 918 3532 bscvrlum
940 3485 1076 3552 pastora-
1149 3470 1336 3544 munionem3
1368 3468 1444 3531 idern
1477 3470 1546 3530 lecit
1577 3469 1741 3531 cardinalis
1776 3472 1807 3531 in
1842 3489 1934 3533 corna

298 3567 373 3637 lena,
394 3577 465 3627 tune
484 3570 512 3628 in
534 3569 648 3630 sinistra
664 3579 783 3644 tenens3
805 3570 885 3631 linita
908 3573 1010 3633 letania
1030 3573 1083 3636 ds·
1147 3570 1307 3651 praedicto,
1322 3571 1409 3634 etiam
1425 3571 1512 3632 rerba
1529 3572 1758 3633 consecrationis
1777 3573 1934 3651 proieceris.

298 3666 390 3745 posite
404 3665 459 3726 iuit
469 3665 622 3729 dalmatica
641 3668 832 3745 acordinale,
844 3672 894 3750 qui
906 3689 1005 3734 coram
1017 3676 1083 3754 epi-
1148 3670 1234 3731 Dicta
1253 3670 1386 3732 oratione
1406 3670 1541 3733 Domine
1572 3672 1647 3734 Jesu
1670 3670 1823 3745 Christe,
1845 3674 1935 3754 primo

297 3783 386 3847 scopo
406 3777 472 3829 ante
490 3767 685 3830 faldistorium
707 3787 776 3831 cum
798 3774 884 3834 mitra
899 3784 1008 3850 stante,
1027 3794 1083 3855 ge·
1147 3768 1308 3852 Episcopus
1326 3771 1404 3833 dedit
1435 3791 1535 3853 pacem
1555 3772 1702 3836 Cardinsli
1733 3775 1862 3857 sumptis
1882 3794 1931 3855 per

300 3865 419 3928 nudexit
431 3888 443 3941 3
462 3873 512 3946 qni
541 3869 692 3951 episcopus
723 3872 823 3934 ambas
856 3891 957 3936 manus
987 3876 1082 3956 posuit
1147 3871 1313 3953 episcopum
1329 3871 1518 3934 Sacramenta
1536 3874 1590 3933 stib
1604 3875 1700 3954 specie
1719 3878 1857 3956 panis,et
1874 3886 1934 3937 toto

300 3985 389 4047 super
410 3979 499 4048 eaput
523 3969 683 4032 cardinatis
704 3972 774 4034 nibil
807 3974 912 4037 dimne.
938 3976 1017 4039 tuem
1036 3977 1082 4040 te·
1146 3971 1307 4053 mnguigne
1336 3985 1366 4035 et
1396 3974 1541 4053 particula
1575 3975 1604 4034 in
1630 3977 1744 4050 calices
1776 3985 1930 4057 antequam

302 4071 397 4134 aimus
417 4089 469 4135 nos
488 4090 586 4133 omnes
614 4073 663 4134 alli
690 4074 853 4155 presbyteri
872 4076 977 4138 ibidem
994 4095 1082 4158 prae·
1148 4073 1254 4153 digitos
1285 4073 1395 4135 abieret
1427 4076 1652 4137 communicavit
1682 4076 1869 4140 cardinalem
1899 4078 1931 4141 de

302 4183 404 4234 sentes.
426 4174 504 4235 Tum
524 4174 671 4254 episcopos
692 4184 722 4236 et
740 4193 792 4236 nos
822 4177 1008 4258 presbyteri,
1029 4178 1082 4240 de-
1147 4191 1272 4253 corpore
1293 4185 1405 4235 tautum
1427 4193 1482 4254 per·
1499 4177 1651 4256 specialem
1673 4176 1798 4238 bostiam
1827 4197 1882 4259 pro
1897 4196 1930 4238 eo

296 4274 395 4354 positis
418 4274 453 4337 de
472 4276 566 4354 capite
585 4274 748 4337 cardinatis
769 4277 921 4349 manibus,
952 4278 1083 4339 extendi·
1148 4284 1361 4349 consecratam3
1384 4286 1447 4337 tunt
1472 4275 1536 4337 dedi
1559 4276 1789 4357 purificationem
1824 4278 1929 4341 Cardi-

295 4393 362 4436 anus
382 4374 447 4435 illas
467 4394 570 4436 versus
589 4374 723 4436 eumdem
743 4376 937 4451 Cardinalem,
949 4380 1082 4460 episeopo
1148 4374 1259 4436 aalide
1280 4376 1380 4437 calice.
1402 4376 1510 4438 Deinde
1527 4379 1678 4458 episeopus
1701 4378 1795 4440 abluit
1817 4378 1930 4460 digitos,

297 4493 366 4535 eum
399 4479 485 4537 mitra
507 4486 598 4538 stante
627 4487 657 4539 et
679 4477 813 4540 dicentes
837 4477 967 4542 Dromas
997 4480 1082 4544 dile·
1147 4486 1243 4555 1000000
1265 4493 1383 4549 manus,
1405 4476 1520 4537 inierim
1541 4478 1655 4539 00000010
1675 4477 1840 4540 00000001ἱο
1860 4498 1930 4560 por·

296 4574 433 4636 ctissimi
454 4586 512 4636 etc.
534 4575 611 4635 Turn
630 4575 801 4657 Episcopus,
822 4578 951 4659 deposita
984 4581 1081 4656 mitra,
1148 4585 1240 4636 tatum
1259 4576 1317 4637 luit
1332 4575 1367 4635 ad
1386 4586 1474 4658 caput
1494 4594 1588 4638 cornu
1604 4577 1756 4659 Evangelii
1770 4591 1800 4642 et
1821 4581 1931 4642 missale

296 4673 389 4736 dixit:
413 4674 554 4738 Orenvsts:
572 4686 602 4736 et
623 4695 693 4757 ego:
708 4679 888 4742 Flectuntur
903 4699 1016 4763 pennu,
1035 4684 1082 4744 le·
1147 4678 1272 4757 episcopi
1299 4676 1335 4736 ad
1368 4695 1460 4738 cornu
1481 4679 1625 4758 epistolae.
1650 4679 1748 4761 Epire.
1770 4678 1857 4742 dixit:
1867 4684 1933 4764 josa

295 4786 368 4837 cote
377 4799 390 4849 ,-
428 4775 592 4857 Episcopus
626 4777 820 4839 continuavit:
856 4781 990 4843 Exaudi
1024 4801 1081 4845 nos
1147 4796 1210 4838 non
1223 4778 1393 4841 dicomuos
1413 4797 1520 4842 servos
1539 4788 1594 4841 etc.
1616 4800 1716 4843 versus
1736 4775 1773 4843 ad
1789 4780 1934 4863 Populum

295 4894 484 4958 quaesamus
499 4876 651 4951 Domine,
671 4888 727 4939 etc.
747 4878 810 4940 Per
826 4881 932 4941 omnin
952 4885 1081 4945 assecula
1147 4887 1177 4938 et
1206 4879 1315 4939 strare.
1348 4879 1465 4940 interim
1498 4878 1661 4942 cardinalis
1689 4882 1717 4942 in
1753 4900 1849 4944 cornu
1881 4901 1935 4945 suo

219 4985 222 4999 '
295 4976 493 5039 soeculorum
522 4988 576 5038 etc.
608 4977 703 5038 Finita
735 4979 909 5060 praelatione
930 4984 1081 5065 episeopus
1147 4976 1935 5060 00οῑ000000,10000000Ρο000001ῑ30οῑ000000000

297 5075 393 5149 sedit,
411 5078 526 5157 accepit
546 5079 663 5138 mitram
694 5090 724 5141 et
743 5089 858 5159 partem
890 5082 1080 5162 posteriorem
1147 5078 1310 5159 episcopus,
1327 5089 1444 5160 accepta
1466 5082 1566 5155 mitra,
1585 5080 1659 5142 sedit
1674 5083 1701 5141 in
1722 5081 1935 5145 tatdmmiota

295 5178 386 5239 stolae
405 5180 502 5257 posuit
522 5195 610 5258 super
642 5178 798 5242 humerum
820 5181 954 5243 dextrum
975 5181 1081 5245 Cardi-
1148 5177 1241 5239 medio
1259 5177 1360 5240 altaris
1378 5180 1431 5240 sibi
1450 5192 1574 5260 parato,
1594 5193 1623 5242 et
1637 5181 1737 5242 ambas
1758 5200 1863 5244 ananus
1878 5202 1935 5264 po·

295 5278 366 5338 nalis
386 5288 415 5339 et
436 5297 499 5339 eam
521 5280 550 5338 iu
578 5291 696 5359 pectore
717 5281 876 5363 duplicavit
908 5284 937 5344 in
960 5285 1080 5346 modum
1147 5280 1205 5339 suit
1220 5298 1308 5362 super
1327 5290 1415 5361 eaput
1434 5281 1599 5368 cardinalis
1617 5301 1717 5345 coram
1731 5283 1936 5363 segeuuiiexi,

296 5379 393 5439 crucis
414 5378 511 5440 diceus
526 5400 536 5439 e
554 5381 671 5463 Accipe
698 5381 822 5445 Stolum
842 5392 899 5445 etc.
923 5385 999 5446 Turn
1022 5387 1080 5446 im·
1147 5380 1257 5444 dicens:
1277 5383 1396 5464 Accipe
1412 5382 1570 5463 Spiritum
1586 5382 1737 5445 Sanctum
1754 5394 1812 5444 etc.
1828 5382 1940 5467 Expli-

295 5476 391 5555 posuit
410 5479 436 5540 ei
463 5480 630 5560 planetam,
650 5482 691 5542 ita
711 5492 806 5545 tamen
838 5485 915 5563 quod
936 5485 1080 5565 posterior
1146 5484 1225 5544 cavit
1256 5481 1356 5545 deinde
1376 5482 1566 5562 posteriorem
1587 5493 1700 5564 partem
1730 5483 1864 5564 planetas
1893 5485 1943 5546 di·

297 5593 366 5657 pars
386 5590 514 5641 maneret
534 5598 623 5661 saper
644 5584 772 5662 spatulas
791 5582 953 5647 cardinalis
972 5587 1080 5661 dicens,
1146 5600 1235 5647 ceras
1258 5584 1352 5647 dtoin
1381 5584 1584 5646 innocentius
1603 5592 1660 5646 etc.
1692 5584 1769 5647 'luna
1791 5603 1943 5649 surrexe-

294 5678 415 5759 Accipe
435 5692 549 5743 reatem
562 5691 618 5744 cic.
639 5680 717 5744 Tum
735 5682 864 5764 deposita
883 5687 987 5762 mitra,
1007 5704 1081 5748 sur·
1146 5697 1218 5748 runt
1237 5684 1334 5761 ambo,
1355 5696 1385 5747 et
1408 5686 1573 5768 spiscopus,
1594 5686 1722 5769 deposita
1736 5688 1843 5762 mitra,
1865 5708 1944 5771 per-
