4492 6859
378 637 420 696 titt
859 628 1142 695 constrictius
1162 629 1384 693 iunocentii
1404 628 1555 695 octavi.

382 772 418 832 n.
442 772 476 831 t).
499 770 653 833 cardinale
673 768 873 843 Uliaboncnse,
892 771 1087 839 ermonense,
1104 768 1168 830 Ur-

385 870 527 931 blnateose
544 882 572 929 et
586 871 643 930 alio
659 870 783 948 quodam
811 882 926 931 creatus
940 878 983 929 eat
998 867 1166 941 cardinalis,

377 982 490 1051 etpost
512 988 594 1030 suam
614 970 790 1031 creationem
813 967 978 1046 hujusmodi
1002 969 1039 1028 ad
1056 969 1165 1030 Urbem

379 1088 527 1149 nunquam
559 1070 735 1143 advenerit,
757 1071 831 1131 dicta
864 1081 930 1130 sunt
962 1070 1102 1147 quaedam
1138 1070 1165 1128 in

378 1189 476 1245 mane,
501 1171 670 1250 praesertim
692 1171 769 1249 quod
789 1172 836 1232 die
869 1171 1027 1231 consistorii
1059 1170 1165 1249 publici

376 1272 549 1351 receptionis
575 1288 643 1331 suae
667 1270 777 1331 iturum
798 1284 882 1344 esset,
903 1283 934 1332 et
955 1290 1010 1332 non
1038 1282 1120 1332 antea
1148 1292 1165 1332 a

377 1370 441 1430 tttt.
476 1370 609 1431 omnibus
642 1370 702 1431 DI).
735 1371 936 1436 cardinalibus
969 1372 998 1432 in
1036 1373 1166 1432 claustro

376 1472 481 1533 Beatae
512 1472 621 1533 Mariae
648 1472 683 1534 de
715 1472 828 1553 Populo
849 1475 878 1533 in
901 1493 960 1552 quo
986 1472 1166 1553 praecedenti

377 1585 461 1633 nocte
482 1579 694 1652 pernoctasset,
717 1574 851 1647 visitari,
873 1586 901 1635 et
920 1575 1106 1653 collegialiter
1130 1574 1165 1633 ad

376 1673 518 1733 Palatium
550 1675 751 1753 Apostolicum
779 1676 937 1750 associari3
966 1676 1016 1736 alii
1048 1676 1165 1755 quidam

376 1773 552 1847 cardinales,
573 1776 657 1836 amici
681 1776 726 1835 sul
747 1777 883 1855 speciales
901 1788 928 1836 et
942 1780 1166 1856 compatriotae,
1181 1825 1186 1842 -.

376 1868 466 1935 etiam
482 1876 510 1934 in
532 1875 577 1936 die
596 1876 736 1937 adrentus
757 1879 802 1937 sui
821 1877 857 1936 ad
879 1877 988 1937 dictum
1005 1879 1165 1938 claustrum

374 1976 428 2036 sibi
445 1994 497 2054 per
513 1994 603 2036 unum
625 1990 677 2038 aut
699 1988 741 2039 tot
763 1991 834 2057 quot
855 1980 894 2040 eia
918 1980 1043 2058 placaret
1076 1979 1165 2039 millia

374 2093 511 2155 pomum
537 2088 617 2137 extra
638 2078 747 2141 Urbem
769 2081 957 2159 personaliter
980 2082 1078 2141 venire
1110 2081 1165 2138 ob·

375 2178 451 2236 siam
485 2189 537 2239 aut
570 2180 713 2240 familiam
748 2199 830 2240 suam
859 2183 974 2242 mittere
1003 2192 1033 2242 et
1068 2181 1168 2241 deinde

375 2273 522 2354 ipsum,ut
537 2277 714 2355 praefertur,
736 2279 763 2337 ln
789 2296 872 2341 manc
893 2277 928 2337 ad
950 2278 1094 2338 Palatium
1111 2296 1162 2338 as·

375 2376 486 2436 sociare
508 2376 622 2451 debere,
643 2390 671 2439 et
692 2398 784 2459 posse,
809 2380 981 2440 asserebant.
1009 2380 1092 2439 Ttrnc
1112 2379 1166 2440 SS.

243 2528 247 2535 .
376 2475 411 2536 t).
432 2474 466 2538 Ν.
482 2495 537 2556 pro
551 2479 631 2539 nobis
646 2482 770 2554 mittere,
784 2490 813 2541 et
827 2479 916 2559 quod,
931 2481 1010 2541 circu
1026 2484 1168 2559 receptio·

379 2593 444 2635 nem
466 2593 608 2637 novorum
630 2578 827 2640 cardinalium
843 2583 870 2641 in
886 2581 967 2641 libris
989 2582 1094 2641 nostris
1114 2582 1168 2642 ba·

375 2674 497 2736 beretur
519 2677 659 2755 quicquid
681 2677 818 2740 hactenus
839 2680 1025 2741 obsecratum
1039 2692 1113 2742 essct
1126 2699 1166 2755 ,a

375 2774 456 2834 nobis
467 2777 637 2856 intelligere.
653 2776 706 2837 Die
718 2778 808 2857 igitur
818 2795 916 2840 ιιιιιιιι.
926 2777 1052 2856 januarii
1068 2798 1168 2842 coram

376 2872 532 2935 Sanctitate
549 2875 611 2936 Sua
629 2879 723 2938 vocati
737 2890 765 2939 et
787 2878 933 2939 constituti
952 2877 1023 2941 lter.
1038 2879 1067 2940 in
1079 2878 1168 2941 cirri·

374 2984 418 3035 sto
426 2975 746 3056 Paterl).lugustintrs
761 2980 910 3059 episcopus
925 2978 1069 3040 Plautinus
1080 2997 1168 3058 prae·

377 3075 467 3136 lectus
485 3073 578 3136 Officii
598 3076 839 3138 caerimoniarum
853 3123 861 3151 ,
876 3090 904 3140 et
919 3097 991 3159 ego,
1014 3079 1167 3139 retulimus

375 3174 406 3236 S.
422 3178 499 3238 Suae
515 3193 589 3255 quac
602 3176 756 3238 observata
773 3188 840 3238 aunt
860 3182 1032 3257 antiquitus,
1047 3189 1076 3238 et
1092 3198 1167 3258 quac

373 3286 541 3358 atempore
560 3278 608 3339 iel.
630 3297 689 3339 rec.
720 3277 793 3338 Sinti
828 3278 923 3359 Papae
947 3281 974 3339 in
996 3280 1163 3341 abusionem

374 3380 507 3440 deducta.
521 3380 685 3456 Antiquitas
701 3380 788 3450 enim,
805 3389 895 3458 prout
913 3381 982 3439 libri
997 3382 1098 3453 nostri,
1114 3383 1166 3457 qui

374 3480 436 3541 lere
450 3497 549 3541 omncs
564 3484 592 3538 in
613 3479 755 3538 Franciac
776 3478 919 3557 partibus,
938 3497 987 3539 scu
1011 3478 1166 3554 Arenione,

376 3580 510 3640 fabricati
528 3589 605 3650 sunt,
627 3577 769 3638 referunt:
784 3576 943 3659 cardinalis
958 3596 1050 3638 nortis
1065 3596 1116 3638 seu
1132 3579 1166 3642 de

375 3682 465 3742 latere
485 3677 611 3757 laegatus
632 3677 669 3736 ad
690 3675 803 3739 Urbem
826 3680 940 3739 veniens
961 3680 1022 3740 slve
1038 3677 1166 3753 rediens,

375 3799 427 3863 per
448 3783 565 3859 aliquot·
579 3797 683 3861 pauca,
706 3779 842 3840 videlicet
863 3791 989 3858 quatuor
1005 3792 1056 3841 aut
1077 3782 1167 3859 quin-

376 3902 433 3963 que
454 3883 590 3956 miliaria,
612 3879 819 3962 progrediebat
839 3892 920 3940 extra
938 3881 1059 3954 Urbem,
1080 3892 1109 3942 et
1137 3883 1165 3942 in

378 4001 462 4046 manc
483 3987 538 4045 iter
559 3983 688 4064 capiebat
712 3999 814 4042 versus
835 3979 968 4043 Urbem:
996 3979 1164 4042 Cardinalcs

376 4105 447 4147 vero
462 4104 558 4146 omnes
574 4085 602 4143 in
618 4085 715 4161 aliqua
736 4084 850 4162 platea,
870 4093 982 4164 portae.
995 4099 1051 4163 qua
1068 4100 1161 4145 novus

376 4187 536 4249 Cardinalis
550 4204 599 4246 seu
618 4183 747 4263 laegatus
762 4185 956 4263 ingressurus,
973 4186 1078 4257 ricina,
1092 4201 1165 4244 con·

375 4287 538 4358 veniebant,
552 4286 602 4345 ubi
616 4285 726 4363 equites
743 4283 877 4344 eumdem
893 4285 1089 4363 expectabantc
1102 4301 1163 4362 quo

376 4385 632 4467 appropinquante,
653 4385 763 4447 exibant
784 4386 837 4457 illi,
856 4396 884 4444 et
902 4395 1050 4462 equestres
1066 4386 1160 4464 ipsum

377 4487 564 4564 collegiaiiter
590 4484 781 4565 recipiebant,
802 4496 832 4547 et
852 4486 938 4545 simul
959 4484 996 4543 ad
1017 4483 1162 4545 Palatium

378 4586 647 4647 concussissent
667 4587 777 4663 aliquot
799 4587 880 4646 annis
903 4604 973 4646 cero
987 4586 1073 4655 citra,
1088 4584 1165 4645 car-

378 4685 485 4747 dlnales
496 4686 524 4745 in
537 4681 704 4761 hujusmodi
717 4686 839 4749 habenas
854 4687 1029 4757 relaxarunt,
1044 4696 1071 4745 et
1083 4685 1166 4746 noris

377 4784 463 4850 Card.
490 4805 543 4848 seu
563 4785 678 4865 Lageus
701 4787 875 4848 venientibus
895 4786 932 4844 ad
956 4785 1065 4848 Urbem
1080 4786 1165 4846 etiarn

381 4900 448 4950 ante
475 4888 549 4949 dem
584 4890 729 4966 ingressus
753 4904 856 4948 eorum
883 4887 919 4945 ad
946 4886 1166 4958 consistorium,

380 4989 495 5050 obsiana
524 4996 666 5049 uenerunt
696 4988 842 5067 sigillatim
870 4986 986 5065 quidam
1012 5005 1064 5068 per
1100 5007 1165 5061 sex,

380 5090 518 5167 quinque,
538 5090 582 5148 rel
595 5089 690 5168 plara,
702 5088 791 5165 aliqui
802 5087 860 5148 duo
871 5089 917 5148 rel
928 5105 1019 5147 unum
1032 5088 1166 5161 miliaria,

379 5191 427 5252 alii
455 5208 537 5250 suam
564 5190 700 5251 familiam
727 5191 867 5251 miserunt
888 5235 896 5263 ,
921 5190 998 5268 quod
1024 5208 1080 5251 non
1106 5191 1165 5251 aine

1873 667 1875 672 ·
1902 629 2017 716 (⁸⁸⁸)

1236 769 1372 844 usquead
1388 786 1470 829 mane
1486 766 1572 839 uenit,
1591 764 1639 827 sed
1660 767 1687 825 in
1707 784 1792 828 mane
1813 785 1881 827 cum
1897 767 1926 827 in
1943 787 2016 828 con·

1234 868 1348 929 sistorio
1358 869 1475 949 publico
1484 869 1573 946 recipi
1584 867 1729 940 deberent,
1739 869 1904 931 cardinales
1919 879 2018 932 omnes

1233 986 1283 1027 eos
1303 970 1508 1030 conduxerunt.
1525 968 1602 1029 ldem
1616 968 1671 1029 luit
1688 983 1836 1030 serratum
1858 990 1913 1049 pro
1929 971 1966 1030 li.
1978 970 2014 1031 l).

1235 1065 1364 1129 Olirerio
1384 1068 1579 1148 Neapolitano,
1596 1082 1723 1149 tempore
1739 1070 1822 1130 Pauli
1837 1070 1975 1142 Secundi,
1988 1082 2018 1131 et

1234 1167 1279 1227 Jo.
1311 1170 1510 1233 Mediolanensi
1540 1169 1756 1244 cardinalibus,
1779 1185 1908 1251 tempore
1945 1170 2018 1231 Sitti

1234 1264 1373 1344 praedicti
1394 1266 1430 1323 ad
1451 1264 1561 1327 Urbem
1587 1268 1780 1343 venientibus3
1810 1271 1859 1330 sed
1888 1290 1957 1332 cuin
1982 1271 2017 1334 de

1234 1382 1329 1426 meuse
1342 1366 1480 1426 februarii
1492 1383 1727 1430 acccctxxxvr.
1749 1369 1785 1429 lt.
1802 1370 1837 1430 D.
1859 1370 2020 1432 cardinalia

1233 1464 1444 1543 Andagasensia
1464 1487 1498 1527 ex
1520 1470 1660 1547 legatione
1689 1489 1740 1529 aua
1762 1471 1797 1531 de
1814 1472 1938 1531 Francia
1968 1489 2021 1530 re·

1233 1563 1330 1625 diisset
1348 1565 1376 1623 in
1391 1585 1467 1640 sero,
1484 1569 1582 1646 plures
1597 1568 1660 1629 llll.
1670 1568 1733 1629 llll.
1745 1570 1911 1632 cardinales
1927 1574 2020 1650 ipsum

1233 1662 1270 1721 ab
1290 1675 1370 1725 extra
1393 1685 1483 1745 usque
1503 1668 1540 1726 ad
1561 1669 1696 1730 Sanctam
1715 1672 1835 1732 llariarn
1851 1670 1887 1733 dc
1905 1670 2019 1749 Populo

1234 1765 1440 1827 conduxerunt.
1452 1768 1545 1841 ldern,
1562 1780 1594 1830 ut
1609 1771 1732 1832 intellexi
1745 1772 1779 1832 de
1795 1771 1930 1852 pluribus
1948 1772 2039 1844 attis,

1236 1866 1366 1928 uidelicet
1382 1878 1511 1947 tempore
1525 1868 1569 1928 Pii
1586 1870 1722 1943 Secundi,
1743 1873 1772 1932 in
1793 1873 1919 1933 adventu
1932 1871 2021 1931 Atra·

1235 1966 1357 2029 batensis
1368 1970 1445 2031 etlle
1456 1969 1587 2043 Libreto,
1599 1975 1649 2050 qui
1665 1975 1750 2035 simul
1771 1993 1805 2036 ex
1826 1974 1952 2034 Francia
1970 1994 2021 2035 re·

1235 2081 1349 2143 nerunt,
1363 2082 1404 2141 et,
1425 2082 1457 2131 ut
1477 2090 1575 2131 omncs
1591 2073 1683 2152 Reges
1694 2075 1846 2147 Franciae,
1859 2076 1889 2135 in
1905 2074 2019 2153 publica

1235 2173 1301 2230 aula
1329 2182 1408 2230 retro
1435 2170 1578 2231 bancbum
1605 2173 1848 2253 Presbyterorum
1874 2173 2020 2234 Cardine-

1236 2272 1307 2331 lium
1333 2280 1439 2330 stantes
1464 2271 1493 2329 in
1520 2272 1637 2349 publico
1657 2273 1843 2348 consistorio,
1858 2276 2020 2334 orationem

1235 2370 1409 2442 habuerunt,
1424 2380 1453 2429 el
1468 2370 1668 2451 Pragmaticae
1690 2373 1841 2437 Sarrctioni
1861 2374 2019 2435 renuncia·

1237 2482 1325 2544 rurrt;
1347 2470 1458 2544 deinde,
1478 2483 1571 2533 stante
1592 2474 1802 2549 consistorio,a
1823 2477 1956 2554 praelato
1970 2474 2022 2536 Pio

1236 2575 1331 2653 pileati
1348 2574 1466 2634 luerunt
1477 2596 1487 2647 3
1499 2575 1573 2637 idem
1589 2578 1618 2637 in
1634 2578 1757 2640 adventu
1777 2579 1970 2641 constantien.
1987 2599 2020 2640 ex

1236 2675 1340 2735 eisdem
1361 2675 1492 2754 partibus
1508 2675 1563 2737 iuit
1579 2678 1776 2752 observatum,
1787 2691 1816 2740 et
1836 2679 1871 2741 de
1888 2680 2020 2759 pluribus

1235 2775 1310 2847 aliis,
1321 2777 1405 2835 etiam
1418 2786 1546 2854 tempore
1567 2776 1678 2840 Nicolai
1698 2777 1808 2852 Otrinti,
1824 2791 1913 2860 prout
1933 2779 1969 2839 tt.
1984 2780 2022 2839 Ι).

1235 2875 1395 2936 cardinalis
1411 2875 1509 2936 Sancti
1522 2876 1614 2937 Marci
1626 2878 1705 2939 nobis
1720 2878 1829 2940 retulit.
1844 2877 1957 2947 Quibus
1970 2898 2020 2957 per

1237 2976 1292 3037 SS.
1308 2976 1345 3037 t).
1361 2975 1395 3035 Ν.
1416 2977 1576 3049 intellectis,
1593 2979 1702 3057 placuit
1720 2978 1818 3038 Senot.
1840 2979 1930 3051 Suae,
1944 2978 2020 3056 quod

1236 3076 1346 3155 primae
1367 3087 1396 3137 et
1416 3075 1550 3155 antiquae
1569 3080 1757 3139 caerimoniae
1774 3080 2019 3141 observarentur:

1239 3177 1331 3237 voluit
1352 3187 1446 3236 tamen
1461 3176 1603 3237 Sanctitas
1622 3178 1683 3237 Sua
1705 3179 1782 3257 quod
1798 3192 1923 3241 mentem
1941 3200 2021 3241 suam

1236 3278 1264 3337 in
1286 3281 1450 3355 praemissis
1468 3277 1532 3337 itit.
1552 3280 1803 3354 vicecancellario,
1824 3280 2020 3361 Neapolitano,

1235 3378 1335 3439 Sancti
1357 3378 1466 3453 lilarcl,
1497 3379 1714 3458 andegasensi,
1733 3380 1957 3455 Mediolanensi,
1978 3382 2022 3444 U·

1236 3480 1417 3553 lixbonensi,
1438 3492 1467 3541 et
1494 3478 1526 3540 de
1549 3480 1670 3541 Sabellis
1690 3482 1891 3544 cardinalibus
1910 3478 2021 3562 signiti-

1235 3597 1387 3651 caremus,
1409 3590 1557 3641 eteorum
1580 3583 1746 3643 sententiam
1770 3583 1924 3643 Sanctitati
1945 3585 2020 3645 Suae

1235 3679 1334 3741 deinde
1351 3681 1534 3741 referremus.
1552 3682 1666 3742 Placuit
1683 3683 1771 3761 igitur
1790 3684 1922 3744 omatibus
1935 3702 2021 3763 prae·

1234 3779 1299 3840 latis
1321 3778 1385 3839 lttt.
1403 3780 1465 3840 ut).
1487 3792 1553 3841 octo
1573 3782 1774 3843 cardinalibus
1795 3783 1850 3844 SS.
1863 3785 1899 3844 l).
1922 3783 2017 3845 Nostri

1234 3880 1327 3961 Papae
1341 3881 1518 3954 deliberatio,
1538 3900 1624 3960 quarn
1636 3895 1665 3944 et
1678 3896 1877 3964 acceptarunt,
1894 3895 1923 3946 et
1944 3885 2020 3945 San·

1234 3982 1325 4042 ctitati
1339 3982 1418 4042 Suae
1429 3993 1607 4062 propterea,
1629 3985 1707 4062 quod
1729 3983 1897 4061 hujusmodi
1909 3989 1950 4047 rei
1967 4006 2021 4049 cu-

1234 4101 1298 4144 ram
1311 4084 1453 4155 babuerit,
1461 4084 1572 4162 gratias
1583 4082 1832 4162 egeruntddjecit
1844 4086 2021 4148 ramentis).

1222 4183 1270 4260 J).
1295 4183 1457 4244 cardinalis
1487 4183 1698 4262 Andagavensis
1718 4186 1794 4247 dicto
1811 4206 1866 4248 suo
1891 4187 1970 4266 quod
1994 4187 2020 4246 in

1234 4286 1320 4364 pleno
1341 4284 1511 4343 consistorio
1532 4283 1722 4345 deliberatum
1744 4286 1843 4348 luisset
1859 4289 1955 4368 ipsum
1974 4307 2022 4348 so·

1235 4385 1306 4453 lum,
1319 4396 1466 4461 tamquam
1482 4384 1702 4462 compatriotam
1724 4387 1845 4465 praelati
1863 4388 2023 4450 cardinalis

1233 4486 1269 4546 de
1290 4485 1382 4557 Furto,
1403 4484 1517 4544 obviam
1540 4486 1582 4545 ire
1603 4485 1706 4547 debere
1716 4508 1727 4560 ς
1750 4500 1903 4567 propterea
1922 4489 2021 4550 mirari

1235 4586 1369 4647 Sanctiss.
1389 4584 1424 4644 D.
1445 4583 1480 4644 Ν.
1501 4586 1540 4646 ita
1564 4587 1597 4646 de
1612 4586 1688 4647 sacili
1701 4585 1933 4650 deliberationem
1952 4610 2023 4650 con·

1234 4689 1405 4749 sistorialem
1418 4705 1556 4748 revocare
1567 4698 1596 4747 et
1606 4688 1660 4747 alia
1670 4689 1766 4769 plura.
1782 4690 1875 4769 igitur
1891 4690 1926 4752 dc
1939 4710 2022 4751 man-

1235 4789 1301 4851 dato
1323 4788 1377 4849 SS.
1401 4788 1436 4847 t).
1459 4786 1493 4849 Ν.
1521 4790 1683 4851 intimatum
1716 4789 1772 4850 iuit
1804 4790 1927 4870 singulis
1957 4791 2019 4852 lili

1235 4891 1297 4950 Dll.
1317 4889 1516 4950 cardinalibus
1548 4909 1600 4968 per
1629 4907 1763 4950 cursores
1785 4891 1831 4952 die
1852 4891 2022 4966 Dominica,

1235 5006 1330 5051 xxiia
1364 4988 1467 5047 mensis
1488 4985 1616 5065 januarii
1646 4989 1796 5069 praedicti,
1822 4991 1902 5069 quod
1929 4994 2024 5054 nullus

1234 5106 1336 5151 eorum
1369 5088 1413 5147 cel
1445 5088 1556 5160 radat,
1580 5089 1624 5148 rel
1649 5106 1731 5148 stram
1763 5089 1904 5151 santiliam
1931 5094 2024 5154 mittat

1235 5190 1350 5250 obviam
1370 5188 1407 5249 1t.
1429 5188 1464 5248 l).
1489 5188 1636 5251 cardinali
1655 5191 1690 5251 de
1710 5190 1805 5263 rasa,
1819 5192 1871 5253 illo
1885 5213 1953 5255 sero
1974 5214 2026 5255 re·

379 5302 446 5352 nota
458 5292 897 5382 gravitatis.Temporesanctae
910 5290 1164 5352 recordationisPii
1235 5290 1322 5351 nienti
1343 5290 1379 5350 ad
1402 5291 1564 5351 claustrum
1581 5290 1704 5353 Sanctae
1723 5261 1831 5366 liariae
1851 5292 1887 5353 de
1901 5294 2026 5376 Populo,

380 5390 517 5463 Secundi,
538 5390 662 5464 eSenis,
684 5410 751 5451 cnm
772 5391 808 5450 li.
827 5392 863 5452 D.
879 5390 1038 5452 cardinalis
1054 5391 1164 5453 Senen·
1198 5431 1202 5472 ,
1236 5393 1304 5470 quia
1325 5402 1367 5452 est
1386 5401 1487 5452 contra
1509 5394 1640 5469 antiquas
1661 5405 1689 5454 et
1711 5396 1799 5468 bonan
1818 5396 2027 5468 caerimonias,

379 5490 418 5548 sis
433 5490 564 5551 etbonae
580 5492 735 5552 memoriae
755 5491 913 5554 cardinalia
931 5491 1165 5554 licinutiustunc
1197 5478 1202 5634 p
1235 5494 1284 5555 sed
1304 5493 1432 5571 sequenti
1455 5493 1500 5554 die
1526 5493 1601 5555 bono
1622 5514 1704 5557 mane
1737 5498 1843 5584 rodaqt
1859 5514 1965 5557 omnes
1989 5498 2024 5555 ad

379 5592 492 5649 noviter
526 5594 614 5651 creati
642 5591 750 5653 Urbem
783 5604 874 5654 essent
904 5591 1060 5665 intraturi,
1082 5610 1165 5654 nemo
1236 5594 1346 5657 dictum
1369 5595 1529 5655 claustrum
1552 5594 1674 5656 Sanctae
1698 5596 1807 5659 lloriae
1826 5592 1862 5656 tie
1887 5594 2029 5675 Populo,

1233 5708 1262 5757 et
1284 5696 1322 5756 ibi
1345 5694 1483 5774 recipiant
1514 5696 1694 5776 praedictum
1722 5696 1757 5756 lt.
1781 5700 1816 5758 l).
1838 5692 2029 5757 cardinalem

379 5687 589 5765 Cardinaliurn,
601 5702 651 5753 aut
661 5711 764 5754 eortrm
778 5693 954 5755 familiarum
967 5693 1034 5773 ipsis
1048 5693 1164 5755 obviant
1196 5638 1201 5750 i
