4492 6859
244 625 356 706 (arun

244 764 388 827 cineribus
406 782 460 844 per
478 762 533 825 88.
553 763 589 825 D.
608 764 644 826 N.
661 764 698 826 ll.
718 766 751 828 P.
768 768 806 829 D.
822 767 943 831 iaeomo
958 769 1034 831 Pro*

244 866 389 926 tonotorio
413 864 450 925 de
468 863 657 939 Sermonem,
684 866 831 931 Sanctitas
858 870 920 931 Sao
938 871 1033 950 ipsum

243 967 377 1027 similiter
394 968 423 1025 in
451 967 629 1027 assistentem
651 985 737 1027 suum
767 972 894 1049 recepit,
914 980 944 1031 et
965 989 1033 1031 erran

241 1067 345 1127 ceteris
373 1065 572 1126 assistentibus
589 1067 723 1128 eumdem
749 1070 889 1129 collocari
912 1070 1035 1129 manda⁴

245 1166 306 1237 rit,
328 1176 417 1244 prout
439 1163 573 1225 adstatim
599 1165 707 1227 luctum
722 1167 786 1228 init.
812 1168 882 1229 Post
902 1171 1033 1231 cinerum

242 1264 386 1326 dationem
400 1263 437 1325 D.
452 1264 578 1324 Aloisins
596 1265 631 1325 de
646 1265 808 1339 Puladiuis,
821 1266 933 1329 Orator
947 1269 1034 1331 Sere-

242 1365 309 1427 uiss.
324 1363 413 1442 Regis
431 1364 619 1446 Neapolitani,
634 1365 711 1428 dedit
725 1387 829 1446 autrum
841 1369 945 1449 Papae,
958 1370 1033 1430 Rev.

244 1465 391 1527 Cardinali
417 1465 518 1526 Sancti
539 1466 704 1538 Clementis,
722 1468 825 1530 Priore
840 1469 1034 1551 Presbytero·

242 1585 312 1629 rum
341 1567 541 1628 cardinalium
559 1570 652 1646 ipsum
674 1566 842 1644 adjurante.
860 1571 923 1629 Alia
939 1570 1033 1632 curalo

242 1668 397 1730 obserrma
427 1678 497 1728 sunt
528 1684 610 1728 more
642 1669 746 1741 solito;
777 1689 939 1731 sermonem
967 1671 1035 1732 lecit

242 1777 420 1849 procurator
434 1767 545 1827 ordinis
572 1768 714 1827 Fratrum
731 1769 858 1831 Sanctae
872 1770 982 1831 liuriae
1000 1770 1035 1832 de

242 1867 338 1930 usare
369 1867 514 1928 Carmeia.
548 1867 671 1937 Attende
699 1868 779 1946 qnod
806 1888 875 1930 eum
904 1871 977 1931 ulios
1005 1872 1034 1931 in

241 1966 288 2028 die
308 1965 523 2027 Purifieatiouis
543 1967 649 2029 Beatam
674 1967 785 2030 blot-iae
812 1970 943 2048 Virginis
968 1971 1035 2030 unul

241 2083 274 2128 Ι.
292 2082 380 2127 cccc.
398 2080 542 2129 cxxxvn.
564 2067 641 2128 inter
660 2065 802 2130 llratores
824 2068 981 2147 Ungurioe,
1006 2082 1035 2131 et

244 2164 361 2228 Scotiae
382 2166 497 2245 liegnm
518 2186 607 2247 super
629 2167 828 2247 praecedentia
843 2169 1033 2231 contendere·

244 2276 305 2340 tnr,
317 2268 406 2329 felicis
421 2268 650 2329 reminiscentiae
671 2270 857 2330 innocentius
871 2270 951 2349 Papa
971 2272 1035 2331 vnt

247 2367 284 2429 de
305 2367 436 2428 omnium
456 2368 657 2429 cardinalium
678 2370 798 2431 consilio
813 2369 954 2443 deorumn
969 2371 1035 2433 Uu-

243 2469 347 2546 gariue
368 2468 477 2547 Regem
509 2469 682 2547 praecedere
702 2469 807 2530 debere
828 2470 937 2548 Regem
959 2471 1036 2532 Sca·

239 2572 320 2642 tine,
342 2580 429 2647 prout
456 2588 489 2630 ea
511 2569 556 2630 die
576 2573 664 2632 etiam
687 2571 833 2631 annotavi.
855 2572 919 2631 floe
953 2590 1037 2633 mane

240 2669 298 2732 88.
321 2669 357 2730 D.
380 2667 416 2730 Ν.
447 2686 515 2731 enm
548 2671 578 2730 iu
611 2688 726 2731 eamean
762 2672 913 2752 Papngulli
940 2692 1037 2753 ,para-

240 2782 336 2831 menta
355 2771 519 2849 acciperet,
543 2771 579 2830 ad
593 2774 833 2852 supplicationem
852 2793 945 2836 meum
961 2793 1038 2835 eon·

240 2871 325 2931 cessit
346 2871 430 2936 nobis
451 2872 568 2933 clericis
587 2874 834 2935 caerimoniarum
856 2887 894 2938 et·
906 2876 1037 2937 cantori.

241 2962 317 3036 bns,
338 2983 373 3025 ac
403 2966 467 3025 ullis
497 2967 670 3027 officialibus
690 2971 837 3047 cappellae
868 2970 1037 3031 Sanctitatis

247 3062 325 3126 Saue
356 3066 525 3126 iucrrltatem
558 3067 681 3144 eligendi
712 3069 793 3128 nobis
818 3069 1036 3141 consessorem,

246 3165 296 3241 qni
318 3181 370 3225 nos
392 3165 429 3224 ub
450 3165 584 3225 omnibns
615 3168 742 3245 peccatis
761 3179 837 3242 etc,
858 3170 944 3232 etiarn
968 3171 1037 3234 Sedi

241 3261 424 3342 Apostolicae
450 3266 629 3341 reserantis,
647 3269 816 3340 absoluere,
831 3281 866 3330 et
877 3272 1036 3349 plenariam

240 3376 428 3443 peecatorum
457 3376 625 3428 nostrorum
649 3368 847 3430 remissionem
870 3371 1037 3450 impendere

247 3475 354 3543 posset,
369 3466 517 3545 quodque,
530 3466 672 3527 visitando
685 3467 810 3547 singulis
821 3468 923 3530 diebus
936 3471 1038 3532 blture

246 3562 340 3639 majus
361 3565 506 3628 Basilicae
528 3565 629 3628 Sancti
645 3567 739 3642 Petri,
752 3586 967 3648 consequamur
988 3570 1038 3630 in·

249 3662 412 3744 dulgentias
426 3664 591 3727 Stationntn
604 3666 701 3729 Urbis.

285 3764 439 3827 Douriniea
461 3768 555 3846 prima
577 3768 831 3847 quadragesimae,
859 3786 970 3832 xxttn.
992 3771 1038 3833 lc·

243 3863 365 3937 benarii,
386 3865 459 3944 Der.
484 3866 516 3926 iu
548 3867 667 3928 Cinisto
688 3868 776 3931 Pater
807 3868 843 3928 D.
873 3867 1038 3948 Stephanus

243 3964 451 4044 brebiepiscop
460 3983 497 4025 ns
517 3960 716 4037 Patracensis,
737 3977 766 4028 et
787 3968 938 4047 episcopus
957 3969 1037 4031 Tor·

243 4064 387 4134 cellanus,
408 4062 465 4124 SS.
482 4063 517 4123 D.
535 4062 571 4129 Ν.
589 4063 686 4145 Papae
710 4065 859 4138 assistens,
880 4067 1039 4132 celebrarit

243 4162 361 4224 Missam
382 4162 549 4242 publicam,
582 4163 638 4226 88.
660 4164 699 4226 Ι).
719 4164 754 4227 Ν.
773 4178 931 4245 praesente.
963 4167 1039 4230 Ser·

249 4280 366 4325 matrem
383 4262 452 4325 lecit
466 4274 641 4340 procurator
657 4262 775 4327 Ordiais
788 4265 1036 4329 Praedicatorum.

250 4362 316 4424 ntra
336 4362 434 4422 ourniu
455 4362 611 4424 obseruata
632 4374 702 4425 sunt
722 4384 804 4428 ruore
825 4366 921 4427 solito.
936 4367 968 4427 ln
982 4385 1038 4428 no-

250 4474 296 4524 cte
319 4466 488 4542 praeterita,
510 4464 590 4524 circa
613 4464 787 4530 boramrrn
800 4469 903 4541 noctis,
921 4469 1038 4546 qnidam

249 4566 387 4642 Aquitani
409 4565 438 4624 in
459 4565 578 4624 domum
601 4565 784 4629 habitationis
815 4567 905 4629 bonae
926 4587 1039 4630 memo-

250 4666 316 4726 riae
324 4665 452 4746 episcopi
467 4666 601 4744 Aquiloni
617 4665 711 4728 Dera.
726 4667 763 4728 D.
783 4667 947 4730 cnutonis
961 4669 1038 4731 San-

250 4766 291 4827 eti
312 4765 392 4828 Petri
414 4767 451 4827 ad
470 4767 592 4829 tarenta
611 4767 688 4848 upud
709 4768 863 4829 Basilicum
884 4788 939 4834 xn.
957 4772 1039 4850 Apa·

250 4866 396 4927 stolmum
418 4868 606 4945 contiguam,
627 4886 679 4946 par
701 4867 855 4929 fenestram
883 4870 1038 4947 qtramdam

248 4966 403 5039 salientes,
430 4976 460 5027 et
493 4966 632 5028 intrantes
645 5010 654 5041 ,
674 4967 768 5028 bastin
789 4987 974 5031 aurocrorum
1009 4972 1038 5031 ri

246 5065 596 5146 aperientes,praesatnm
613 5069 780 5148 episcopum
803 5070 832 5129 lu
847 5072 964 5132 enorisia
985 5071 1040 5131 sub

249 5166 326 5228 lecto
346 5186 406 5228 sno
421 5165 450 5226 in
480 5177 561 5228 terra
595 5178 744 5248 repertum
777 5170 978 5233 miserabiliter
1010 5183 1040 5235 ct

249 5266 411 5328 crudeliter
433 5266 620 5339 oeciderunt,
641 5284 717 5330 χιιι.
739 5270 860 5330 vulnera
892 5273 938 5331 rel
960 5272 1038 5333 eirca

249 5366 307 5428 sibi
328 5366 453 5437 darrtes,
473 5376 502 5428 et
517 5368 640 5445 receptis
655 5368 731 5429 rosis
745 5370 914 5447 argenteis,
931 5379 961 5431 et
975 5371 1040 5432 aliis

252 5466 363 5540 rebus,
385 5484 459 5545 qum
484 5464 635 5526 comanode
656 5476 775 5546 portare
795 5481 939 5549 poterant,
958 5470 1040 5533 abia·

249 5577 343 5639 route
364 5565 486 5629 luerunt
515 5574 616 5627 autem
649 5584 752 5628 eornm
774 5570 824 5648 qni
857 5570 1041 5634 intraverunt

249 5678 280 5728 et
300 5666 471 5730 occiduunt
489 5684 614 5729 numere
632 5684 681 5729 sex
697 5668 741 5728 rei
764 5668 865 5745 circa,
884 5681 914 5733 et
932 5690 1041 5750 qnam·

709 627 993 696 consulendus
1014 628 1241 696 memnona
1262 622 1388 689 8ΕΧΤΙ.

1827 608 1889 673 Pii

1101 768 1203 847 ptores
1234 772 1316 823 extra
1351 757 1471 819 domum
1502 773 1605 820 emam
1627 753 1803 833 complices,
1837 750 1889 828 qui

1102 876 1245 945 qrratenas
1265 879 1338 942 opus
1356 868 1441 931 auct,
1454 876 1504 919 eos
1517 853 1660 932 adjuame
1681 854 1775 935 parati
1794 864 1889 927 ernon

1101 969 1175 1030 idern
1191 968 1341 1046 episcopus
1359 962 1414 1022 init
1429 970 1527 1039 postea
1545 959 1677 1038 sepultus
1694 958 1754 1019 sinc
1775 972 1890 1035 pompa.

1142 1071 1227 1133 i'eria
1248 1066 1383 1139 monada,
1394 1080 1470 1126 xxv.
1481 1062 1633 1133 februarii,
1649 1060 1704 1122 luit
1718 1058 1889 1139 pubblicum

1101 1171 1312 1234 consistorium
1335 1169 1364 1227 in
1396 1166 1483 1227 tertia
1514 1163 1581 1223 aula
1603 1161 1709 1222 Palatii
1728 1171 1892 1233 consueta,

1102 1271 1131 1330 iu
1152 1287 1212 1349 qno
1233 1269 1306 1329 Rev.
1327 1267 1357 1327 io
1377 1264 1495 1328 cbristo
1516 1263 1550 1323 P.
1569 1263 1606 1323 l).
1625 1261 1755 1324 Andreas
1776 1262 1890 1341 episco-

1101 1389 1157 1451 pus
1177 1370 1280 1430 Albani
1310 1378 1340 1429 et
1368 1366 1466 1446 Magn.
1487 1364 1551 1424 DD.
1575 1363 1631 1424 riri
1651 1362 1831 1425 Beneventus
1854 1362 1890 1425 dc

1102 1472 1212 1531 Sancto
1234 1468 1364 1547 Georgio
1383 1486 1420 1529 ex
1438 1464 1599 1527 comitibus
1620 1462 1810 1525 Dlundractae
1825 1461 1890 1525 Οτ-

1103 1574 1177 1633 dinis
1196 1570 1294 1633 Sancti
1311 1568 1450 1631 lobannis
1464 1564 1730 1645 Hierosolymituoi
1744 1575 1774 1627 et
1787 1563 1891 1629 nuta·

1104 1674 1186 1734 ricus
1207 1673 1337 1734 Titianus
1351 1671 1478 1733 Vesanus
1498 1668 1534 1729 D.
1549 1665 1665 1735 milites,
1680 1666 1827 1728 lttusutss.
1850 1665 1886 1727 D.

1103 1773 1240 1834 llooilutii
1261 1771 1440 1834 ilarcbionis
1452 1768 1660 1840 Montislerrati
1678 1762 1821 1830 Oratores
1835 1766 1891 1830 88.

1105 1873 1142 1934 D.
1165 1873 1199 1934 Ν.
1219 1872 1383 1935 Alexandro
1403 1870 1500 1950 Papae
1520 1868 1568 1930 vt
1590 1867 1781 1931 obedientiam
1811 1868 1894 1930 debi-

1104 1984 1163 2033 tam
1202 1975 1420 2052 praestiterunt.
1456 1967 1626 2049 Propositus
1666 1967 1786 2030 inerunt
1818 1966 1893 2030 dnae

1103 2072 1326 2134 commissiones.
1358 2071 1457 2132 Prima
1490 2087 1541 2149 per
1557 2068 1610 2136 D.
1640 2065 1820 2130 Coronatum
1857 2067 1893 2132 de

1102 2174 1233 2247 Planco,
1251 2174 1402 2234 Detractum
1423 2169 1650 2230 Advocatorum.
1673 2165 1807 2229 &cunda
1839 2185 1893 2247 per

1103 2274 1139 2334 D.
1161 2275 1351 2334 Franciscnm
1366 2272 1402 2331 de
1420 2269 1532 2342 Padum
1554 2286 1612 2346 qua
1627 2267 1751 2347 incepto,
1772 2267 1808 2329 dc
1825 2286 1892 2347 spe·

1103 2375 1170 2435 ciali
1193 2373 1328 2434 mandato
1354 2371 1410 2433 88.
1432 2369 1468 2431 D.
1490 2368 1525 2431 Ν.
1547 2367 1655 2429 luimus
1675 2385 1732 2446 pro
1752 2364 1892 2428 Oratori-

1103 2473 1158 2533 bus
1179 2474 1335 2553 pruedictis
1367 2472 1395 2532 in
1414 2489 1506 2551 porra
1532 2469 1664 2549 cappella
1696 2485 1779 2530 more
1809 2468 1894 2530 sotira

1103 2574 1336 2654 expectantibus,
1369 2591 1442 2650 qnos
1470 2571 1653 2632 ambularunt
1672 2568 1711 2631 ad
1741 2567 1892 2630 Pantillels

1103 2674 1295 2754 praesentiam
1316 2672 1390 2733 Rev.
1412 2673 1441 2732 in
1470 2671 1589 2733 Christo
1610 2682 1706 2749 patres
1729 2669 1766 2731 D.
1788 2669 1893 2732 breis·

1104 2776 1191 2835 tensis
1210 2785 1239 2835 et
1256 2773 1429 2835 Cnsentinns
1447 2770 1686 2851 brebiepiscopi,
1705 2780 1735 2832 et
1753 2770 1893 2834 vultera-

1104 2876 1198 2935 nensis
1218 2894 1254 2934 oe
1273 2872 1483 2936 Alexandrinus
1498 2869 1634 2950 episcopi,
1648 2868 1810 2932 assistentes
1830 2869 1890 2931 Pa·

1103 2993 1167 3054 pue.
1201 2973 1426 3034 Praesentnrunt
1447 2972 1503 3033 88.
1524 2971 1560 3032 Ι).
1584 2968 1618 3031 Ν.
1641 2971 1737 3033 literas
1769 2970 1893 3033 credau-

1105 3076 1185 3135 tiules
1206 3085 1236 3134 et
1267 3072 1435 3133 mandatum
1463 3091 1515 3151 per
1548 3069 1702 3133 Notarium
1723 3071 1893 3151 pubblicum

1104 3174 1312 3254 subscriptum.
1324 3173 1405 3242 Qnue
1420 3172 1505 3232 ambo
1516 3172 1589 3234 lecta
1610 3170 1739 3233 luerunt.
1758 3170 1893 3232 Secunda

1104 3275 1304 3336 commissione
1337 3271 1505 3352 proposita,
1526 3271 1596 3333 licet
1629 3270 1666 3332 D.
1688 3270 1818 3332 tustinus
1839 3270 1893 3333 Vi·

1103 3375 1230 3435 litraous
1249 3374 1408 3435 odrocutns
1427 3374 1504 3435 Fisci
1525 3374 1642 3434 tertiam
1664 3371 1893 3436 commistores

1104 3472 1340 3552 propositurus,
1376 3488 1439 3530 eam
1477 3479 1572 3530 tamen
1604 3466 1640 3529 de
1673 3466 1808 3530 inundato
1837 3465 1893 3529 88.

1104 3572 1141 3635 D.
1164 3569 1198 3632 Ν.
1221 3590 1272 3651 per
1292 3589 1339 3631 ore
1359 3569 1414 3630 sihi
1433 3569 1511 3630 sacto
1537 3586 1594 3629 non
1620 3568 1780 3648 proposuit.
1812 3563 1894 3629 Ors-

1104 3673 1212 3733 tionem
1239 3670 1311 3733 iecit
1340 3669 1375 3731 D.
1396 3670 1588 3743 Brmreotus,
1607 3669 1752 3731 secundus
1771 3665 1895 3741 Orator,

1105 3774 1157 3851 rpri
1176 3770 1277 3833 deinde
1298 3768 1429 3832 fimbrias
1451 3769 1587 3848 pluvialis
1618 3768 1715 3848 Papae
1735 3768 1771 3829 ad
1794 3786 1894 3830 cama·

1105 3891 1170 3933 ram
1203 3871 1355 3953 parturit,
1388 3869 1595 3931 nonobstante
1628 3869 1706 3946 quod
1736 3868 1893 3947 religiosus

1105 3970 1225 4032 Ordinis
1245 3969 1277 4030 8.
1293 3968 1431 4029 lobannis
1445 3967 1701 4047 Hierosolymitani
1717 3977 1800 4038 esset,
1814 3965 1894 4047 Papa

1104 4070 1228 4133 lamini
1258 4089 1391 4149 expresse
1421 4068 1629 4130 committente.
1658 4069 1791 4130 Fuerunt
1819 4070 1893 4130 inter

1104 4189 1173 4231 suos
1194 4169 1277 4229 multi
1299 4169 1405 4230 milites
1424 4179 1453 4230 et
1473 4167 1605 4239 nobiles,
1627 4166 1739 4247 perlis,
1766 4165 1894 4230 nubas

1104 4268 1140 4332 de
1161 4268 1301 4330 braccata
1315 4269 1382 4328 auri
1397 4279 1427 4331 et
1446 4268 1577 4347 urgenti,
1596 4285 1632 4327 ac
1652 4266 1688 4329 de
1708 4267 1819 4328 vellutu
1840 4285 1894 4328 or·

1105 4368 1251 4430 notissime
1271 4366 1373 4448 parati.

1148 4470 1235 4531 Peria
1257 4479 1361 4547 quarta
1383 4477 1512 4546 otratnor
1534 4478 1711 4546 temporum,
1732 4482 1827 4530 xxvn.
1848 4466 1894 4528 lc-

1106 4570 1230 4642 brnarii,
1252 4569 1381 4632 Snrtione
1397 4568 1433 4628 ud
1452 4567 1590 4629 &actam
1609 4566 1732 4629 Mariam
1753 4564 1895 4644 Mojaraat

1105 4670 1255 4743 existente,
1274 4669 1328 4732 88.
1342 4670 1377 4730 D.
1391 4667 1425 4730 Ν.
1444 4669 1542 4728 ondita
1558 4668 1644 4732 nias
1657 4668 1687 4729 in
1705 4686 1823 4732 aarum
1841 4685 1896 4730 sna

1107 4770 1178 4835 dixit
1196 4791 1227 4833 ss
1248 4771 1360 4831 iturum
1388 4767 1587 4830 ad‘Saoctam
1607 4768 1732 4829 blaciam
1750 4764 1893 4844 liujoratn

1107 4869 1205 4930 habito
1226 4870 1308 4949 prins
1329 4869 1442 4929 modico
1464 4868 1635 4929 consistorio
1651 4868 1713 4928 sire
1732 4864 1839 4938 brari,
1857 4881 1893 4926 ac

1107 4969 1214 5029 ibidem
1236 4967 1368 5030 oratione
1389 4977 1456 5030 ante
1476 4968 1569 5028 altare
1588 4967 1687 5039 iacta,
1706 4984 1737 5026 se
1759 4965 1894 5028 risurum

1106 5087 1182 5147 qnae
1202 5088 1257 5148 pro
1277 5078 1428 5130 structura
1459 5067 1538 5127 illios
1559 5063 1696 5127 ecciesiae
1722 5064 1784 5126 sire
1801 5081 1894 5143 supra

1107 5171 1188 5231 coelo
1215 5179 1315 5248 pornta
1348 5178 1456 5239 erant,
1485 5167 1757 5244 interrogansme,
1790 5180 1827 5223 aa
1857 5181 1895 5228 uc

1107 5269 1403 5349 conveniretpopulo,
1420 5266 1553 5327 aratione
1574 5283 1625 5345 per
1647 5281 1714 5327 cnm
1733 5263 1811 5325 lucta
1829 5274 1895 5328 nale

1106 5372 1212 5443 altore,
1239 5368 1407 5431 solemniter
1440 5365 1616 5429 benedicere.
1639 5362 1783 5443 Respondi
1816 5363 1897 5428 San·

1109 5470 1204 5533 etitati
1223 5468 1312 5545 Suae,
1324 5470 1420 5531 minus
1434 5467 1611 5541 convenire,
1631 5484 1666 5527 ac
1681 5464 1798 5527 omnino
1812 5474 1894 5528 extra

1108 5569 1293 5632 ordinarium
1307 5589 1379 5642 esse,
1389 5586 1444 5647 pra
1457 5583 1492 5629 ca
1508 5563 1586 5645 quod
1596 5564 1679 5638 nibil,
1692 5562 1825 5628 videlicet
1840 5582 1895 5628 ne·

1109 5687 1167 5749 qne
1187 5670 1296 5744 Missa,
1317 5686 1410 5749 oeque
1424 5683 1565 5748 rcspcre,
1583 5664 1627 5729 vel
1642 5661 1711 5744 qnid
1732 5662 1825 5726 nmile
1842 5664 1893 5727 be·
