4492 6859
227 610 340 707 latos)

274 761 424 821 Postremo
452 754 625 833 sequebatur
652 755 811 835 Imperium
844 756 937 817 leram
967 773 1020 815 ve·

231 857 334 918 xillum
355 858 470 934 aquila,
489 857 613 934 galeam,
630 854 777 927 Diademn,
798 854 938 915 blandum
959 855 1020 915 sive

232 1091 331 1142 Terras
347 1092 445 1141 firmas
462 1094 583 1141 inventas
600 1094 627 1139 et
645 1090 834 1149 inveniendas,
858 1089 977 1139 detectas
994 1093 1021 1139 et

231 1170 394 1234 detegendas
417 1183 511 1219 versus
537 1169 705 1219 Occidentem
721 1174 747 1219 et
762 1168 915 1228 bleridiem,
939 1167 1022 1216 labri-

231 1252 317 1300 cando
339 1254 366 1299 et
389 1248 566 1298 construendo
583 1262 660 1297 unam
677 1248 781 1298 Lineam
799 1262 814 1297 a
830 1247 890 1296 l‘olo
907 1249 1021 1308 Arelica,

231 1330 335 1377 seilicet
350 1328 548 1389 septentrione,
565 1326 596 1375 ad
612 1327 700 1376 Polum
715 1327 904 1384 Antarcticnm,
921 1326 1022 1376 scilicet

233 1407 369 1457 meridiem
386 1408 458 1467 (siva
475 1406 685 1456 Tarraefirmae
702 1411 729 1455 et
746 1405 848 1455 insulae
860 1406 982 1454 inventae
994 1408 1021 1456 al

234 1486 410 1534 inveniendae
435 1488 487 1535 sint
516 1498 611 1535 versus
634 1484 733 1534 indiam
760 1490 804 1536 ant
828 1496 922 1533 versus
945 1485 1020 1533 aliam

231 1577 425 1626 quamcumque
443 1566 576 1626 partem),
600 1577 664 1626 quae
680 1562 758 1612 binae
775 1563 857 1612 distet
873 1575 889 1612 a
903 1562 1021 1624 qnalibet

233 1640 398 1702 insularum,
413 1654 481 1704 quae
499 1643 641 1703 vulgariter
658 1645 844 1704 nuncupantur
860 1642 890 1690 de
905 1641 943 1690 los
958 1641 1022 1690 Aso-

231 1732 273 1770 rcs
289 1734 306 1780 p
322 1720 388 1770 Cobo
405 1720 498 1775 l'crdc.
518 1726 624 1770 centum
641 1720 724 1770 leucis
741 1733 836 1770 versus
853 1720 1020 1771 Occidentem

232 1803 260 1848 el
276 1799 425 1857 bleridiem,
442 1803 477 1848 ita
494 1801 564 1862 quod
580 1812 671 1850 omnes
689 1798 791 1848 Insulae
809 1803 835 1848 et
851 1798 949 1847 Terrae
965 1797 1022 1847 Fir·

231 1891 290 1926 mae
307 1883 428 1939 repertae
440 1884 467 1929 el
480 1879 663 1941 reperiendae,
678 1873 805 1927 detectae‘
816 1881 843 1925 et
858 1876 1020 1939 detegendae

233 1969 248 2005 a
266 1958 382 2018 praelata
402 1958 469 2007 linea
486 1970 580 2007 versus
597 1956 765 2006 Occidentem
784 1955 955 2006 etbleridiem
972 1968 1022 2017 per

233 2035 313 2083 alium
333 2035 428 2097 Regem
444 2035 646 2097 autPrincipnm
663 2034 840 2084 Christianum
855 2047 907 2081 hon
924 2034 1021 2083 inerint

232 2114 371 2162 actualiter
383 2126 525 2176 possessae
538 2126 622 2175 usque
635 2112 669 2162 ad
680 2112 749 2162 diem
760 2112 910 2163 Natiuitatis
919 2111 1020 2162 Domini

233 2193 318 2240 nostri
334 2183 396 2240 Jesu
413 2190 509 2240 Christi
525 2190 647 2253 proxime
663 2192 838 2254 praeteritum
855 2205 870 2241 a
886 2204 937 2255 qno
955 2192 1022 2241 inci·

231 2270 272 2331 pit
284 2282 369 2319 annus
381 2282 510 2332 praesens
523 2270 677 2319 millesimus
688 2271 961 2332 quadringentesimus
973 2283 1022 2319 no-

231 2351 382 2411 nagesimus
401 2350 514 2406 tertium
539 2349 645 2412 quando
667 2348 767 2400 inerint
788 2363 835 2412 per
856 2350 972 2402 Nnncios
995 2352 1022 2400 et

231 2425 391 2489 Capilaneos
422 2432 527 2476 vestros
551 2431 673 2477 inventae
697 2430 800 2490 aliquae
827 2429 1022 2491 praedictarum

231 2504 400 2564 insularum,
424 2508 583 2554 auctoritate
607 2504 801 2573 Omnipotentis
821 2504 866 2554 Dei
892 2505 971 2555 nobis
995 2506 1022 2555 in

231 2584 313 2633 Beato
326 2584 403 2634 Petro
414 2595 539 2634 concessa
556 2597 587 2634 ac
604 2583 747 2634 vicariatus
767 2588 828 2634 lesa
847 2583 960 2643 Christi,
971 2598 1022 2648 qna

232 2660 367 2723 fungimur
386 2663 508 2711 interris
526 2675 584 2712 cnm
607 2662 729 2711 omnibus
754 2663 857 2712 illarum
881 2662 1020 2725 dominiis,

231 2738 401 2799 Civitatibus,
414 2739 522 2803 Castris,
539 2739 803 2803 tacistnrthusque,
818 2746 845 2791 et
860 2740 1023 2792 iurisdictio·

234 2820 313 2869 nibus
330 2832 361 2869 ac
377 2821 546 2882 pertinentiis
563 2822 695 2870 universis
712 2820 790 2869 vobis
811 2819 1021 2884 haeredibusque

233 2903 262 2947 et
274 2900 474 2949 successoribus
486 2901 584 2950 vestris
596 2899 726 2949 Castellae
738 2903 764 2948 et
775 2899 894 2962 Legionis
909 2899 1022 2963 Regibus

236 2975 262 3024 in
279 2983 438 3039 perpetuum
451 2983 542 3028 tenore
555 2980 733 3040 praesentium
751 2978 889 3038 donamus,
899 2979 1023 3029 concedi·

234 3066 303 3114 mus,
317 3058 489 3119 assignamus.
507 3069 609 3119 vosque
621 3061 647 3108 at
659 3057 786 3107 haeredes
803 3070 834 3106 ac
850 3068 1021 3108 successores

236 3133 372 3195 praelatos
387 3137 490 3185 illarum
501 3135 626 3185 Dominus
643 3148 701 3184 curn
719 3137 796 3197 plana
809 3135 892 3186 libera
909 3140 936 3184 et
952 3148 1023 3185 com-

234 3213 312 3261 moda
332 3218 477 3276 potestate,
494 3216 651 3263 auctoritate
669 3216 696 3262 et
712 3213 891 3271 jurisdictione
912 3212 1021 3264 iacimus

234 3293 421 3343 constituimus
440 3297 467 3342 et
483 3292 650 3354 deputamus.
751 3336 754 3344 .

275 3370 456 3421 Decernentes
473 3372 650 3420 nihilomimus
666 3383 714 3432 per
731 3370 878 3440 buiusqui
902 3370 1023 3421 donatio·

233 3461 312 3507 nem,
329 3451 539 3507 concessionem,
555 3453 581 3498 et
599 3449 801 3511 assignationem
818 3452 935 3499 nostram
957 3449 1021 3517 nulli

234 3527 384 3577 Christiano
407 3527 531 3590 Principi,
548 3529 594 3591 qul
613 3529 752 3578 actualiter
773 3528 906 3591 praelatas
923 3528 1022 3580 insulas

235 3610 262 3655 et
273 3606 371 3657 Terras
388 3606 486 3657 Firmas
502 3607 668 3670 possederit,
686 3620 769 3671 usque
787 3609 821 3657 ad
836 3608 935 3658 dictum
951 3610 1021 3658 dem

233 3684 385 3736 Nativitatis
396 3686 499 3736 Domini
516 3685 578 3736 lesu
594 3687 691 3737 Christi
708 3689 749 3744 ius
766 3688 914 3749 quaesitum
931 3687 1022 3737 subla·

235 3769 289 3814 tum
307 3764 417 3827 intelligi
433 3778 515 3827 posse
541 3772 587 3816 aut
609 3765 707 3816 anlerri
732 3766 839 3816 debere.
863 3766 895 3816 Et
912 3770 1022 3829 iusuper

234 3843 479 3893 mandamushvobis
493 3846 519 3892 in
532 3847 629 3894 virtute
642 3849 749 3894 sanctae
761 3844 928 3894 obedientiae
942 3848 1021 3901 (sicut

232 3924 406 3985 pollicemini,
423 3927 451 3973 et
468 3936 520 3974 non
544 3923 695 3973 dubitamus
719 3936 768 3984 pro
792 3929 882 3973 vestra
906 3926 1020 3974 maxima

233 4002 376 4053 devotione
388 4008 414 4052 el
425 4003 503 4066 Regia
521 4004 737 4065 magnanimitate
755 4017 802 4053 vos
820 4016 880 4054 esse
893 4004 1021 4065 lecturos)

233 4088 263 4133 ut
276 4084 309 4131 ad
321 4082 417 4131 Terras
433 4082 533 4131 Firmus
551 4085 578 4131 et
594 4083 694 4132 insulas
711 4082 860 4145 praedictas
877 4084 949 4132 viros
960 4096 1022 4145 pro·

235 4161 284 4209 bos
298 4164 324 4209 ot
335 4160 415 4209 Deum
429 4162 560 4220 timentes,
573 4160 675 4219 doctos,
685 4160 800 4223 peritos,
812 4165 839 4210 el
850 4166 976 4222 expertos
988 4160 1021 4211 ad

232 4240 418 4290 instruendum
437 4240 537 4290 incolas
554 4245 580 4289 et
597 4239 762 4290 habitatores
779 4240 912 4303 praelatos
929 4242 953 4289 in
971 4239 1021 4292 hue

233 4319 374 4377 catholica,
386 4324 412 4367 et
424 4317 501 4368 bonis
520 4317 638 4367 moribus
651 4317 819 4368 imbuendum
828 4318 963 4368 destinare
975 4318 1023 4368 de·

235 4398 332 4457 beatis,
342 4410 445 4447 omnem
456 4398 572 4447 debitam
581 4398 741 4459 diligentiam
751 4399 775 4446 in
784 4397 938 4459 praemissis
948 4398 1021 4448 adbi-

233 4478 381 4528 bentes.hc
392 4477 591 4539 quibuscunque
608 4478 729 4538 personis
745 4479 926 4540 culuscunque
938 4477 1022 4540 digni-

234 4555 1021 4618 latis,etiamlmperialisetRegalis,status,gradus,ordinis

233 4637 279 4685 vel
295 4635 452 4685 conditionis
470 4634 520 4685 sub
536 4636 815 4707 excommunicplionis
833 4634 899 4685 latae
916 4638 1022 4684 senten·

235 4716 288 4764 tiae
306 4726 405 4777 poena,
421 4727 500 4776 qnam
518 4726 550 4763 eo
567 4714 640 4775 ipso,
657 4713 678 4761 si
695 4713 917 4772 contrafecerint,
934 4713 1022 4762 ineur-

234 4796 310 4851 rant,
326 4793 472 4841 districtius
487 4791 649 4850 inhibemus,
666 4804 699 4841 ne
716 4791 749 4841 ad
765 4792 867 4842 Insulas
884 4795 910 4841 et
922 4791 1021 4841 Terras

235 4870 336 4920 Firmas
348 4873 468 4920 inventas
486 4874 513 4920 et
529 4870 709 4931 inveniendas,
726 4871 846 4921 detectas
858 4874 885 4919 et
897 4869 1020 4933 delegen-

234 4949 283 4999 das
302 4962 396 4999 versus
413 4948 583 4999 Occidentem
601 4952 627 4997 el
643 4949 794 5009 bleridiem,
816 4949 969 5000 fabricando
994 4952 1021 5000 at

234 5028 413 5078 construendo
429 5027 534 5076 bineam
552 5040 566 5075 a
583 5026 641 5075 i'olo
658 5027 763 5077 Arctico
774 5027 807 5076 ad
818 5026 906 5078 Polum
923 5029 1021 5077 antar-

234 5107 347 5166 cticum,
366 5108 424 5157 sive
444 5106 543 5155 Terrae
563 5106 664 5155 Firmae
686 5111 713 5156 et
729 5106 833 5156 insulae
856 5107 977 5156 inventae
995 5109 1021 5156 at

235 5186 407 5236 inveniendae
428 5185 480 5233 sint
502 5197 597 5235 versus
615 5185 731 5245 indiam,
755 5190 800 5235 aut
825 5198 919 5236 versus
944 5185 1021 5234 aliam

236 5277 420 5328 quamcunque
441 5266 561 5325 partem,
582 5277 649 5326 quae
671 5264 750 5314 Linea
767 5265 847 5315 distet
868 5278 884 5315 a
905 5264 1021 5327 qnalibet

238 5344 411 5403 insularum,
436 5355 503 5404 quae
537 5343 681 5406 vulgariter
712 5347 896 5406 nuncupantur
925 5344 955 5392 dc
984 5342 1021 5391 los

234 5425 328 5475 Azara
354 5437 371 5484 p
398 5422 465 5474 Cubo
492 5422 568 5472 Vardo
594 5428 699 5473 centurn
722 5424 802 5473 laucis
830 5434 924 5472 versus
947 5422 1023 5472 Occi·

235 5506 341 5554 dentem
359 5508 385 5553 et
401 5504 550 5563 bleridiem,
575 5508 605 5554 nt
628 5504 790 5567 praefertur,
817 5516 864 5566 pro
889 5501 1020 5552 mercibus

236 5585 365 5636 habendis
389 5585 430 5633 rel
455 5583 550 5647 quavis
571 5584 622 5634 alia
645 5583 678 5633 de
702 5595 782 5633 cansa
799 5582 926 5661 acchero
943 5594 1022 5643 prae-

235 5668 359 5723 sumant,
382 5664 482 5729 absque
500 5669 589 5715 vestra
613 5676 644 5714 ac
668 5662 810 5713 haeredum
833 5666 860 5713 et
885 5672 1023 5711 successo·

712 612 997 681 eohttstcattts
1019 617 1244 683 hhhxattnttt
1268 619 1395 683 sexti.
1816 619 1876 681 stt

1089 774 1235 835 pomum,
1268 769 1441 837 sceptrum,
1473 753 1629 833 gladium,
1662 755 1814 819 beraldum
1848 767 1877 817 et

1089 875 1198 933 equum
1220 858 1386 918 stammam.

1091 1103 1148 1138 rum
1166 1094 1315 1139 vestrorum
1333 1091 1529 1152 praedictorum
1555 1092 1657 1142 lieentia
1681 1093 1798 1155 speciali.
1818 1093 1877 1145 Non

1090 1163 1257 1216 obstantibus
1280 1167 1516 1218 constitutionibus
1534 1174 1560 1220 et
1577 1169 1792 1221 Ordinationibus
1808 1172 1877 1234 apo-

1091 1246 1191 1295 stolicis
1209 1247 1359 1309 caterisqne
1383 1249 1522 1297 contrariis
1540 1246 1757 1310 quibuscunque,
1774 1250 1800 1299 in
1817 1250 1877 1309 illo,

1091 1338 1106 1373 a
1129 1336 1181 1388 quo
1205 1325 1316 1388 imperia
1344 1329 1370 1376 ei
1397 1326 1605 1386 dominationes,
1631 1340 1662 1377 ac
1688 1327 1756 1377 bona
1783 1331 1877 1378 cuncta

1089 1404 1246 1465 procedunt,
1263 1404 1422 1454 confidentes
1439 1403 1519 1467 quod,
1536 1404 1664 1468 dirigente
1681 1404 1790 1453 Domino
1802 1409 1876 1455 actus

1091 1486 1211 1544 vestros,
1229 1485 1251 1534 si
1268 1483 1418 1541 huiusmodi
1436 1489 1555 1534 sanctum
1573 1489 1600 1533 et
1621 1482 1752 1534 landabile
1777 1496 1878 1546 propo·

1091 1563 1171 1612 situm
1189 1562 1405 1625 prosequamini,
1416 1561 1493 1612 brevi
1507 1568 1625 1625 tempore
1637 1576 1695 1612 cum
1708 1562 1833 1612 felicitate
1851 1569 1878 1614 et

1091 1641 1174 1701 gloria
1187 1641 1266 1690 totius
1282 1640 1371 1702 populi
1389 1639 1531 1690 Christiani
1543 1641 1627 1691 vestri
1640 1641 1746 1691 labores
1759 1645 1785 1691 et
1795 1653 1877 1691 cona·

1091 1722 1148 1776 tus,
1165 1721 1264 1769 exitum
1282 1720 1461 1769 felicissimum
1478 1724 1679 1783 consequentur.

1134 1798 1227 1848 Verum
1245 1801 1304 1862 quia
1322 1798 1426 1849 difficile
1451 1798 1519 1848 ioret
1544 1803 1700 1861 praesentas
1724 1800 1827 1849 litteras
1844 1798 1878 1848 ad

1091 1877 1192 1940 singula
1209 1891 1315 1941 qnoque
1341 1879 1415 1937 loca,
1438 1880 1465 1927 in
1489 1879 1586 1941 quibus
1611 1879 1757 1942 expediens
1780 1878 1880 1932 inerit·

1091 1953 1204 2013 delerri,
1221 1957 1343 2006 volumus
1360 1968 1391 2005 ac
1407 1959 1480 2006 motu
1504 1962 1532 2006 et
1556 1958 1666 2007 seientia
1682 1956 1812 2007 similibus
1828 1956 1877 2006 de·

1091 2034 1240 2094 cernimuS,
1257 2034 1328 2096 quod
1351 2035 1453 2084 illarum
1479 2036 1653 2098 transumptis
1678 2048 1756 2085 manu
1780 2034 1878 2097 publici

1090 2113 1191 2165 Notarii
1207 2115 1291 2175 rogati
1309 2113 1467 2175 subscriptis
1480 2119 1507 2163 et
1519 2114 1602 2177 sigillo
1620 2113 1729 2176 alicuius
1748 2125 1878 2176 personae

1091 2192 1119 2242 in
1136 2192 1316 2242 ecclesiastiea
1333 2191 1456 2254 dignitate
1468 2197 1641 2251 constitutae,
1658 2206 1706 2244 seu
1723 2192 1817 2243 Curiae
1834 2204 1877 2241 ec·

1091 2269 1257 2318 ctesiasticae
1274 2270 1397 2328 munitis,
1413 2282 1443 2319 ea
1459 2283 1571 2332 prorsus
1597 2270 1663 2320 hdes
1688 2272 1714 2320 in
1732 2270 1833 2333 jndicio
1850 2275 1877 2320 et

1091 2352 1186 2408 extra,
1202 2359 1233 2396 ac
1250 2348 1314 2397 alias
1332 2347 1442 2398 ubilibet
1460 2348 1634 2408 adhibeatur,
1658 2362 1727 2412 quae
1748 2361 1877 2411 praesen-

1091 2426 1162 2476 tibus
1180 2425 1368 2486 adhiberetur,
1384 2428 1405 2475 si
1422 2432 1512 2477 essent
1528 2428 1662 2478 exhibitae
1679 2429 1720 2477 vel
1746 2431 1878 2478 ostensae.

1132 2504 1201 2556 Nulli
1218 2518 1280 2566 ergo
1297 2507 1403 2556 omnino
1419 2506 1554 2556 bominum
1571 2507 1650 2558 liceat
1666 2507 1733 2556 banc
1754 2506 1877 2569 paginam

1095 2586 1203 2632 nostrae
1220 2583 1473 2644 Commendationis,
1490 2586 1669 2644 Hortationis,
1682 2585 1877 2648 Reqnisitionis,

1092 2660 1256 2720 Donationis,
1272 2661 1465 2723 eoncessionis,
1480 2663 1691 2726 designationis,
1709 2663 1880 2714 Constitutio-

1091 2743 1149 2800 nis,
1164 2739 1362 2801 Deputattents,
1379 2742 1496 2803 Decreli,
1516 2743 1649 2803 blandati,
1664 2742 1830 2794 inhibitionis
1852 2748 1879 2794 et

1090 2816 1237 2869 Voluntatis
1252 2819 1396 2882 infringere
1408 2821 1449 2870 vel
1461 2821 1485 2870 ei
1496 2833 1561 2871 ausu
1578 2823 1720 2872 temerario
1736 2824 1879 2872 contraire.

1090 2897 1116 2948 Si
1135 2899 1194 2961 quis
1212 2902 1263 2948 etc.
1280 2899 1375 2949 Datum
1391 2900 1486 2951 Romae
1503 2900 1572 2963 apud
1588 2900 1611 2949 S.
1627 2900 1731 2951 Petrum
1747 2902 1823 2951 Anno
1840 2902 1877 2950 in·

1092 2979 1251 3028 carnationis
1278 2977 1426 3028 Domintcae
1453 2978 1591 3028 millesimo
1621 2979 1878 3042 quadringentesimo

1091 3057 1259 3119 nonagesimo
1272 3057 1365 3115 tertio,
1383 3056 1414 3107 lv
1430 3068 1513 3107 nonas
1526 3056 1585 3106 maii
1595 3092 1604 3117 ,
1614 3055 1781 3109 Pontificatus
1792 3060 1878 3109 nostri

1091 3135 1166 3184 huno
1181 3136 1266 3197 primo
1286 3155 1306 3183 s.

1132 3214 1192 3263 Post
1216 3214 1299 3264 breve
1321 3218 1425 3277 tempus
1451 3215 1569 3266 Pontifex
1593 3215 1675 3266 rebus
1696 3215 1829 3278 religionis
1852 3216 1877 3266 in

1091 3290 1163 3342 Orba
1173 3305 1243 3343 noro
1253 3293 1383 3343 consuluit
1394 3293 1505 3352 directe,
1515 3297 1606 3357 utpote
1617 3298 1690 3356 patet
1699 3305 1731 3343 ex
1741 3294 1790 3342 bac
1799 3293 1880 3343 bulla.

1135 3392 1145 3414 ι
1165 3371 1263 3421 Dilecto
1276 3371 1328 3421 hlio
1339 3371 1474 3422 Bernardo
1486 3372 1540 3422 Roil
1551 3372 1628 3423 lralri
1640 3371 1738 3423 ordinis
1751 3372 1878 3423 hlinorum

1092 3451 1189 3500 vicario
1213 3450 1276 3500 dieti
1297 3450 1402 3500 Ordinis
1432 3451 1459 3499 in
1484 3450 1670 3516 Hispaniarum
1695 3451 1783 3513 regnis
1806 3449 1880 3499 salu·

1091 3532 1229 3588 tem,etc.

1135 3631 1145 3651 ·
1164 3609 1234 3668 Tibi,
1247 3609 1290 3672 qui
1301 3607 1445 3672 presbyter
1458 3620 1496 3668 es,
1508 3607 1542 3659 ad
1553 3607 1654 3659 insulas
1665 3612 1692 3658 el
1702 3610 1793 3670 partes
1803 3617 1880 3669 prae·

1091 3687 1175 3738 dictas
1193 3689 1270 3738 etiam
1293 3701 1352 3738 cnm
1373 3686 1504 3750 aliquibus
1526 3688 1605 3738 seclis
1622 3688 1691 3746 tuis,
1708 3686 1749 3736 vel
1766 3686 1878 3747 ‚alterius

1090 3766 1196 3818 Ordinis
1207 3780 1255 3830 per
1273 3773 1298 3816 ta
1309 3770 1353 3816 aut
1370 3767 1478 3817 eosdem
1493 3766 1588 3830 Regem
1600 3770 1627 3817 et
1644 3767 1774 3828 Reginam,
1790 3777 1880 3827 nempe

1090 3845 1244 3896 Fcrdineadi
1259 3848 1281 3894 at
1297 3844 1464 3905 Rlisnbctbuc,
1480 3845 1620 3907 eligendis,
1641 3844 1809 3906 superiorum
1832 3858 1881 3895 ve·

1091 3929 1207 3974 atrorum
1227 3923 1268 3972 vel
1286 3925 1404 3983 cuiusvis
1421 3922 1532 3971 alterius
1549 3933 1629 3983 super
1645 3921 1696 3970 hoc
1713 3922 1818 3971 licentia
1829 3923 1881 3971 mi-

1091 4004 1161 4052 nime
1188 4002 1335 4064 requisita,
1352 4000 1512 4060 accedendi,
1528 4004 1555 4049 el
1571 3998 1643 4058 inibi,
1659 4000 1774 4062 quandiu
1792 3999 1880 4050 volua-

1091 4081 1164 4134 ritis.
1180 4079 1372 4136 commorandi,
1389 4091 1420 4129 ac
1437 4090 1486 4141 per
1502 4081 1544 4137 te,
1559 4078 1603 4127 vel
1627 4078 1725 4137 alium,
1749 4090 1796 4128 seu
1812 4078 1878 4130 alios

1091 4160 1125 4209 ad
1141 4159 1168 4207 id
1184 4160 1292 4208 idoneos
1309 4156 1486 4220 presbyteros
1503 4156 1655 4206 saeculares
1672 4156 1714 4206 vel
1740 4155 1878 4218 religiosos

1090 4238 1215 4288 Ordinum
1241 4248 1484 4300 quorumcumque,
1502 4234 1614 4286 verbum
1639 4234 1684 4285 Dei
1707 4233 1879 4297 praedicandi

1090 4321 1117 4367 et
1144 4315 1306 4375 seminandi,
1322 4315 1462 4377 dictosque
1483 4315 1581 4364 incolas
1603 4318 1631 4364 et
1656 4312 1822 4363 habitatores
1844 4311 1880 4363 ad

1089 4396 1167 4448 fldem
1194 4395 1347 4444 catholicam
1374 4393 1534 4451 reducendi,
1556 4404 1655 4455 eosque
1682 4390 1834 4455 baptizandi
1851 4395 1878 4442 et

1091 4476 1116 4526 in
1133 4474 1184 4524 ilde
1201 4475 1259 4536 ipsa
1275 4472 1438 4530 instruendi,
1456 4475 1482 4521 et
1500 4469 1679 4521 ecclesiastica
1698 4473 1878 4531 sacramenta,

1089 4556 1193 4617 quoties
1213 4565 1280 4615 opus
1304 4552 1402 4612 inerit,
1420 4551 1485 4613 ipsis
1502 4549 1686 4609 ministrandi,
1702 4549 1829 4612 ipsosque
1851 4556 1878 4601 et

1090 4647 1180 4683 corum
1198 4632 1343 4695 quemlihet
1367 4644 1416 4693 per
1433 4635 1472 4690 la,
1489 4631 1531 4680 vel
1550 4630 1648 4689 alium,
1664 4641 1712 4680 sau
1729 4630 1794 4680 alios
1816 4641 1879 4691 pre·

1090 4712 1215 4775 sbyteros
1240 4711 1391 4761 saeculares
1412 4711 1454 4760 rel
1479 4710 1634 4773 religiosos,
1650 4708 1677 4760 iu
1698 4722 1790 4760 eornm
1812 4721 1879 4759 con-

1090 4790 1250 4841 fessionibus
1267 4793 1294 4840 et
1310 4790 1415 4852 quoties
1431 4801 1497 4851 opas
1514 4788 1611 4847 luerit,
1629 4787 1761 4845 audiendi,
1773 4787 1878 4849 illisque

1090 4871 1229 4933 diligenter
1245 4869 1341 4918 auditis
1357 4882 1407 4931 pro
1424 4870 1571 4917 commissis
1587 4879 1635 4929 per
1652 4879 1697 4917 eos
1713 4865 1879 4926 criminibus,

1090 4948 1263 5005 excessibus,
1280 4952 1306 4997 et
1328 4947 1445 5006 delictis,
1468 4947 1570 4997 etiamsi
1593 4946 1655 4996 talia
1680 4945 1796 5001 luerint,
1819 4958 1879 5007 pro·

1090 5034 1149 5092 pter
1165 5040 1231 5090 quae
1248 5026 1329 5076 Sedes
1346 5027 1495 5088 apostoliea
1512 5025 1604 5088 quovis
1621 5023 1698 5074 modo
1720 5023 1800 5073 luerit
1815 5034 1880 5074 con·

1091 5107 1218 5164 sulenda,
1234 5105 1268 5155 de
1286 5104 1460 5155 absolutionis
1480 5104 1571 5154 debito
1588 5101 1766 5165 providendi,
1785 5101 1877 5162 eisque

1090 5186 1279 5252 poenitentiam
1307 5185 1449 5235 salutarem
1476 5182 1646 5245 injungendi,
1668 5192 1718 5232 neo
1741 5192 1793 5229 non
1815 5181 1878 5229 vota

1091 5277 1271 5329 quaecamque
1287 5276 1335 5326 par
1353 5274 1399 5312 eos
1424 5274 1472 5324 pro
1498 5265 1616 5323 tempore
1640 5262 1758 5314 emissa,
1772 5257 1878 5307 leroso-

1091 5346 1227 5409 lymitani,
1246 5344 1374 5392 blminnm
1392 5341 1577 5403 apostotorum
1600 5339 1669 5389 Petri
1694 5341 1722 5388 et
1738 5337 1825 5394 Pauli,
1846 5348 1878 5386 ao

1090 5424 1114 5472 S.
1129 5422 1220 5473 iacobi
1245 5422 1272 5470 in
1293 5420 1489 5483 compostella,
1506 5422 1532 5468 et
1548 5416 1685 5480 religionis
1709 5416 1778 5466 votis
1802 5414 1877 5464 dum·

1091 5507 1163 5552 taxat
1180 5500 1314 5562 exceptis,
1335 5500 1360 5548 in
1385 5498 1435 5547 alia
1456 5495 1565 5559 pietatis
1586 5507 1668 5558 opera
1684 5480 1878 5553 commutanti,

1091 5594 1121 5631 ac
1134 5590 1313 5643 quascumque
1324 5578 1466 5635 ecclesias,
1478 5574 1630 5639 cappellae,
1642 5574 1817 5630 monasteria,
1833 5572 1879 5621 do·

1091 5672 1148 5711 mos
1164 5658 1289 5709 ordinum
1314 5666 1537 5719 quorumcumque
1554 5654 1633 5705 etiam
1658 5652 1881 5710 mendicantium,

1598 5748 1628 5797 33
