4492 6859
294 670 411 759 ιιιιιι

298 812 407 875 illustri
416 813 548 875 nustriae
558 813 666 874 familia
678 825 873 893 procreatum.
882 811 1088 897 (l)Cujuspe-

298 914 392 974 titioui
407 914 438 974 S.
450 914 485 974 O.
502 912 536 975 ll·
552 915 716 974 satisfacere
733 915 841 986 rolens,
856 916 884 973 iu
900 916 1001 994 primis
1015 933 1087 994 pro·

300 1024 421 1074 testatus
451 1026 492 1077 est
519 1014 597 1093 quod
624 1013 657 1075 S.
679 1014 739 1074 Sua
766 1032 822 1076 nou
851 1015 1015 1076 intendebat
1036 1034 1087 1094 per

299 1115 378 1176 bunc
399 1127 498 1177 actam
519 1114 629 1194 aliquid
649 1115 766 1186 lacere,
788 1114 866 1192 quod
887 1126 959 1175 esset
981 1124 1082 1175 centra

298 1217 472 1279 catholicum
494 1215 579 1277 fldem
601 1235 652 1277 seu
673 1215 845 1284 Ecclesiam,
874 1225 925 1274 unt
947 1213 1088 1276 honorem

297 1314 360 1377 Dei.
382 1313 502 1389 Deinde
529 1316 626 1376 adhue
640 1315 738 1377 sedens
758 1327 790 1374 ut
807 1316 887 1394 prius
903 1333 971 1374 curu
990 1316 1088 1387 mitra,

298 1418 327 1476 iu
339 1416 410 1478 baec
424 1415 512 1478 rerba
527 1416 747 1495 pronunciavit:
768 1448 803 1460 -·
820 1414 864 1475 td
879 1415 1019 1476 bonorem
1036 1415 1088 1479 Dei

297 1516 396 1578 Patris
416 1515 626 1596 Omnipoteutis
647 1516 714 1578 Filii
735 1525 764 1577 et
785 1514 913 1596 Spiritus
928 1518 1041 1590 Sancti,
1061 1530 1090 1580 et

298 1618 502 1680 exultationem
530 1616 594 1676 lidei
620 1599 707 1693 atque
738 1615 1091 1696 christianae'religiouis

295 1729 517 1796 angmentum.
546 1717 719 1777 auctoritate
752 1716 842 1797 ipsias
875 1715 1090 1796 Omnipoteutis

298 1816 352 1880 Dei
371 1818 468 1878 Patris
486 1828 516 1879 ct
534 1816 604 1878 Filii
622 1827 653 1877 et
669 1817 800 1897 Spiritus
812 1818 923 1892 Sancti,
934 1818 1090 1879 lleatoranr

298 1917 380 1979 Petri
400 1929 429 1979 et
451 1918 535 1978 Pauli
557 1929 586 1981 ct
607 1932 718 1992 nostru,
741 1918 776 1980 de
798 1918 1009 1981 venerabiiium
1027 1918 1092 1979 fra·

300 2029 383 2079 tram
404 2030 574 2079 nostrornm
597 2020 718 2079 consilio
737 2018 921 2080 deceruimus
950 2031 980 2081 et
1008 2018 1091 2079 deili-

297 2118 404 2192 uimus,
419 2119 464 2181 bo.
479 2137 536 2181 me.
553 2118 745 2199 Deopaldom,
755 2140 790 2182 ex
800 2121 908 2181 illustri
923 2120 1009 2181 domo
1024 2122 1090 2181 tlu-

297 2219 386 2281 striac
399 2230 602 2298 procreatum,
616 2220 757 2282 Sanctum
776 2239 847 2294 esse,
860 2239 896 2282 ac
915 2219 1091 2282 Sanctorum

298 2319 456 2398 cathalogo
474 2319 656 2382 ascribimus.
675 2320 841 2382 statuentes
863 2331 896 2382 ut
916 2322 954 2382 ab
968 2321 1092 2382 unirer·

296 2420 351 2479 sali
372 2418 514 2493 Ecclesia,
533 2438 610 2483 euno
628 2422 770 2499 quolibet,
788 2422 834 2485 dle
855 2437 909 2485 ιιι.
924 2421 1091 2483 novembris

298 2518 405 2579 lestum
427 2519 534 2597 ipsius,
555 2530 584 2582 et
605 2521 745 2592 cilicium,
763 2523 839 2584 sicat
863 2541 918 2603 pro
939 2541 997 2584 uuo
1018 2540 1091 2584 cou-

300 2618 421 2693 lessore,
434 2618 536 2680 devote
554 2631 584 2681 et
599 2621 765 2683 solemniter
784 2622 959 2683 celebretur.
970 2621 1091 2702 iusuper

297 2717 398 2780 eadem
413 2718 591 2781 authoritate
612 2718 746 2782 omnibns
768 2739 837 2783 rere
857 2722 1091 2801 poenitentibus,

301 2830 332 2879 et
354 2819 502 2892 confessis,
521 2820 570 2896 qui
601 2822 720 2900 siugulis
741 2823 821 2882 anuis
842 2823 877 2882 ad
902 2823 1090 2904 sepulchrum

299 2916 431 2997 ejusdem
452 2920 480 2979 iu
502 2919 548 2982 die
568 2921 632 2982 festi
652 2925 837 2995 accesserint,
859 2941 949 2983 uuum
971 2941 1092 2994 anuum,

297 3030 337 3081 et
349 3020 400 3080 ιθ.
421 3020 481 3082 dies
501 3020 536 3082 de
555 3019 694 3098 injunctis
709 3023 761 3083 sibi
776 3025 952 3103 poenitentiis
968 3026 1041 3084 mire
1062 3026 1092 3086 in

297 3122 424 3182 Domino
437 3124 609 3183 relaxamus.
627 3155 663 3168 -·
676 3121 742 3191 Ouo
757 3123 834 3184 facto
846 3123 882 3182 D.
898 3124 1041 3184 Antonius
1057 3125 1092 3187 de

301 3220 440 3299 Aaqnbio
462 3233 640 3300 procurater
671 3221 776 3283 fiscalis
795 3235 873 3284 stans
899 3225 927 3284 in
955 3225 1020 3285 loco
1040 3242 1094 3284 su-

300 3320 434 3400 pradicto
455 3333 521 3383 aute
543 3323 680 3384 ultimum
701 3322 829 3401 gradum
852 3323 917 3385 solii
941 3324 1036 3405 Papae
1057 3326 1093 3384 ad

298 3420 470 3485 Pontificem
487 3441 587 3484 versus
608 3422 693 3483 dixit:
717 3457 755 3471 ·-
770 3424 810 3484 Et
825 3443 880 3503 ego
898 3425 1039 3486 Antonius
1058 3426 1093 3488 de

299 3524 438 3601 Augubia
460 3522 491 3583 S.
513 3521 549 3583 D.
572 3521 606 3584 ll.
630 3535 808 3603 procurator
839 3524 945 3587 llscalis
971 3545 1046 3606 rogo
1064 3539 1093 3588 et

301 3624 492 3700 requireres
510 3641 610 3686 omues
624 3635 653 3684 et
667 3624 797 3705 singulos
817 3626 947 3687 dominos
968 3626 1093 3706 prothe-

299 3725 439 3796 noterios,
460 3723 601 3786 Gamerae
619 3726 799 3803 ,spostolicae
818 3727 1093 3805 clericos,aliosque

300 3827 428 3884 notarios
450 3823 497 3885 bic
523 3835 685 3904 praesentes
707 3838 741 3885 ut
761 3825 796 3886 de
817 3828 1024 3905 protestatione
1042 3846 1093 3905 per

300 3922 334 3983 S.
344 3922 380 3983 D.
390 3935 522 3984 nostrum
535 3924 642 4004 Papam
655 3926 823 4003 praemissa,
834 3925 992 3988 conficiatis
1003 3945 1094 3988 unum

299 4035 331 4087 et
360 4027 446 4102 plura
477 4023 626 4102 pubiicum
649 4026 896 4097 instrumentum,
921 4037 952 4087 et
982 4028 1095 4087 iustru-

300 4135 409 4183 menta.
429 4156 461 4165 -
480 4122 530 4195 Et,
543 4142 578 4184 co
597 4123 686 4195 dicto,
701 4123 739 4183 D.
754 4126 928 4187 Preatciscns
945 4125 980 4188 de
995 4125 1092 4188 Padun

299 4224 513 4295 Ads·oratus,iu
526 4223 626 4285 eodem
641 4224 705 4284 loco
720 4226 780 4306 ipso
791 4224 826 4286 D.
836 4227 960 4289 Antonio
971 4228 1094 4303 sedente,

300 4334 379 4384 stans
408 4342 511 4383 eorum
529 4341 630 4384 rersus
657 4324 751 4385 dixit:
771 4360 812 4372 -
838 4326 877 4387 lit
896 4346 952 4407 ego
968 4327 1094 4390 Franci·

300 4442 369 4486 scus
391 4423 425 4484 de
446 4423 545 4484 Pudnu
562 4425 676 4486 nomine
695 4427 901 4504 procuratorio
914 4426 1094 4489 Sereuissimi

300 4524 442 4605 Principis
453 4537 481 4585 ct
491 4524 619 4598 Domini,
631 4525 747 4586 Domini
757 4526 1018 4590 Federicillomaui
1029 4532 1092 4590 lm·

303 4629 448 4705 peratoris
469 4644 583 4705 semper
603 4626 729 4705 Augusti
755 4645 830 4708 rogo
849 4638 878 4688 et
900 4630 1020 4707 requiro
1042 4649 1093 4690 ros

301 4744 401 4787 omues
433 4736 463 4787 et
494 4725 623 4804 singulos
643 4726 707 4786 illi.
739 4726 803 4789 DD.
835 4728 1093 4809 protbnuotnrios,

300 4809 432 4906 aliosque
453 4827 581 4887 notarios
597 4826 644 4888 bic
666 4841 828 4909 praesentes
848 4841 881 4891 ot
895 4847 984 4909 supra
1002 4828 1094 4907 baju-

300 4927 393 4988 smodi
429 4927 549 4987 solemni
581 4928 813 5001 canonizatione,
846 4939 914 4992 actu
935 4930 1093 4993 conficiatis

303 5044 396 5086 uuum
426 5036 456 5087 et
485 5028 571 5104 plurn
598 5028 749 5108 publicum
770 5048 822 5091 scu
844 5031 960 5109 publice
982 5034 1094 5092 iustru-

302 5138 410 5202 menta,
431 5138 461 5189 ct
481 5149 497 5188 a
520 5127 551 5188 S.
567 5128 612 5202 V,
627 5130 794 5193 beatissime
815 5131 914 5206 Pater,
928 5131 1044 5193 decerni
1064 5144 1093 5194 et

304 5231 422 5292 concedi
444 5231 550 5304 bullas,
571 5243 600 5292 et
631 5233 728 5294 literas
749 5235 921 5313 apostolicas
941 5253 1029 5313 snper
1050 5234 1095 5294 bis

345 5451 381 5507 (ιι
398 5448 547 5498 Orationem
566 5461 580 5496 c
597 5447 739 5498 Francisco
756 5448 789 5500 de
812 5450 898 5500 Pedes
914 5461 997 5513 saper
1013 5450 1094 5512 Dante

301 5526 437 5592 leopoldo
451 5528 554 5591 pamdia
575 5527 689 5586 dictam,
711 5529 783 5592 typis
800 5530 976 5592 promulgarit
991 5529 1094 5592 Sarius,

302 5610 364 5657 tom.
382 5607 420 5667 Pl,
438 5610 466 5658 13
483 5606 631 5657 octembris.
647 5606 796 5671 baynatdus
808 5621 841 5659 ex
859 5622 889 5657 aa
906 5610 1008 5671 perlem
1025 5607 1094 5657 inse·

302 5686 357 5736 'ruit
374 5688 398 5735 ia
417 5686 569 5747 annalibus,
587 5689 612 5736 et
630 5688 789 5748 praesertim
807 5688 937 5751 quaedum
955 5687 1038 5738 relata
1052 5683 1093 5737 'tle

303 5766 331 5817 Β.
348 5765 473 5830 teopotat
489 5768 543 5818 νιιι
561 5772 588 5818 et
604 5766 751 5819 miracuttso

773 673 1300 742 ronrrarclrnsnnocaurn
1319 671 1469 738 uersu.
1907 637 1949 732 ss

1160 823 1330 893 oportunus.
1346 811 1455 889 ilisqnc
1475 809 1558 870 dictis
1579 807 1611 869 S.
1633 808 1668 868 D.
1691 807 1724 868 ll.
1744 818 1821 870 stans
1838 807 1950 870 delecto

1156 915 1251 993 aspite
1271 930 1373 974 versus
1394 910 1430 971 ud
1451 911 1565 983 altare,
1592 928 1651 972 uuo
1670 929 1705 972 ex
1727 910 1794 990 ipsis
1814 910 1950 971 assisten-

1156 1013 1232 1075 tibus
1252 1011 1361 1073 librunr
1383 1020 1496 1073 tenente
1517 1010 1607 1071 dixit:
1640 1009 1681 1072 Te
1698 1008 1804 1071 neum
1833 1011 1950 1080 londe-

1156 1133 1244 1187 otas,
1266 1111 1435 1173 cantoribus
1455 1110 1640 1189 sequentibus
1669 1110 1819 1187 usquead
1840 1109 1948 1186 ιιιιειιι,

1156 1212 1235 1294 Papa
1256 1213 1394 1275 contiuuo
1415 1213 1476 1288 siue
1497 1213 1583 1272 mitro
1604 1223 1706 1273 stante.
1726 1210 1791 1298 Ono
1812 1211 1890 1293 bulte
1910 1211 1947 1273 lt.

1156 1314 1193 1376 D.
1219 1313 1380 1379 Curdiualis
1407 1295 1541 1398 Settetuis
1565 1332 1583 1372 e
1604 1312 1849 1395 dexterisPapse
1875 1314 1950 1376 essi·

1156 1427 1234 1478 stcus
1254 1414 1324 1476 dixit
1344 1416 1402 1475 elta
1425 1433 1496 1475 rece
1515 1413 1543 1472 iu
1558 1430 1611 1473 suo
1625 1424 1703 1474 stans
1717 1414 1793 1475 leco:
1811 1412 1876 1476 Oro
1890 1433 1949 1493 pre

1157 1518 1261 1590 uobis,
1273 1517 1371 1579 Beotc
1391 1516 1565 1597 Leopoldes
1582 1526 1713 1577 cantores
1726 1514 1949 1596 responderunt:

1161 1616 1202 1679 Ut
1228 1618 1318 1700 dipni
1343 1629 1399 1678 etc.
1420 1616 1498 1678 Tum
1519 1614 1597 1697 Pepa
1618 1627 1696 1677 stans
1718 1628 1751 1678 ιιι
1770 1617 1863 1697 prius,
1887 1616 1950 1697 epi·

1157 1736 1245 1798 scopo
1271 1719 1416 1777 assistente
1442 1733 1499 1776 uou
1518 1715 1665 1777 cardinali
1697 1715 1806 1777 librum
1827 1726 1950 1789 tenente,

1159 1818 1244 1878 dixit:
1268 1817 1406 1881 Oremus.
1429 1818 1545 1880 Adesto
1565 1818 1703 1880 Domine
1722 1829 1778 1879 etc.
1798 1817 1851 1880 liis
1869 1817 1961 1880 dictis.

1152 1918 1322 1998 praedictus
1343 1917 1505 1980 cardiuuu
1526 1916 1659 1980 Senensis
1672 1917 1799 1981 ascendit
1812 1916 1848 1980 do
1867 1919 1954 1997 plano

1158 2019 1303 2099 superiori
1323 2019 1385 2077 solii
1407 2017 1516 2097 Papae,
1540 2029 1570 2078 et
1591 2027 1674 2084 stans,
1691 2018 1720 2078 iu
1741 2018 1837 2097 primo
1857 2016 1953 2095 gradu

1158 2121 1195 2179 od
1217 2119 1361 2182 dexteram
1384 2116 1532 2179 Poutlllcis
1561 2117 1598 2181 ad
1624 2137 1692 2179 catu
1727 2129 1839 2191 versus,
1860 2116 1951 2197 capite

1159 2216 1306 2292 inclinate,
1317 2220 1385 2282 dixit
1393 2220 1452 2279 alta
1463 2238 1535 2279 roce
1546 2238 1553 2276 ι
1565 2218 1724 2298 Confiteor
1736 2218 1803 2281 Deo
1813 2216 1951 2280 etc.Tum

1159 2320 1237 2400 Papa
1260 2321 1296 2382 sd
1323 2320 1394 2381 baec
1419 2320 1478 2380 siue
1506 2318 1593 2378 mitra
1614 2330 1703 2392 stans,
1724 2320 1858 2399 episeopo
1878 2318 1952 2378 essi·

1159 2430 1249 2483 steute
1270 2439 1326 2483 uon
1347 2419 1493 2482 fardiuali
1516 2418 1765 2490 librum-tenente,
1783 2418 1953 2482 disitmore

1151 2521 1258 2582 -selitos
1280 2520 1433 2582 Precibus
1451 2531 1482 2581 ct
1503 2520 1625 2581 atteritis
1643 2530 1698 2581 cte.

1200 2618 1314 2688 Quibus
1335 2618 1428 2692 dictis,
1438 2620 1515 2699 Papa
1529 2620 1558 2678 iu
1573 2620 1648 2680 dicta
1667 2619 1732 2682 sede
1749 2638 1801 2680 sua
1819 2618 1954 2699 depositis

1161 2722 1246 2782 mitra
1261 2720 1381 2800 plus-iuli
1401 2731 1430 2779 et
1451 2723 1534 2790 stola,
1549 2721 1658 2800 accepit
1674 2723 1769 2782 omnia
1784 2731 1953 2800 paramenta

1159 2818 1333 2901 pontificalia
1354 2821 1411 2880 albl
1433 2822 1549 2893 coloris,
1564 2821 1696 2882 manibus
1710 2822 1790 2901 prins
1807 2821 1883 2896 lotis,
1898 2841 1954 2883 or·

1152 2922 1225 2992 2diue
1235 2932 1383 2994 consueto,
1395 2922 1562 2983 crateribus
1576 2922 1690 2983 iuterim
1702 2921 1772 2983 uilril
1787 2921 1955 2992 dicentibus,

1160 3035 1188 3084 et
1198 3041 1255 3083 uou
1268 3022 1387 3083 luerunt
1396 3021 1488 3084 dictae
1500 3021 1624 3085 Tertiae.
1636 3022 1770 3102 Deceptis
1779 3024 1953 3102 paramentis

1161 3123 1292 3185 Pontifex
1317 3121 1458 3183 descendit
1479 3121 1515 3181 ad
1537 3125 1640 3194 altare,
1660 3124 1729 3184 lecit
1749 3123 1953 3186 cnulessiouetrt

1160 3234 1188 3286 et
1201 3224 1341 3303 processit
1358 3226 1385 3284 iu
1402 3225 1485 3284 missa
1500 3224 1602 3286 ordine
1618 3235 1765 3286 comuste.
1778 3224 1863 3286 Misso
1880 3226 1954 3286 dicta

1161 3335 1204 3388 est
1226 3324 1262 3386 de
1283 3323 1444 3403 Epiphania
1472 3343 1540 3384 curn
1566 3322 1839 3386 commemoratione
1862 3325 1897 3385 de
1922 3324 1954 3385 S.

1162 3423 1310 3505 leopoldo
1331 3425 1385 3486 sub
1407 3424 1476 3496 alia,
1496 3435 1524 3485 et
1550 3426 1578 3484 in
1601 3426 1805 3498 conclusione,
1822 3424 1892 3485 duur
1909 3424 1957 3483 di·

1161 3527 1239 3588 citur
1255 3524 1376 3599 Credo,
1387 3526 1580 3593 offertorium,
1596 3525 1726 3587 videlicet
1750 3525 1894 3598 candelas,
1909 3525 1954 3584 ri·

1161 3645 1254 3697 nunt,
1274 3645 1385 3707 panes,
1405 3638 1433 3687 et
1455 3628 1510 3687 alin
1538 3627 1574 3686 ad
1595 3626 1774 3688 offerendum
1801 3626 1949 3702 ordiuota,

1161 3747 1236 3807 quae
1258 3745 1351 3805 nsque
1373 3738 1442 3786 tnnc
1471 3728 1498 3787 iu
1521 3726 1638 3789 basilica
1664 3727 1813 3807 praedicta
1834 3745 1955 3789 conser-

1163 3840 1239 3902 vate,
1261 3828 1381 3888 fuerunt
1399 3837 1513 3905 portata
1535 3826 1737 3905 uquibnsdam
1753 3829 1898 3889 scutiferis
1917 3829 1955 3887 ad

1162 3928 1218 3989 boc
1241 3947 1293 4007 per
1316 3926 1456 3988 Oratores
1478 3927 1739 3987 canonizmtionem
1761 3927 1834 3987 hanc
1857 3926 1955 4008 solici-

1163 4040 1253 4091 tantes
1267 4032 1340 4089 iuter
1355 4028 1479 4107 primam
1496 4036 1525 4086 et
1542 4024 1696 4087 secundam
1713 4037 1811 4105 portas
1824 4029 1954 4105 sttggesti

1162 4128 1299 4208 praedicti
1305 4148 1316 4200 3
1337 4138 1366 4188 et
1387 4124 1467 4186 linito
1485 4125 1599 4197 Credo,
1621 4124 1685 4185 llll.
1706 4125 1770 4185 DD.
1786 4126 1953 4188 Vicecamc·

1162 4231 1270 4302 rarius,
1285 4228 1511 4297 dletliolauensis,
1524 4228 1574 4306 qui
1589 4228 1670 4306 prius
1681 4225 1864 4289 Novarieusis
1878 4239 1953 4296 crat,

1161 4344 1190 4393 et
1212 4331 1353 4403 Senensis,
1367 4328 1535 4391 Cardiuales
1553 4328 1747 4389 Commisserii
1768 4328 1797 4388 iu
1812 4346 1846 4389 ea
1866 4327 1955 4408 nrrjus

1162 4431 1384 4493 canonizationis
1402 4428 1473 4490 alias
1494 4429 1632 4509 deputati,
1651 4429 1687 4490 de
1701 4430 1761 4489 suis
1775 4429 1846 4490 locis
1865 4446 1953 4491 reue·

1163 4545 1233 4594 ruut
1256 4550 1347 4609 usque
1374 4531 1410 4589 ad
1436 4529 1590 4591 secundem
1613 4540 1728 4609 portam
1748 4532 1952 4611 superiorem,

1163 4634 1295 4696 videlicet
1322 4632 1391 4692 dicti
1423 4633 1551 4710 suggesti
1584 4629 1688 4712 ibidem
1720 4642 1833 4710 ternpus
1864 4649 1953 4711 expe·

1161 4745 1279 4795 ctuutas.
1308 4730 1346 4794 Et
1373 4749 1440 4791 cusu
1466 4730 1616 4803 Poutelex,
1635 4730 1714 4792 dicto
1735 4731 1896 4803 oil'ertorio,
1922 4730 1951 4790 iu

1159 4835 1226 4895 sede
1247 4852 1299 4894 sna
1319 4830 1464 4903 eminenti,
1483 4832 1555 4893 solio
1572 4829 1656 4892 viridi
1675 4829 1786 4893 sederet
1804 4833 1832 4891 iu
1854 4832 1952 4902 mitra,

1160 4945 1343 4996 accesserunt
1357 4945 1415 4995 tres
1428 4933 1597 5014 ¹Cordinalcs
1610 4933 1799 4993 cottrmissarii
1813 4929 1951 5009 praedicti

1160 5056 1228 5097 cnm
1250 5036 1393 5096 scutiferis
1415 5046 1444 5097 ct
1466 5031 1652 5104 Oratoribus,
1673 5032 1851 5095 offertorium
1879 5048 1952 5110 por·

1162 5147 1253 5196 tautes
1283 5135 1339 5197 hoc
1366 5134 1477 5195 ordine.
1505 5134 1606 5195 Primo
1635 5133 1671 5193 R.
1701 5132 1951 5194 Vicecamernrius

1162 5254 1250 5315 quctu
1270 5236 1465 5315 sequebantur
1480 5234 1538 5295 duo
1553 5234 1680 5296 scutiferi
1696 5232 1857 5311 praedictos
1877 5231 1951 5292 dnos

1162 5357 1281 5417 magnos
1302 5357 1401 5399 cereos
1433 5355 1517 5398 cerne
1541 5334 1623 5396 albae
1649 5344 1795 5414 portantes
1821 5350 1878 5393 uon
1897 5351 1952 5394 ac·

1160 5459 1269 5511 censos,
1283 5438 1440 5517 quemlibet
1456 5454 1489 5498 x.
1507 5436 1658 5497 librarutn.
1673 5435 1818 5496 Pastillos
1836 5434 1952 5514 congni-

1160 5540 1233 5603 licus
1256 5541 1396 5602 Dominus
1417 5536 1612 5615 blas-quardus
1632 5537 1805 5614 Brianner,
1827 5535 1952 5609 docter,

1159 5643 1313 5714 slmiles,
1336 5642 1449 5721 primus
1475 5639 1586 5701 Orator
1612 5639 1686 5701 banc
1705 5638 1950 5700 canonizationem

1048 5783 1050 5790 ·
1159 5744 1315 5817 solicitans,
1338 5744 1388 5821 qui
1415 5742 1446 5804 in
1467 5742 1584 5805 dextera
1608 5759 1699 5805 uuum
1724 5758 1949 5818 cerettnrecrae

1664 5861 1679 5907 O
