4492 6859
294 626 357 685 ato
781 616 1062 681 rontttdctttts
1081 617 1306 684 auuxnttnttt
1327 622 1453 685 suxrt.

294 762 529 824 Vultemnensem
558 757 705 838 episcopos
730 754 817 817 etiam
836 754 981 834 praelatos
1011 752 1070 813 Pa·

299 863 368 923 latii.
401 860 520 923 Tertius
541 859 596 919 luit
628 858 703 918 inter
736 855 808 917 duos
828 855 899 916 alios
930 854 1078 915 Praelatoe

297 961 423 1035 Palatii,
444 979 517 1040 quos
550 959 643 1021 secuti
665 966 733 1019 sunt
760 957 851 1018 ceteri
871 955 993 1036 praelati
1019 953 1078 1014 biui

292 1072 321 1123 et
347 1062 416 1121 bini.
436 1060 543 1122 Nullus
576 1058 736 1122 Oratorum
771 1058 800 1117 iu
832 1057 961 1117 Romana
995 1057 1077 1115 curia

294 1160 474 1221 existentium
504 1158 582 1221 venit
615 1159 655 1219 eis
687 1156 812 1218 obviam.
849 1154 929 1224 Quae
961 1156 995 1217 de
1028 1175 1077 1217 re·

295 1262 425 1341 ceptione
452 1277 571 1332 eorum,
600 1268 729 1338 tempore
758 1257 915 1319 lnnoeentii
944 1257 1077 1336 superius

298 1363 376 1435 dixi,
408 1373 473 1421 acta
506 1371 571 1421 sunt
608 1358 652 1421 die
686 1376 772 1421 xttttt
813 1358 916 1420 mensis
949 1355 1076 1434 januarii

298 1462 336 1521 tt.
359 1460 462 1523 CCCC.
478 1459 622 1521 LXXXV.

336 1560 614 1639 Dominicaquarta
647 1556 912 1653 Ouedragesimae,
935 1576 979 1620 tx.
1006 1557 1076 1617 dicti

298 1666 402 1723 mensis
424 1662 531 1734 martii,
547 1660 602 1720 SS.
615 1660 650 1720 D.
673 1658 708 1720 tt.
731 1670 851 1739 paratus
872 1678 954 1720 more
975 1659 1075 1732 solito,

299 1762 414 1842 dempta
430 1762 526 1835 mitra,
544 1763 664 1821 accessit
678 1760 714 1820 ad
729 1779 854 1821 mensam
875 1780 941 1821 eum
957 1778 1034 1832 rosa,
1048 1770 1075 1820 et

294 1864 358 1924 aliis
380 1863 520 1923 consuetis
547 1872 677 1941 paratam
689 1903 698 1935 ‚
720 1862 769 1921 ubi
790 1861 930 1923 benedixit
951 1877 1046 1922 rosam
1067 1903 1076 1920 .

299 1963 524 2042 ...paramenti
546 1980 620 2021 nova
636 1961 671 2022 D.
695 1961 824 2022 Jobanne
842 1960 941 2022 Grona
963 1959 1076 2021 Clerico

298 2064 451 2134 Camenae,
465 2081 560 2124 rosam
576 2065 666 2142 ipsam
689 2074 811 2136 tenente,
826 2062 962 2142 imposuit
980 2060 1077 2120 balsa-

297 2183 400 2238 mum,
421 2164 600 2236 musabum,
619 2164 783 2237 incensum,
805 2162 948 2242 aspersit,
969 2174 997 2221 et
1028 2162 1076 2220 iu·

294 2267 441 2339 censarit,
462 2278 495 2327 ut
527 2268 616 2326 moris
636 2276 687 2326 est.
723 2265 800 2325 ‘lum
833 2281 897 2324 eam
928 2260 1076 2341 usquead

292 2367 452 2446 cappellam
474 2362 614 2441 majorem
636 2366 750 2426 sinistra
772 2366 922 2445 portarit,
957 2364 1005 2424 ubi
1028 2366 1076 2421 in·

294 2467 395 2528 terluit
416 2466 517 2527 Missae
532 2466 665 2546 publicae
687 2484 774 2543 quam
796 2464 952 2527 celebravit
970 2463 1075 2525 Cardi-

293 2568 364 2627 nalis
383 2568 610 2628 Beneventanus.
625 2567 793 2628 Sermonem
808 2566 877 2627 lecit
896 2573 1073 2646 procurator

296 2665 415 2728 Ordinis
430 2667 666 2729 Carmelitarum.
688 2668 780 2728 Finita
802 2668 887 2747 Missa
909 2667 966 2727 SS.
988 2667 1023 2727 tt.
1039 2664 1077 2725 N.

292 2767 402 2829 vocatis
423 2768 460 2828 ad
480 2788 511 2829 se
531 2770 663 2829 omnibus
683 2768 895 2840 Cardinalibus,
917 2766 952 2829 de
972 2786 1074 2828 eorum

292 2870 411 2930 consilio
434 2870 564 2932 decrerit
578 2887 675 2929 rosam
690 2870 780 2948 ipsam
797 2868 988 2932 Serenissimo
1002 2868 1075 2949 Regi

292 2970 432 3031 Fraueiae
463 2971 578 3031 mittere
590 2992 601 3043 ς
621 2981 649 3031 et
669 2970 726 3030 alia
759 2971 855 3031 omnia
877 2988 958 3031 more
990 2972 1074 3030 solito

292 3082 359 3132 aunt
379 3073 552 3144 observata,
573 3089 638 3131 rosa
660 3091 710 3152 per
736 3070 845 3151 Papam
864 3070 901 3133 ad
929 3090 1074 3133 cameram

293 3191 376 3232 suam
396 3183 553 3252 reportata.

335 3274 421 3335 Faria
441 3275 577 3348 meando,
598 3292 631 3335 x.
650 3274 719 3334 dicti
741 3275 843 3338 mensis
864 3276 971 3350 martii,
996 3276 1074 3337 eirea

292 3373 377 3435 linem
408 3376 512 3437 secreti
534 3374 702 3437 Consistorii
722 3376 817 3436 vocati
847 3396 899 3437 seu
920 3378 1074 3438 intromissi

292 3474 413 3536 luerunt
434 3480 462 3536 in
485 3476 557 3537 illud
578 3495 675 3537 omnes
693 3476 819 3538 Praelati
837 3489 865 3539 et
887 3474 1025 3540 Oratores
1046 3481 1073 3541 in

293 3575 415 3637 Camera
436 3573 596 3655 paramenti
617 3586 687 3636 tunc
708 3576 859 3637 existentes
884 3588 912 3639 et
933 3575 1074 3641 Oratores

293 3674 435 3736 Rhodiani
450 3676 486 3736 ad
502 3676 689 3737 obedientiam
706 3676 902 3756 praestandam
923 3677 1008 3738 missi.
1024 3680 1074 3739 ln·

293 3787 412 3839 traruut
432 3779 527 3858 primo
549 3779 601 3858 ipsi
621 3776 761 3841 Oratores
781 3779 922 3840 Rbodiani
934 3824 944 3853 ,
965 3791 994 3841 et
1015 3781 1073 3841 im·

296 3878 416 3940 mediate
436 3890 500 3959 post
514 3898 562 3941 eos
580 3881 701 3958 praelati
715 3878 817 3941 Palatii
836 3892 864 3943 et
879 3882 926 3943 alii
941 3900 975 3943 ac
994 3880 1074 3943 Ora·

296 3991 383 4041 tores.
403 3979 529 4041 Praelati
558 3980 660 4040 Palatii
692 3991 833 4042 steterunt
863 3981 899 4040 ad
931 3983 1073 4045 sinistram

295 4080 412 4161 Papae,
435 4079 573 4142 Oratores
598 4102 667 4142 vero
688 4082 811 4160 praelati
841 4084 940 4145 etalii
967 4084 1003 4144 ad
1022 4084 1075 4146 de·

298 4193 404 4244 steram
426 4179 573 4242 Pontificis
606 4195 686 4242 retro
707 4183 893 4244 cardinales:
915 4183 991 4264 Papa
1011 4198 1075 4248 erat

295 4281 323 4340 in
347 4282 467 4343 rocheto
488 4292 517 4343 et
538 4283 712 4361 cappuceino
727 4284 827 4345 rubeo.
851 4282 990 4347 Oratores
1017 4299 1074 4348 tres

293 4382 448 4457 Rbodiani,
471 4384 554 4443 lactis
576 4383 692 4457 tribus,
711 4384 793 4444 solita
816 4385 967 4459 distantia,
989 4406 1075 4449 rere·

210 4536 213 4551 ‚
292 4483 391 4543 rantiis
403 4526 412 4556 ,
433 4494 614 4545 accesserunt
643 4484 679 4543 ad
711 4482 879 4548 Pontificem
891 4531 901 4561 ,
919 4487 1074 4567 Arcbiepi·

293 4601 397 4661 scopus
415 4584 531 4663 primo,
552 4595 580 4645 et
609 4584 709 4646 deinde
736 4605 858 4665 maguus
878 4584 989 4660 Baliva,
1011 4599 1073 4649 tum

293 4680 379 4743 Prior
386 4704 397 4758 3
419 4694 449 4744 et
469 4685 577 4764 singuli
598 4684 697 4765 pedem
719 4705 860 4763 manmn,
880 4667 910 4750 et
929 4709 961 4750 os
980 4690 1074 4771 Papae

292 4783 416 4845 osculati
446 4795 535 4857 sunt,
567 4798 654 4865 prout
685 4790 714 4849 in
745 4791 868 4869 publicis
898 4793 1074 4853 consistoriis

292 4884 355 4947 fleri
367 4888 525 4949 consuerit.
537 4885 613 4948 'l'nm
628 4889 869 4972 Arebiepiseopus
884 4894 1074 4973 praesentavit

292 4986 391 5048 literas
413 4987 511 5067 blagni
532 4987 663 5067 blagistri
684 4988 801 5071 Papae,
820 4994 870 5070 qui
889 5011 936 5053 eas
958 4994 1074 5056 tradidit

292 5088 428 5167 episeopo
440 5088 651 5168 Caputaqueosi
674 5095 829 5175 secretario
850 5112 904 5153 suo
924 5095 1073 5173 legendas,

293 5185 393 5251 deinde
414 5200 642 5251 retrocesserunt
659 5192 727 5252 dieti
749 5204 808 5253 tres
820 5192 959 5256 Oratores
981 5214 1073 5274 usque

292 5300 373 5350 extra
394 5290 517 5351 scabella
533 5291 752 5369 Cardinalium,
773 5306 802 5355 et
822 5294 926 5357 ibidem
942 5296 978 5357 ad
993 5297 1074 5359 Pon·

295 5387 401 5451 tificem
420 5392 494 5451 rarsi
508 5392 733 5470 genuflexerunt.
752 5394 852 5456 Vocati
870 5408 898 5457 et
919 5398 1073 5461 intromissi

292 5500 360 5552 sunt
380 5510 416 5552 ex
437 5496 633 5555 commissione
652 5495 757 5575 Papae,
773 5514 818 5559 me
832 5508 954 5577 petente,
974 5519 1073 5563 omnes

293 5590 327 5652 de
342 5593 441 5655 ordine
456 5595 554 5657 Sancti
567 5596 701 5658 lobannis
713 5598 955 5660 Hierosolimitani
972 5599 1001 5662 in
1020 5621 1072 5663 ea·

293 5710 374 5755 mera
395 5698 554 5775 paramenti
574 5700 744 5771 existentes,
763 5700 814 5777 qni
836 5701 913 5762 circa
929 5699 1072 5766 Oratores

1822 618 1928 706 (atos)

1145 753 1325 834 supradictos
1344 752 1511 815 libodiaoos
1532 769 1626 832 genua
1647 751 1797 815 desmuut.
1824 752 1929 815 Secre-

1146 854 1236 915 tarius
1257 855 1324 933 legit
1344 854 1478 927 litteras,
1498 864 1561 914 tum
1585 853 1832 934 Arcbiepisoopus
1854 854 1929 914 reei-

1145 953 1216 1016 tavit
1236 955 1392 1017 orationem
1423 953 1589 1033 genuflexus
1601 976 1612 1028 3
1645 971 1703 1031 qua
1737 952 1823 1014 linita
1851 953 1927 1033 Papa

1145 1056 1290 1136 respondit
1303 1066 1331 1118 et
1346 1056 1414 1136 ipse.
1427 1056 1515 1117 Facta
1530 1057 1710 1137 responsione
1726 1055 1839 1135 Papae,
1851 1053 1929 1117 Ora·

1146 1167 1302 1219 terestres
1333 1156 1476 1236 praedicti
1498 1156 1649 1219 redierunt
1678 1157 1713 1215 ad
1737 1155 1931 1230 Pontificem,

1128 1250 1249 1334 'quibus
1269 1257 1306 1318 ad
1326 1257 1471 1318 sinistram
1492 1257 1658 1337 geuutlexis,
1678 1256 1811 1331 Priores,
1839 1260 1931 1320 etalii

1134 1359 1268 1438 'religiosi
1275 1357 1393 1422 Ordinis
1407 1360 1544 1440 praedicti
1559 1360 1661 1421 ibidem
1675 1359 1832 1421 existentes
1845 1377 1933 1421 oseu-

1146 1461 1195 1520 lati
1221 1471 1289 1521 sunt
1309 1461 1409 1541 pedem
1431 1461 1534 1540 Papae.
1560 1459 1653 1532 Tum,
1675 1459 1795 1519 obtenta
1816 1477 1835 1517 a
1857 1459 1930 1538 Papa

1145 1561 1268 1632 licentia,
1290 1560 1375 1623 iidem
1395 1562 1536 1624 Oratores
1557 1560 1593 1620 ad
1613 1560 1735 1621 domum
1758 1559 1931 1634 redierunt;

1145 1663 1193 1738 qui
1214 1661 1270 1722 boc
1290 1682 1373 1724 mane
1389 1663 1426 1723 ad
1444 1662 1588 1724 Palatium
1612 1662 1758 1723 venientes
1775 1678 1795 1719 a
1819 1661 1931 1721 remittis

1144 1761 1236 1823 Rern.
1259 1761 1293 1822 D.
1316 1762 1548 1824 vicecancellarii
1565 1760 1684 1822 Ordinis
1698 1761 1846 1843 praedicti
1862 1781 1931 1841 pro-

1144 1863 1283 1936 tectoris,
1303 1873 1332 1925 et
1352 1882 1402 1942 per
1431 1864 1561 1942 plurium
1581 1863 1706 1924 aliorum
1728 1862 1930 1924 cardinalium

1143 1962 1264 2023 familias
1284 1962 1402 2025 suerunt
1421 1963 1560 2024 associati.
1577 1962 1631 2042 lpsi
1646 1974 1744 2024 autern
1765 1973 1829 2023 tres
1850 1960 1930 2023 Ora·

1145 2076 1221 2125 tores
1242 2064 1325 2125 simul
1348 2064 1540 2143 equitarunt,
1559 2074 1618 2123 tam
1647 2063 1745 2124 eundo
1765 2082 1858 2141 quam
1882 2083 1930 2125 re·

1144 2164 1267 2238 deundo,
1288 2166 1422 2243 praelatis
1444 2174 1508 2243 post
1529 2182 1577 2225 eos
1595 2164 1804 2241 equitantibus.

1185 2265 1269 2326 Faria
1292 2276 1408 2341 quarta,
1429 2283 1483 2326 xrs.
1505 2265 1574 2325 dicti
1594 2267 1700 2327 mensis
1726 2265 1842 2337 martii,
1861 2264 1930 2325 leste

1143 2365 1243 2427 Sarrcti
1256 2365 1391 2445 Gregorii
1409 2366 1514 2446 Papae,
1531 2365 1587 2427 SS.
1605 2365 1640 2426 D.
1660 2364 1694 2427 ll.
1718 2376 1842 2445 paratus
1857 2365 1929 2424 ami·

1144 2478 1204 2541 ctu,
1222 2468 1297 2541 alba,
1315 2468 1447 2546 cingulo,
1466 2467 1644 2546 cappuceino
1663 2467 1754 2538 albo,
1773 2467 1849 2527 stola
1867 2465 1929 2526 alba

1143 2568 1267 2647 pretiosa
1289 2578 1318 2627 et
1336 2568 1447 2629 birreto
1468 2569 1557 2641 albo,
1577 2566 1820 2647 praecedentibus
1840 2584 1926 2627 eruce

1142 2679 1170 2728 et
1190 2667 1401 2741 cardinalibus,
1415 2669 1556 2745 equitavit
1570 2668 1599 2729 in
1612 2685 1687 2745 equo
1698 2668 1766 2729 albo
1785 2666 1840 2727 sub
1859 2685 1928 2744 cap·

1142 2768 1219 2847 pello
1232 2787 1313 2830 more
1326 2768 1412 2829 solito
1432 2787 1484 2848 per
1500 2786 1635 2849 campum
1659 2768 1786 2841 Florae,
1806 2769 1927 2848 plateam

1141 2868 1318 2930 ludaeorum
1346 2866 1430 2944 juxta
1453 2870 1591 2950 hospitale
1615 2869 1649 2931 da
1670 2869 1875 2932 Consolatione
1894 2868 1928 2927 sd

1141 2970 1291 3031 ecelesiam
1306 2968 1406 3030 Sancti
1421 2968 1571 3051 Gregorii,
1587 2971 1703 3031 Missam
1718 2971 1865 3032 lecturus.
1880 2970 1929 3030 Pi·

1141 3071 1199 3130 nita
1220 3071 1391 3132 confessione
1412 3089 1481 3132 cum
1501 3070 1539 3130 D.
1561 3070 1671 3131 Abbatc
1687 3116 1697 3145 ‚
1715 3071 1799 3151 Papa
1819 3072 1875 3131 ivit
1893 3070 1927 3130 ad

1141 3170 1334 3232 faldistorium
1367 3172 1395 3232 in
1428 3174 1538 3251 angulo
1569 3173 1705 3233 tribunae
1727 3182 1813 3233 extra
1836 3190 1926 3233 cornu

1142 3270 1292 3351 Evangelii
1312 3271 1364 3333 sibi
1386 3282 1546 3351 peratum,
1571 3273 1621 3333 ubi
1651 3272 1731 3334 ilexit
1752 3292 1806 3352 per
1838 3283 1926 3334 totam

1141 3373 1255 3434 blissam
1277 3375 1361 3435 etiam
1384 3391 1453 3434 cum
1473 3373 1666 3454 Evangelium
1686 3374 1854 3436 diceretur:
1874 3374 1927 3436 Se·

1142 3477 1234 3535 nensis
1254 3485 1283 3536 et
1303 3475 1338 3536 de
1360 3474 1493 3547 Sabellis,
1504 3476 1598 3555 Papae
1613 3477 1786 3550 assistentes,
1808 3476 1927 3537 luerunt

1141 3585 1223 3636 retro
1243 3574 1352 3655 Papam
1374 3577 1401 3635 in
1423 3575 1499 3637 dieto
1520 3578 1583 3637 loco
1605 3576 1768 3656 genuflexi,
1791 3576 1927 3658 Neapoli·

1141 3687 1225 3735 tanus
1244 3686 1273 3736 et
1297 3674 1493 3738 Ulixbonensis
1512 3676 1648 3759 Episcopi
1670 3676 1842 3738 Cardinales
1864 3677 1925 3739 lue·

1142 3788 1212 3837 runt
1232 3776 1371 3856 genuflexi
1389 3776 1426 3836 ab
1447 3778 1502 3837 alia
1524 3790 1606 3856 parte
1627 3780 1761 3841 tribunae
1784 3781 1813 3840 in
1837 3798 1925 3841 cornu

1141 3878 1297 3958 Epistulae,
1320 3877 1356 3938 ad
1377 3889 1459 3940 extra
1479 3899 1561 3953 vero,
1579 3879 1713 3943 videlicet
1727 3894 1796 3944 ante
1816 3883 1924 3962 gradus

1142 3980 1273 4042 tribunae
1294 3980 1330 4041 ad
1352 3979 1499 4041 dexteram
1524 3981 1654 4042 intrantis
1676 3994 1705 4044 et
1722 3983 1760 4042 ad
1781 3984 1924 4044 sinistram

1141 4093 1240 4160 parata
1261 4100 1376 4141 scamna
1396 4101 1464 4142 cum
1484 4081 1673 4142 bancbalibus
1690 4084 1794 4162 tapetis
1813 4085 1843 4144 in
1864 4103 1923 4144 me-

1141 4182 1189 4245 dio
1205 4184 1323 4256 stratis,
1346 4184 1374 4243 in
1396 4183 1502 4261 quibus
1517 4182 1649 4255 banchis,
1666 4184 1804 4246 videlieet
1825 4186 1862 4245 ad
1885 4187 1924 4246 si·

1141 4283 1260 4342 nistram
1282 4284 1415 4344 intrantis
1433 4284 1554 4347 luerunt
1572 4285 1671 4347 Sancti
1686 4286 1857 4362 Clementis,
1874 4288 1923 4347 Ja-

1141 4386 1274 4457 nuensts,
1295 4382 1479 4459 Parmensis,
1501 4386 1691 4469 Presbyteri.
1724 4387 1757 4447 ln
1779 4388 1837 4449 alia
1856 4407 1922 4451 vera

1140 4487 1178 4546 ad
1197 4487 1341 4549 dexteram
1356 4487 1509 4562 intrantis,
1525 4487 1665 4549 Columna
1678 4489 1923 4569 „vicecancella-

1142 4589 1203 4649 rius
1217 4630 1225 4659 ‚
1246 4587 1345 4649 Sancti
1360 4588 1513 4661 Severini,
1535 4590 1719 4661 Valentinus,
1738 4591 1922 4663 Caesarinus,

1141 4690 1328 4763 Grimanus,
1357 4690 1545 4763 Parnasius,
1578 4702 1606 4751 et
1639 4690 1752 4753 Lunata
1786 4692 1922 4754 Diaconi

1140 4792 1322 4856 Cardinales:
1346 4802 1426 4852 tetro
1459 4792 1671 4872 Presbyteros,
1692 4791 1753 4853 sive
1781 4792 1820 4853 ad
1849 4793 1924 4854 latus

1140 4913 1241 4957 aarum
1260 4904 1340 4955 extra
1356 4911 1471 4953 scamna
1492 4894 1610 4953 luerunt
1625 4894 1745 4972 praelati
1761 4890 1924 4965 Oratores,

1139 5007 1168 5058 et
1188 4996 1224 5055 ad
1239 4997 1314 5055 latus
1330 4995 1525 5056 Diaconorum
1538 4995 1603 5057 laici
1617 4992 1769 5069 Oratores3
1784 4997 1924 5057 assisten-

1140 5108 1180 5158 tes
1200 5095 1293 5174 Papae
1319 5108 1382 5175 post
1403 5094 1578 5169 Cardinales,
1600 5095 1726 5158 Praelati
1747 5097 1847 5158 etalii
1867 5096 1925 5155 sine

1139 5198 1260 5268 ordine,
1282 5197 1349 5257 licet
1368 5214 1483 5257 scamna
1513 5197 1598 5258 cbori
1619 5207 1712 5261 essent
1732 5181 1923 5258 bancbalibus

1138 5316 1194 5376 pro
1213 5298 1253 5358 eis
1278 5307 1390 5358 ornata.
1422 5297 1537 5359 Missam
1556 5300 1640 5378 legit
1659 5301 1696 5361 D.
1717 5299 1815 5360 Abbas
1837 5318 1924 5378 prae·

1139 5397 1232 5459 dietus
1254 5396 1288 5459 de
1320 5397 1426 5457 Sancto
1447 5396 1591 5477 Gregorio
1614 5401 1689 5459 'eum
1704 5443 1866 5461 ......
1890 5400 1925 5461 de

1140 5499 1234 5573 leria3
1255 5508 1285 5559 et
1307 5517 1361 5578 pro
1383 5497 1466 5577 Papa,
1482 5498 1592 5561 librum
1620 5511 1684 5579 post
1711 5500 1924 5581 Evangelium,

1137 5610 1168 5660 at
1187 5601 1295 5662 Pacem
1315 5599 1495 5660 ministravit
1516 5599 1589 5662 Rev.
1611 5599 1647 5660 D.
1663 5601 1827 5666 Cardiaalis
1849 5602 1926 5665 llea·

1137 5702 1283 5781 politanus
1315 5700 1411 5781 Papae
1442 5702 1641 5791 osculandam.
1677 5703 1785 5768 Pacem
1823 5705 1925 5770 deinde
