4492 6859
465 666 661 752 uss)

434 670 597 872 (nom
641 805 698 865 in
749 800 990 865 oleario
1058 813 1223 861 secus
1286 794 1578 856 Palatium
1645 790 1835 869 Papae
1893 781 2028 847 iecit

464 930 2041 967 ..-—-—-—-—-————-———-—-

442 1020 617 1085 Papae
664 1017 859 1070 familia
885 1054 903 1077 ,
936 1020 992 1067 et
1036 1017 1266 1065 omnium
1318 1010 1713 1067 cardinalium,
1741 1009 1795 1058 et
1845 1004 2030 1056 inilniti

448 1102 733 1159 homines,
766 1102 819 1149 et
852 1099 1000 1148 venit
1054 1107 1173 1145 cum
1224 1098 1435 1144 centum
1481 1094 1536 1140 et
1568 1087 1752 1151 viginti
1800 1083 2032 1135 millibus

448 1178 774 1231 Duoatorum
807 1176 922 1226 auri
943 1208 961 1234 ,
993 1178 1189 1225 etcum
1223 1172 1403 1222 multis
1436 1172 1490 1219 et
1511 1164 1779 1218 nobilibus
1811 1161 2033 1226 gemmis

450 1262 508 1311 et
543 1256 876 1320 margaritis,
907 1258 962 1305 et
1012 1250 1430 1316 opulentissimis
1463 1249 1650 1306 donis,
1697 1241 2035 1307 portavitque

449 1350 517 1390 ea
548 1348 648 1401 pro
681 1335 883 1387 tributo
912 1334 993 1396 (ut
1016 1331 1207 1393 fertur)
1240 1331 1399 1380 trium
1422 1321 1791 1396 annomukad
1813 1331 2038 1382 compu-

447 1420 567 1469 tum
599 1413 948 1479 quadraginta
972 1412 1132 1462 millia
1155 1410 1477 1460 Ducatorum
1501 1417 1599 1468 pro
1619 1400 1859 1466 quolibet
1882 1410 2039 1458 anno,

449 1508 590 1557 quos
618 1496 735 1557 ipse
767 1492 1009 1555 promisit
1041 1490 1247 1552 Papae,
1279 1488 1449 1538 solum
1499 1488 1556 1535 ut
1587 1482 1844 1533 retineret
1876 1477 2037 1528 alium

454 1573 690 1626 'furcam
714 1570 932 1621 fratrem
958 1569 1084 1620 dicti
1107 1568 1278 1630 magni
1302 1563 1629 1626 Turcae‚qui
1656 1565 1739 1613 est
1762 1559 1811 1610 in
1827 1557 2042 1608 Palatio.

455 1652 664 1705 Utinam
696 1651 830 1702 haec
864 1661 969 1699 non
1004 1648 1215 1711 pariant
1248 1643 1447 1707 aliquid
1478 1643 1601 1692 mali
1633 1637 1901 1690 Ecclesiae
1933 1634 2043 1685 Dei.

455 1730 529 1785 m
561 1731 683 1782 data
716 1730 815 1780 mit
838 1728 889 1779 ei
921 1727 1188 1776 audientia
1212 1737 1241 1774 a
1274 1728 1389 1774 toto
1410 1720 1638 1783 Collegio
1667 1715 2046 1774 cardinalium,
2105 1739 2107 1754 ι

457 1815 516 1863 et
547 1812 602 1861 in
637 1809 869 1861 secretis
889 1841 907 1866 ,
940 1806 1016 1859 ita
1048 1804 1191 1868 quod
1222 1802 1464 1854 nescitur
1494 1798 1882 1866 punctualiter,
1920 1792 2045 1856 quid

456 1889 789 1953 exposuerit.
839 1884 1029 1937 Fertur
1062 1889 1237 1934 tamen
1285 1883 1425 1931 inter
1458 1879 1727 1937 homines,
1774 1876 1914 1925 inter
1945 1873 2046 1923 alia

458 1967 730 2020 obtulisse
761 1965 929 2029 Papae
950 2001 968 2024 ,
999 1968 1053 2015 et
1092 1962 1365 2013 Ecclesiae
1399 1960 1523 2020 Dei,
1555 1954 1734 2020 quod,
1766 1956 1811 2006 si
1845 1953 2048 2004 retine·

462 2053 549 2100 ret
579 2047 783 2099 dictum
819 2044 1045 2095 Turcam
1065 2078 1082 2102 ,
1113 2054 1212 2105 prp
1244 2052 1409 2092 censu
1445 2050 1503 2089 se
1536 2036 1778 2087 daturum
1814 2031 2051 2096 quadra-

464 2131 608 2192 ginta
642 2125 806 2177 millia
837 2122 1157 2174 Dueatornm
1180 2131 1280 2183 pro
1315 2117 1555 2181 quolibet
1575 2127 1745 2174 anno,
1774 2122 2049 2176 quousque

463 2207 642 2271 ipsum
674 2202 972 2256 retinuerit.
1004 2199 1137 2250 item
1190 2198 1381 2248 obtulit
1414 2206 1600 2259 pacem
1641 2197 1695 2245 et
1739 2196 2047 2256 perpetuam

470 2286 811 2337 securitatem
870 2281 1008 2331 inter
1040 2277 1365 2329 Christianos
1418 2279 1472 2325 et
1522 2271 1759 2331 Turcas,
1810 2274 1865 2321 et
1909 2268 2053 2332 quod

468 2364 757 2416 Christiani
788 2361 857 2413 de
897 2364 1079 2410 cetero
1112 2358 1335 2420 possent
1366 2356 1445 2404 ire
1480 2356 1534 2404 et
1566 2353 1748 2403 redire
1782 2351 1836 2400 in
1880 2352 2055 2398 terras

472 2448 592 2505 ejus
629 2441 832 2498 libere,
864 2442 918 2489 et
964 2438 1164 2500 absque
1212 2436 1387 2497 aliquo
1438 2433 1648 2483 timore.
1697 2429 1775 2480 Ex
1824 2427 2053 2478 adverso

474 2524 686 2582 fertur,
717 2516 1174 2570 Ambasciatorem
1200 2512 1419 2563 soldani
1450 2508 1769 2572 Babyloniae
1799 2506 2055 2557 obtulisse

469 2598 709 2653 Pontifici
742 2610 841 2662 pro
864 2598 1034 2648 salute
1059 2599 1114 2645 et
1146 2593 1483 2644 restitutione
1506 2589 1635 2640 dicti
1660 2589 1864 2638 Turcae
1885 2586 2056 2649 primo

472 2692 752 2734 numerum
776 2675 1127 2742 quadraginta
1152 2672 1310 2722 millia
1334 2671 1669 2721 Ducatorum.
1689 2670 1814 2718 item
1835 2663 2056 2717 Terram

474 2763 562 2812 vel
593 2760 875 2811 Civitatem
899 2753 1225 2806 Hierusalem
1250 2788 1268 2812 ‚
1295 2760 1451 2813 quam
1477 2748 1831 2813 pollicebatur
1863 2758 2060 2810 perpe-

474 2848 569 2893 tuo
602 2840 703 2891 sub
735 2836 972 2889 dominio
1006 2833 1446 2884 Christianorum.
1478 2829 1603 2878 item
1628 2827 1967 2878 securitatem
2003 2828 2059 2874 et

477 2917 777 2972 libertatem
818 2916 1053 2966 omnium
1086 2912 1506 2964 Christianorum
1558 2905 1847 2958 volentium
1883 2906 1962 2955 ire
1995 2903 2061 2954 ad

483 3000 687 3052 dictam
720 2997 972 3054 Terram,
1004 2996 1061 3044 ut
1093 2991 1295 3052 absque
1328 2990 1505 3051 aliquo
1548 2985 1693 3035 datio
1716 2987 1770 3033 et
1804 2981 2064 3034 solutione

485 3082 565 3132 ire
600 3082 654 3130 et
687 3076 863 3128 redire
886 3073 1125 3137 possent·
1161 3071 1290 3120 ltem
1323 3066 1465 3130 quod
1488 3077 1672 3115 omnes
1697 3067 1893 3119 terrae,
1926 3072 2063 3122 quae

483 3158 889 3223 acquirerentur
920 3164 1017 3214 per
1050 3161 1166 3199 eum
1189 3184 1205 3207 ,
1237 3151 1293 3197 et
1324 3146 1524 3196 dictum
1555 3142 1781 3194 Turcam
1805 3176 1822 3200 ,
1854 3141 1942 3203 qui
1977 3141 2061 3190 est

486 3241 607 3297 hic,
638 3236 705 3287 de
738 3235 899 3286 terris
935 3229 1143 3293 lmperii
1178 3226 1396 3276 alterius
1434 3224 1639 3274 Turcae
1674 3226 1728 3273 et
1749 3221 1934 3272 fratris
1966 3219 2067 3280 sui,

485 3329 625 3381 quae
658 3313 871 3365 fuerunt
893 3310 1016 3360 olim
1047 3304 1492 3361 Christianorum,
1517 3302 1674 3352 etiam
1698 3300 1745 3349 si
1768 3306 1911 3349 esset
1933 3297 2067 3349 Con·

485 3392 892 3455 stantinopolis‚
923 3387 1098 3437 dictae
1145 3382 1417 3435 Ecclesiae
1450 3385 1504 3431 et
1550 3378 1866 3429 Christianis
1914 3378 2070 3427 resti-

488 3477 751 3525 tuturum.

573 3551 636 3602 Bt
668 3546 936 3600 multoties
986 3554 1149 3606 super
1182 3542 1284 3592 hoc
1316 3537 1534 3591 habitus
1570 3537 1668 3587 fuit
1714 3538 1976 3586 tractatus
2009 3533 2062 3583 in

490 3632 687 3683 Palatio
746 3640 864 3679 cum
922 3622 1308 3675 cardinalibus.
1359 3618 1616 3670 Tamdem
1674 3615 1761 3666 die
1812 3613 2068 3678 vigesima

492 3713 686 3763 octava
718 3720 812 3759 seu
844 3719 983 3757 nona
1015 3701 1316 3755 decembris
1338 3699 1511 3750 dictus
1544 3695 1914 3748 Ambasciator
1935 3693 2069 3743 Tur·

492 3803 591 3839 cae
625 3786 933 3851 impetravit
982 3797 1011 3833 a
1043 3783 1180 3845 Papa
1214 3779 1535 3830 audientiam
1570 3790 1599 3826 a
1645 3776 1829 3837 Magno
1860 3774 2031 3824 Turca
2052 3806 2069 3831 ,

494 3882 562 3919 eo
593 3865 975 3931 quod‘diceret
1022 3875 1080 3911 se
1130 3860 1267 3910 nolle
1301 3858 1509 3908 solvere
1559 3854 1816 3908 tributum
1862 3851 2075 3916 praedi·

497 3954 640 3998 ctum
660 3983 676 4002 ‚
708 3945 808 3994 nisi
846 3953 966 3991 eum
1000 3940 1206 3989 oculata
1248 3936 1351 3985 ilde
1383 3935 1606 3985 videret.
1636 3933 1700 3983 Et
1733 3933 1804 3983 ita
1850 3931 1985 3982 dixit
2016 3942 2073 3982 se

501 4025 752 4074 habuisse
786 4021 843 4081 in
873 4017 1133 4068 mandatis
1154 4052 1170 4075 ,
1203 4028 1268 4065 ne
1315 4014 1453 4065 forte
1486 4014 1753 4063 diceretur
1800 4012 1987 4070 vivus,
2020 4015 2074 4061 et

501 4104 742 4151 mortuus
775 4100 938 4147 esset.
987 4093 1050 4144 Et
1081 4106 1242 4157 quum
1277 4094 1376 4142 boc
1411 4094 1702 4143 nuntiatum
1749 4093 1893 4141 esset
1933 4090 2075 4141 dicto

506 4181 690 4241 Magno
721 4177 963 4233 Turcae‚
998 4172 1274 4234 nonprius
1307 4173 1473 4222 voluit
1494 4171 1691 4221 dictum
1726 4170 2079 4221 Ambasciato·

505 4270 619 4307 rem
655 4257 929 4317 recipere,
963 4255 1016 4302 et
1049 4253 1096 4303 ei
1119 4250 1436 4301 audientiam
1471 4250 1634 4309 dare,
1666 4261 1821 4313 quam
1846 4250 1961 4311 ipse
1996 4262 2082 4299 se-

506 4336 641 4387 dens
676 4347 736 4384 ac
771 4335 994 4383 ornatus
1042 4330 1432 4392 triumphaliter
1465 4330 1516 4379 in
1550 4329 1683 4379 solio
1729 4329 1900 4391 Regali
1931 4341 2080 4380 more

504 4413 889 4478 Imperatorum
929 4422 1049 4461 eum
1085 4409 1308 4459 admisit.
1343 4411 1521 4471 ltaque
1546 4407 1849 4470 supradicta
1881 4407 1964 4457 die
1996 4418 2084 4455 or·

508 4497 666 4545 natae
698 4492 909 4542 fuerunt
963 4489 1147 4547 aulae,
1199 4491 1254 4538 et
1304 4492 1490 4550 portae
1545 4489 1850 4550 superiores
1900 4484 2083 4537 Palatii
2146 4524 2147 4534 ,

509 4572 677 4636 Papae
712 4569 907 4634 tapetis
931 4571 984 4619 et
1018 4568 1235 4626 aulaeis;
1265 4570 1336 4625 et,
1358 4570 1419 4617 ut
1451 4567 1637 4617 melius
1660 4566 1849 4625 dicam,
1865 4565 2083 4628 drappis

512 4652 690 4704 aureis
711 4649 939 4711 undique
973 4648 1131 4697 etiam
1166 4658 1265 4710 per
1287 4650 1484 4696 terram
1505 4682 1522 4705 ,
1553 4648 1623 4695 ita
1647 4644 1790 4707 quod
1821 4657 2084 4706 nunquam

513 4735 628 4783 visa
680 4719 877 4783 tuerint
908 4729 1101 4789 Romae
1134 4726 1319 4776 similia
1354 4729 1660 4775 ornamenta
1695 4727 1796 4774 etc.
1834 4745 1875 4771 ι.
1919 4724 2087 4786 Ergo,
2159 4730 2160 4733 ’

512 4815 573 4862 ut
616 4822 741 4873 pay.
782 4808 891 4859 189.
928 4804 1202 4862 dicebam,
1248 4803 1470 4867 Legatus
1515 4802 2087 4864 Costantinopolitanus

515 4890 713 4941 obtulis
745 4888 1027 4950 pecunias,
1060 4897 1163 4933 non
1198 4890 1255 4933 ut
1292 4883 1450 4941 dona,
1484 4882 1678 4943 sedad
1711 4880 1944 4932 debitum
1979 4881 2088 4931 sol-

514 4970 746 5020 vendum
782 4978 880 5030 pro
914 4964 1104 5015 aiendo
1138 4963 1378 5026 Principe
1414 4964 1644 5026 captivo.

599 5050 800 5100 Tamen
833 5044 902 5095 ob
924 5044 1073 5103 illios,
1096 5048 1149 5092 et
1172 5044 1292 5105 quia
1316 5054 1419 5091 non
1454 5040 1663 5092 erubuit
1695 5039 1868 5103 patris
1901 5051 2088 5088 nomen

517 5124 576 5175 in
624 5122 930 5189 pontificatu
978 5130 1340 5178 conservare,
1371 5119 1601 5183 undique
1634 5122 1687 5167 et
1722 5117 1829 5167 i'ere
1874 5116 1941 5165 ab
1984 5116 2093 5165 uni·

520 5204 696 5254 versis
731 5196 1079 5262 scriptoribus
1113 5201 1393 5247 accusatus
1423 5201 1477 5247 et
1512 5197 1831 5258 increpatus.

608 5282 747 5332 Haec
782 5279 1157 5342 epigrammata
1181 5276 1397 5326 nai-uno
1431 5273 1751 5332 tribuuntur,
1775 5272 2019 5336 quamvis
2043 5272 2093 5322 in

523 5362 761 5424 ejusdem
783 5361 987 5421 poetae
1020 5354 1269 5418 operibus
1303 5368 1406 5403 non
1439 5354 1792 5404 inveniantur.

590 5462 610 5483 ·
649 5438 899 5492 Exhausit
930 5438 1106 5487 Sixtus
1141 5432 1293 5483 bellis
1328 5437 1382 5482 et
1414 5432 1666 5483 caedibus
1699 5431 1913 5490 Urbem,

715 5519 1044 5569 Tercentena
1080 5515 1269 5564 haeres
1304 5510 1538 5561 restituit
1572 5512 1751 5561 sobole
1792 5532 1834 5558 ι.

599 5701 619 5722 ·
656 5673 789 5740 Quid
822 5676 1039 5740 quaeris
1074 5675 1258 5731 tester»,
1292 5670 1361 5720 sit
1395 5683 1507 5721 mas
1543 5684 1607 5720 an
1642 5671 1867 5721 foemina
1886 5668 2042 5719 Cibo?

718 5756 939 5820 Respice
974 5758 1239 5813 natorum,
1269 5750 1487 5814 pignora
1520 5753 1684 5812 certa,
1716 5762 1952 5814 gregem:

1355 645 1927 721 tommentis
1968 636 2421 709 mmocEN'ru
2461 632 2777 699 ocTAvl.

2170 793 2353 839 unum
2393 771 2685 833 Palatium
2712 809 2734 843 ,
2768 765 2925 846 quod
2970 774 3241 826 vocatum
3283 770 3371 824 est
3407 759 3537 839 ejus
3571 759 3743 838 jussu

3615 626 3737 688 495

2233 1017 2256 1040 .
2294 996 2424 1046 Οοιο
2455 992 2664 1046 Nocens
2697 998 2890 1052 pueros
2912 986 3106 1048 genuit,
3128 982 3450 1046 totidemque
3470 982 3674 1044 puellas

2351 1074 2500 1125 Hunc
2531 1069 2723 1121 merito
2754 1065 2951 1130 poterit
2978 1063 3157 1114 dicere
3189 1064 3349 1114 Roma
3377 1065 3584 1124 patrem
3622 1079 3663 1109 ι.

2256 1212 2604 1268 Sannazarius
2637 1208 2793 1260 etiam
2827 1206 3011 1256 eadem
3045 1204 3273 1255 canebat
3302 1201 3454 1265 (epig.
3477 1203 3556 1253 38.
3589 1200 3673 1252 lib.
3711 1200 3748 1250 1.

2174 1306 2292 1359 paq.
2327 1294 2438 1345 ωτι.
2475 1289 2590 1343 eati.
2617 1283 2978 1340 amstelodami·
3011 1283 3190 1344 issa).

2243 1454 2264 1478 ι
2303 1434 2533 1485 lnnocuo
2565 1430 2772 1493 priscos
2807 1421 3031 1491 aequ'um
3065 1427 3147 1475 est
3180 1420 3378 1473 debere
3409 1418 3644 1481 Quirites

2365 1509 2617 1576 Progenie
2648 1508 2956 1559 exhaustam
2991 1505 3220 1556 restituit
3251 1500 3476 1566 patriam
3513 1519 3557 1545 ι.

2261 1654 2526 1706 ,lohannes
2555 1649 2810 1701 «Iovianus
2841 1646 3100 1697 Pontanus
3133 1646 3186 1694 in
3208 1642 3410 1707 dialogo
3444 1640 3515 1692 De
3544 1640 3764 1703 inm-nti-

2186 1736 2355 1786 tudine
2386 1732 2478 1796 qui
2507 1729 2694 1782 Asinus
2725 1725 3053 1785 inscribitur,
3083 1724 3136 1773 in
3170 1721 3381 1773 modum
3414 1720 3635 1785 Satyrae
3656 1755 3673 1780 ,
3695 1718 3762 1768 de

2186 1814 2488 1866 Pontificum
2522 1811 2601 1859 sui
2636 1806 2754 1857 aevi
2786 1804 2907 1855 tiliis
2939 1803 3168 1854 blaterat
3204 1804 3334 1852 baec
3369 1799 3553 1851 verba.

2271 1913 2291 1937 .
2329 1891 2507 1954 caupo
2538 1911 2602 1926 -—
2634 1884 2885 1947 (Omissis
2912 1884 3216 1946 >Quaenam
3251 1880 3509 1932 adventus
3541 1878 3764 1941 (Scoto-

2187 1976 2340 2035 rum)
2374 1970 2570 2022 causa?

2270 2051 2441 2104 Viator
2472 2073 2531 2085 —
2575 2044 2749 2097 Animi
2792 2042 3092 2106 pervicacia
3134 2038 3430 2104 quaedam,
3462 2036 3585 2087 dum
3633 2048 3759 2099 per-

2186 2131 2414 2183 suadere
2463 2126 2562 2178 sibi
2610 2124 2753 2175 nullo
2798 2122 2956 2172 modo
3000 2125 3225 2183 possunt
3259 2118 3488 2168 Romano
3530 2114 3762 2166 Pontifici

2189 2212 2384 2261 liberos
2433 2217 2573 2257 esse.
2621 2202 2803 2265 ltaque
2858 2199 3180 2249 invenerunt
3223 2194 3525 2246 Pontificem
3585 2197 3758 2257 ipsum

2189 2292 2277 2342 iiiii
2312 2289 2508 2351 nuptiis
2532 2280 2944 2347 praesidentem,
2966 2280 3151 2327 aurato
3184 2278 3235 2325 in
3270 2274 3424 2335 solio,
3446 2273 3603 2323 illlam
3629 2285 3758 2322 vero

2189 2375 2450 2425 Romanas
2502 2362 2705 2427 puellas
2747 2360 3056 2409 invitantem
3099 2355 3166 2405 ad
3213 2356 3471 2412 choreas,
3513 2357 3669 2416 atque
3702 2351 3766 2402 iis

2193 2451 2492 2516 nuptiarum
2529 2441 2715 2493 diebus
2759 2443 2932 2490 natam
2975 2435 3207 2486 Pontifici
3252 2434 3464 2484 filiolam
3520 2433 3772 2482 alteramz

2128 2572 2129 2575 ,
2194 2529 2483 2587 mirificam,
2509 2520 2844 2577 mihicrede,
2876 2518 3194 2568 christianae
3232 2514 3499 2577 religionis
3529 2524 3772 2575 compro-

2195 2613 2477 2661 bationem.
2516 2600 2714 2663 caupo.
2743 2597 3009 2660 Quinam?
3057 2594 3242 2645 Viator.
3274 2594 3323 2643 Si
3359 2593 3495 2642 enim
3531 2591 3638 2642 Deo
3671 2605 3769 2642 na-

2196 2692 2417 2742 scuntur
2435 2677 2684 2746 'nepotuli
2717 2682 2817 2730 etc.
2846 2680 2919 2739 ·.(
2939 2674 3065 2725 Edit.
3102 2672 3316 2737 Neapoli
3346 2674 3485 2724 1507.
3507 2672 3668 2733 mayr,
3686 2670 3768 2735 rol.

2194 2774 2238 2821 2.
2282 2765 2475 2827 verso).

2284 2846 2338 2896 ln
2380 2842 2563 2907 primis
2596 2851 2700 2890 non
2743 2837 2856 2887 sine
2905 2837 3028 2884 nota
3079 2832 3421 2883 omittendum
3469 2832 3764 2894 Scriptores

2197 2926 2572 2989 Neapolitanos
2605 2918 2742 2970 iilius
2767 2916 2901 2976 aevi,
2927 2914 3310 2964 infensissimos
3343 2922 3461 2962 sese
3494 2909 3765 2974 praebuis-

2201 3019 2262 3057 se
2294 3000 2537 3056 Romanis
2565 2995 2923 3054 PontificibuS,
2963 2995 3280 3056 praesertim
3318 2990 3611 3041 decedente
3655 3003 3775 3042 sae-

2203 3084 2322 3133 culo
2355 3076 2749 3141 decimoquinto
2781 3077 2834 3123 et
2869 3074 3084 3122 ineunte
3125 3071 3503 3121 decimosexto.
3543 3069 3651 3121 Nos
3684 3071 3777 3120 tri-

2203 3165 2304 3213 bus
2339 3164 2394 3212 et
2425 3161 2563 3209 ultra
2598 3154 2824 3206 saeculis
2857 3152 3079 3211 exactis,
3110 3155 3163 3200 et
3199 3150 3328 3199 nihil
3370 3149 3510 3199 aliud
3544 3149 3643 3199 nisi
3681 3161 3776 3198 ve-

2205 3246 2412 3295 ritatem
2437 3240 2782 3303 inquirenteS,
2804 3234 2945 3283 illam
2962 3232 3242 3281 restituere
3267 3229 3508 3278 omnibus
3533 3229 3585 3277 in
3610 3227 3772 3277 rebus

2204 3339 2302 3389 pro
2332 3324 2572 3374 instituto
2605 3317 2878 3368 babemus.
2910 3313 3218 3365 Notavimus
3247 3309 3357 3373 jam
3391 3308 3491 3359 sub
3524 3320 3635 3371 pag.
3666 3308 3775 3360 107.

2203 3406 2491 3457 Johannem
2524 3399 2808 3463 Baptistam
2843 3392 2971 3443 Cibo
3003 3389 3321 3450 iuvenilibus
3346 3389 3495 3438 annis
3520 3400 3588 3437 ex
3612 3386 3775 3436 nobili

2205 3483 2380 3547 puella
2410 3478 2750 3542 Neapolitana
2783 3471 2917 3523 illios
2953 3470 3232 3520 nonnullos
3264 3468 3539 3531 genuisse,
3579 3469 3633 3515 et
3676 3478 3772 3529 pro

2206 3562 2325 3613 fliiis
2347 3597 2364 3622 ,
2407 3560 2575 3609 matre
2623 3555 2730 3604 cito
2764 3564 2793 3602 e
2827 3551 2962 3601 vivis
3007 3550 3191 3611 erepta
3217 3582 3234 3607 ,
3266 3544 3476 3609 publice
3512 3543 3776 3595 habuisse.

2205 3646 2257 3696 Si
2290 3644 2460 3704 aliqua
2492 3637 2620 3687 ildes
2655 3630 2952 3683 adhibenda
2971 3628 3132 3677 viano
3167 3630 3219 3677 et
3253 3626 3602 3675 monumentis
3625 3622 3691 3672 ab
3714 3636 3776 3673 eo

2208 3720 2513 3773 memoratis
2558 3715 2694 3765 etin
2735 3709 2992 3761 tabulario
3017 3707 3264 3757 Ciborum
3308 3702 3646 3764 extantibus,
3696 3701 3783 3754 Jo-

2210 3806 2412 3854 hannes
2464 3797 2695 3859 Baptista
2743 3790 2875 3841 Cibo
2939 3788 3257 3851 promiserat
3311 3784 3537 3847 puellam
3581 3784 3770 3846 copula

2209 3881 2409 3934 carnali
2444 3875 2702 3940 cognitam
2737 3873 2790 3920 et
2825 3880 2882 3919 se
2916 3870 3132 3916 auctore
3181 3877 3282 3914 non
3327 3864 3493 3913 semel
3526 3875 3785 3925 pregnan-

2212 3971 2360 4023 tem,
2402 3956 2610 4007 vinculo
2665 3949 2885 4012 nuptiali
2952 3946 3051 3995 sibi
3115 3942 3523 4002 devincturum,
3563 3945 3619 3990 ut
3674 3942 3776 3990 sibi

2212 4050 2269 4095 et
2302 4038 2535 4092 mulieris
2572 4033 2758 4083 honori
2806 4029 2930 4091 post
2985 4034 3223 4074 errorem
3255 4022 3571 4072 consuleret.
3602 4021 3784 4071 Restat

2214 4129 2267 4177 in
2301 4120 2506 4174 arcanis
2541 4129 2606 4166 an
2640 4112 2796 4163 iidem
2845 4104 3106 4158 tenuisset
3140 4104 3186 4152 si
3221 4102 3446 4152 foemina
3482 4100 3660 4150 infelix
3702 4102 3789 4150 vi-

2215 4211 2322 4256 tam
2358 4214 2477 4253 cum
2511 4201 2680 4247 morte
2728 4202 2834 4241 non
2884 4186 3278 4237 commutasset.
3322 4182 3460 4241 Sed,
3505 4181 3723 4230 muliere
3758 4193 3788 4230 e

2220 4286 2356 4335 vivis
2390 4280 2618 4335 sublata,
2649 4272 2830 4323 nescio
2864 4280 2968 4330 qua
3003 4266 3282 4314 honestate
3313 4262 3481 4324 patris
3516 4272 3703 4309 nomen
3734 4263 3790 4309 et

2220 4376 2383 4415 onera
2429 4355 2614 4423 procul
2665 4366 2692 4401 a
2738 4362 2796 4401 se
2850 4346 3084 4409 abjicere
3134 4347 3444 4400 teneretur,
3487 4346 3541 4391 et
3594 4342 3790 4391 mirum

2221 4447 2410 4493 ilerum
2444 4442 2763 4495 iterumque,
2796 4426 2949 4492 quasi
2982 4425 3213 4483 crimen,
3247 4422 3529 4471 historicos
3574 4419 3796 4469 maledi-

2223 4535 2346 4573 cere
2381 4507 2597 4574 i‘actum,
2627 4516 2834 4567 natura,
2867 4504 3120 4568 religione
3155 4507 3208 4553 et-
3245 4503 3521 4552 honeslate
3553 4512 3657 4551 non
3682 4503 3795 4549 tan·

2221 4608 2331 4653 tum
2368 4605 2678 4664 persuasum
2713 4600 2870 4654 quam
2903 4582 3155 4635 debitum.
3188 4582 3291 4633 Sed
3319 4580 3600 4640 lohannes,
3632 4582 3802 4643 ajunt,

2226 4682 2292 4731 ad
2347 4677 2654 4728 sublimiora
2697 4666 2966 4720 Ecclesiae
3018 4676 3237 4714 munera
3290 4663 3492 4721 elatus,
3541 4661 3610 4711 ob
3665 4661 3798 4710 illios

2225 4761 2379 4824 quasi
2433 4756 2497 4806 ad
2548 4748 2852 4803 scandalum
2902 4741 3295 4806 designabatur.
3341 4742 3442 4790 Sed
3477 4733 3797 4803 perperam,

2227 4852 2346 4890 nam
2371 4835 2580 4887 soboles
2601 4843 2706 4881 non
2727 4831 2848 4877 nata
2869 4822 3100 4874 Pontifici
3124 4822 3443 4880 innocentio,
3460 4821 3555 4870 sed
3575 4820 3798 4869 Johanni

2229 4921 2488 4983 Baptistae
2522 4912 2671 4970 Cibo,
2703 4909 2873 4958 adhue
2897 4904 3237 4954 adolescenti=
3271 4907 3322 4952 et
3357 4902 3455 4951 hoc
3490 4902 3633 4950 satis.
3666 4898 3801 4963 Papa

2232 5014 2333 5050 non
2385 4996 2560 5060 potest
2605 4991 2737 5040 illios
2784 4985 2885 5036 sibi
2920 4985 2971 5033 in
3016 4983 3369 5032 adolescentia
3403 4983 3556 5029 natos
3590 4980 3640 5028 in
3695 4991 3802 5029 non

2233 5078 2365 5126 iiiios
2399 5074 2740 5123 commutare.
2773 5065 2969 5137 Tamen
3007 5061 3070 5110 ad
3106 5059 3372 5119 scandala,
3405 5057 3805 5121 quamvisinju-

2235 5161 2334 5215 sta,
2367 5150 2630 5210 evitanda,
2651 5143 2983 5197 Franciscum
3018 5153 3123 5190 non
3156 5138 3314 5188 filium
3349 5137 3444 5188 sed
3477 5146 3722 5200 nepotem
3750 5140 3804 5187 in

2233 5237 2394 5288 Bullis
2427 5231 2655 5295 appellat
2691 5247 2711 5270 ο
2739 5225 2929 5288 Nipote
2963 5221 3099 5271 nelle
3134 5231 3230 5270 sue
3265 5219 3404 5268 boile
3436 5218 3486 5267 lo
3520 5217 3634 5268 dice
3659 5230 3802 5268 sem·
3887 5238 3895 5247 ·

2236 5333 2331 5383 pre
2366 5317 2399 5366 il
2432 5313 2567 5375 Papa
2592 5346 2607 5370 ‚
2633 5321 2662 5359 e
2705 5306 2894 5368 Nipote
2941 5302 2996 5351 di
3052 5300 3228 5350 Arano
3271 5298 3437 5361 padre
3471 5297 3522 5347 di
3557 5298 3805 5346 innocen·

2238 5411 2302 5449 zo
2331 5395 2454 5445 vill.
2489 5391 2649 5441 molto
2683 5383 3129 5437 avvedutamente
3164 5380 3206 5429 si
3241 5380 3450 5430 nomina
3481 5379 3620 5428 nella
3655 5378 3806 5427 iscri-

2241 5480 2394 5527 zione
2446 5467 2741 5535 sepolcraie
2794 5461 3017 5528 postagli
3072 5460 3137 5509 da
3185 5458 3432 5509 Aiherico
3480 5457 3720 5523 Principe
3760 5458 3814 5508 di

2240 5559 2411 5609 Massa
2453 5555 2504 5603 in
2537 5552 2682 5601 detta
2711 5546 2927 5597 Basilica
2965 5564 2985 5584 ·
3023 5542 3104 5592 Sic
3137 5539 3420 5603 cajetanus
3451 5538 3655 5593 Marini.

2338 5634 2518 5699 majori
2563 5630 2766 5695 justitia
2820 5626 2885 5676 dc
2940 5622 3240 5687 Brequigny
3287 5636 3449 5687 super
3504 5622 3809 5683 argumento

2248 5715 2446 5768 scribit.
