4492 6859
294 624 357 687 ldb
752 619 1037 686 ronutaiciliis
1058 618 1283 683 innocentii
1302 617 1457 684 uertit.

296 763 424 825 Prandio
450 762 616 842 completo,
640 763 686 822 vel
713 763 800 823 etiam
832 760 907 823 inter
938 756 1085 839 projectae

297 865 417 925 luerunt
447 865 521 925 citra
557 861 699 923 stantibus
728 862 843 943 populis
873 859 1085 921 confectionum

1809 596 1941 698 'tillidi

1195 756 1302 819 Eadem
1323 757 1393 830 die,
1413 759 1491 819 eirca
1513 757 1585 817 bora
1608 756 1776 835 vigesimam
1797 756 1942 835 primam,

1154 858 1229 919 Rev.
1248 856 1389 917 Dominus
1408 856 1566 919 cardinalis
1585 856 1619 918 de
1640 854 1757 916 Medicis
1776 858 1944 933 suprascri-

297 965 422 1027 Zuccari
442 966 490 1026 illa
509 965 554 1025 die
572 962 662 1024 librae
682 963 798 1035 circiter
819 960 922 1023 tonuit
936 981 944 1020 ι
959 970 988 1021 ιι
1008 959 1084 1021 Cur·
1168 981 1173 992 ¹

296 1066 402 1127 dioclis
423 1066 452 1127 in
474 1063 600 1145 quadam
617 1064 738 1143 giulosio
760 1074 853 1134 stans,
874 1058 979 1137 dejecit
998 1060 1085 1122 eiiam

295 1166 471 1248 quibusdam
487 1164 633 1226 canonicis
647 1166 706 1224 suis
720 1163 842 1224 birretia
858 1179 933 1222 nove
949 1175 1085 1222 rosaccea

293 1280 323 1331 et
341 1270 454 1347 aliquot
475 1266 597 1327 annulos
618 1283 726 1325 eureos
749 1266 856 1325 valoris
877 1261 1016 1329 duorum,
1039 1263 1084 1321 vel

295 1370 388 1431 trium
416 1367 591 1428 ducatorum
620 1364 738 1426 cuilibet
764 1383 798 1425 es
824 1364 885 1435 eis3
913 1362 968 1421 inii
999 1362 1084 1421 etiam

293 1480 396 1552 parniu
409 1485 496 1528 coena
508 1485 563 1546 pro
576 1464 792 1543 consanguineis
803 1463 963 1524 Cardinalis
974 1461 1020 1522 die
1029 1472 1085 1521 etc.

339 1568 423 1629 Faria
443 1568 559 1646 quinta,
581 1564 864 1645 vigesimasecunda
889 1562 960 1622 dicti
981 1560 1086 1621 mensis

299 1669 408 1740 martii,
426 1666 588 1747 significato
609 1666 734 1729 adventu
763 1663 827 1724 iili.
849 1664 878 1723 in
893 1661 1011 1724 Christo
1025 1661 1086 1720 Pa·

290 1768 345 1829 tria
361 1768 477 1830 Domini
495 1767 612 1829 Domini
641 1766 761 1827 loannis
779 1766 904 1826 Sanctae
933 1764 1043 1825 lllnrine
1057 1764 1085 1823 in

296 1868 446 1930 Dominica
467 1868 586 1930 Diaconi
605 1866 767 1929 cardinatis
785 1866 820 1928 de
837 1866 958 1927 Medicis
978 1865 1087 1942 vulga·

296 1969 368 2029 riter
388 1968 543 2047 nuncupati
566 1966 621 2027 SS.
641 1966 677 2026 D.
699 1964 747 2039 ii,
764 1966 798 2027 de
810 1966 927 2046 speciali
949 1966 1087 2026 commis·

291 2069 370 2129 sione
389 2067 559 2129 Sanctitniis
580 2065 659 2128 Suae
685 2065 813 2127 intimari
832 2066 886 2126 ieci
907 2066 991 2126 illum
1013 2063 1086 2125 Rev.

295 2168 426 2229 Dominis
447 2166 652 2229 cardinalibus
673 2175 703 2228 et
721 2162 899 2226 Oratoribus
916 2163 1086 2244 Principum

296 2288 332 2330 nc
347 2269 555 2329 Poteniotuum
571 2269 599 2328 in
613 2267 692 2329 Urbe
706 2250 899 2335 exbtentium,
914 2285 966 2346 per
980 2283 1088 2327 curso·

299 2388 358 2441 res,
380 2368 486 2447 quibus
505 2368 568 2430 dedi
590 2368 707 2430 cedulns
729 2370 837 2429 tenoris
858 2368 1065 2445 subsequentis.

340 2495 355 2525 ι
374 2470 415 2530 De
427 2469 563 2530 mandato
582 2469 641 2530 SS.
653 2469 770 2530 Domini
787 2468 884 2531 Nostri
900 2470 995 2549 Papae
1015 2470 1088 2529 inti·

298 2580 396 2631 metur
417 2569 551 2631 omnibus
572 2569 645 2631 Rev.
670 2569 899 2644 cardinalibus,
921 2571 999 2649 quod
1021 2589 1088 2631 cras

298 2687 392 2743 manc,
410 2680 477 2733 ante
499 2669 603 2732 boram
621 2672 783 2733 consistorii
805 2682 982 2749 consuetam,
1002 2672 1088 2750 eqni-

300 2771 403 2831 labunt
423 2770 459 2830 nd
488 2771 643 2834 ecclesiam
665 2772 770 2834 Βιιιιι
792 2771 901 2833 blaciae
918 2771 951 2832 de
972 2771 1088 2851 Populo

299 2870 335 2934 de
356 2872 446 2945 Urbe,
466 2872 503 2930 ad
524 2872 723 2952 recipiendum
743 2872 849 2934 ibidem
871 2871 907 2931 ii.
930 2871 1087 2932 Dominum

298 2970 481 3033 cardinalem
499 2970 534 3032 de
554 2970 683 3041 Medicis,
696 2989 787 3049 usque
805 2971 841 3030 ad
861 2973 998 3051 palatium
1016 2991 1089 3052 apo-

297 3070 434 3132 stolicum
454 3069 683 3145 conducendum,
702 3072 752 3132 ubi
771 3075 828 3132 erit
849 3072 998 3154 pubiicum
1016 3091 1089 3136 con·

299 3170 449 3234 sistorium
460 3193 471 3245 3
495 3191 555 3251 quo
576 3171 681 3245 finito,
705 3174 895 3236 associabitur·
916 3174 990 3236 idem
1012 3174 1088 3237 Cur-

301 3271 407 3334 dinalis
425 3292 517 3352 usque
537 3274 573 3334 nd
595 3275 734 3354 palatium
755 3294 824 3337 suae
846 3275 1042 3348 habitationis,
1061 3275 1088 3335 in

300 3373 410 3455 Campo
428 3375 554 3449 Florae,
575 3387 605 3437 et
624 3375 725 3437 ordine
751 3388 887 3438 consueto
911 3399 937 3436 s.

342 3475 407 3535 Hoc
430 3492 496 3536 sero
517 3487 732 3556 proposuerunt
753 3472 893 3537 Oratores
920 3473 1089 3554 Principum

302 3574 509 3635 Poieutatuum
528 3576 556 3634 in
572 3574 653 3637 Urbe
670 3575 849 3637 existentium
867 3576 997 3637 eumdem
1015 3575 1089 3638 Rev.

257 3657 264 3669 ⁶
301 3672 458 3735 Domuum
490 3673 675 3737 cardinalem
707 3675 741 3737 de
766 3674 885 3738 Medicis
910 3676 945 3737 ed
977 3676 1089 3738 dictum

303 3773 466 3834 claustrum
483 3774 642 3836 venientem
658 3776 786 3856 recipere
800 3787 829 3839 et
842 3778 993 3852 associare,
1000 3790 1088 3859 prout

302 3873 373 3936 alias
389 3872 455 3936 fleri
469 3875 619 3937 consuevit
633 3871 688 3957 (l).

342 4095 572 4158 (tlDeCardinalis
583 4098 734 4159 receptione
745 4104 772 4149 ιι
783 4098 876 4149 itinere
884 4096 1089 4163 descriptionem

305 4171 411 4232 reliquit
427 4168 494 4219 banc
510 4169 603 4220 Petrus
619 4168 770 4232 Delphinus.

363 4247 456 4297 Petrus
470 4246 615 4309 Delphinus
631 4246 742 4298 (luidoni
758 4246 841 4310 priori
858 4249 1023 4312 Angelorum.

345 4443 356 4464 ·
371 4422 520 4472 Persuadeo
537 4421 600 4471 mihi
612 4435 665 4471 non
676 4421 771 4473 deesse
784 4423 875 4484 isthic,
889 4423 934 4486 qui
945 4423 1091 4488 diligentis·

302 4500 369 4551 sime
386 4499 434 4549 tibi
452 4499 618 4559 renunciant,
634 4513 700 4562 quae
716 4500 749 4551 de
766 4500 808 4551 die
824 4502 850 4552 in
867 4502 935 4553 diem
952 4504 1024 4553 circa
1041 4517 1089 4555 nus

302 4581 435 4643 gerantur.
452 4577 490 4628 iix
507 4590 560 4641 quo
576 4579 646 4628 euim
664 4578 794 4630 Plorantia
809 4581 923 4644 protecti
937 4594 1037 4641 sumus,
1053 4583 1091 4633 si-

302 4658 451 4723 gnificatum
475 4658 559 4709 luisse
580 4658 739 4721 quotidianis
761 4662 862 4711 nunciis
886 4665 913 4711 et
935 4660 1089 4712 cursoribus

304 4739 360 4788 scio
378 4736 511 4800 magnilica
527 4736 666 4788 Laurentio
682 4752 855 4803 progressum
867 4741 969 4791 itineris
980 4741 1024 4791 dlii
1041 4743 1091 4801 sui,

303 4816 417 4868 undeet
434 4820 462 4865 tu
479 4815 623 4865 identidem
644 4820 741 4867 certior
757 4818 812 4869 deri
834 4819 953 4882 potuisti.
975 4818 1090 4880 Quamo-

303 4896 379 4948 brem
396 4897 492 4947 iacium
512 4900 567 4953 est,
583 4899 612 4946 ut
633 4898 735 4947 tardius
752 4897 801 4947 bac
817 4898 851 4948 de
868 4911 897 4947 re
921 4898 955 4947 ed
977 4901 1004 4949 te
1026 4900 1091 4949 scri·

303 4973 375 5025 barn.
396 4975 523 5036 Quoniam
545 4986 610 5023 nero
633 4988 700 5038 quae
717 4975 793 5026 nobis
815 4979 889 5039 grata
912 4980 990 5036 sunt,
1010 4979 1089 5027 etiam

306 5058 412 5121 saepius
434 5057 547 5120 repetita
564 5068 617 5106 non
633 5055 783 5120 displicent,
800 5061 827 5107 et
844 5069 892 5120 ego
913 5058 940 5106 iu
960 5062 1090 5120 perpetuo

303 5134 360 5185 lere
376 5135 501 5185 comitatu
515 5137 594 5198 atque
611 5134 740 5197 obsequio
751 5134 930 5185 colendissimi
943 5135 1090 5186 cardinalis

303 5212 337 5262 ad
354 5215 419 5263 banc
435 5224 520 5276 usque
536 5211 605 5262 diem
622 5213 668 5270 lui,
679 5213 842 5275 conrpieclar
853 5212 1090 5275 summatim,quae

304 5292 388 5341 relatu
404 5290 482 5353 digua
501 5291 562 5340 mibi
584 5292 783 5347 succurrerint,
800 5303 833 5341 ne
850 5290 967 5342 doluisse
985 5294 1089 5355 penitus

304 5375 332 5419 el
348 5369 432 5419 cilicio
449 5382 507 5419 men
525 5373 551 5419 ei
568 5367 701 5420 desiderio
718 5374 763 5420 tuo
781 5369 880 5420 videar.
895 5369 974 5433 igilur
987 5370 1090 5421 duode-

305 5448 382 5506 cima,
395 5452 422 5496 ul
434 5449 512 5506 nosti,
524 5449 610 5497 martii
626 5449 726 5498 mensis
743 5448 794 5509 die,
810 5450 884 5507 hora,
895 5453 963 5500 sicui
974 5450 1088 5501 edictum
1121 5458 1125 5474 ·

303 5526 405 5586 luerat,
429 5529 625 5587 sextadecima,
641 5529 796 5580 conscensis
817 5530 944 5593 jumentis
965 5542 1088 5594 egressus

303 5609 346 5655 ιιι
362 5605 492 5658 Florentia
516 5608 637 5660 dominus
663 5609 901 5661 reverendissimus
917 5623 976 5661 curn
993 5608 1088 5659 tamilla

302 5685 579 5747 anapraecenantiuas
600 5688 675 5739 illum
694 5689 798 5739 civibus
815 5689 955 5752 spectabili
976 5700 1083 5753 pompa,

1154 1109 1199 1172 qui
1216 1108 1249 1158 ad
1265 1108 1317 1157 duo
1334 1109 1412 1158 millia
1426 1121 1550 1169 passuum
1563 1106 1646 1169 ipsunt
1660 1105 1944 1164 deduxeruularedire

1154 1188 1179 1237 ln
1197 1186 1289 1237 urbem
1304 1188 1404 1249 jussis,
1420 1190 1480 1249 post
1497 1187 1681 1236 salutationem
1699 1189 1835 1245 mutuam,
1852 1184 1947 1236 Cardi-

1154 1266 1220 1317 nalls
1237 1278 1268 1316 ιι
1286 1265 1329 1315 dle
1345 1278 1404 1315 cum
1422 1266 1522 1327 maiore
1539 1268 1616 1328 parte
1627 1264 1741 1315 familiae
1758 1265 1796 1314 ad
1812 1264 1946 1315 abbatiam

1155 1358 1228 1396 suam
1245 1345 1394 1408 Passiguani
1415 1344 1531 1394 divertit.
1547 1343 1600 1397 Nos
1617 1357 1682 1395 reru
1699 1348 1726 1394 cl
1747 1345 1795 1395 alii
1815 1344 1948 1395 Podibon·

1153 1426 1218 1477 lium
1235 1427 1414 1490 pervenimus.
1431 1424 1555 1488 Sequenti
1571 1424 1613 1474 dia
1631 1429 1783 1476 remorante
1803 1425 1849 1474 illo
1868 1427 1948 1475 animi

1154 1507 1236 1569 gratia
1253 1505 1280 1554 in
1296 1516 1344 1554 suo
1361 1504 1534 1561 monasterio,
1552 1503 1750 1565 praecessimus
1768 1502 1872 1562 Senes,
1890 1516 1946 1552 mo·

1153 1584 1210 1643 niti,
1226 1586 1254 1632 ul
1270 1580 1366 1631 ibidem
1382 1582 1608 1643 praestolaremur
1622 1582 1766 1631 adventum
1785 1581 1857 1645 ejus.
1881 1581 1948 1632 liora

1155 1664 1261 1712 circiter
1283 1662 1407 1723 vigesima
1429 1662 1578 1711 occurimus
1598 1662 1621 1711 ei
1646 1661 1680 1710 ad
1697 1661 1849 1711 secundum
1873 1666 1948 1712 extra

1156 1739 1247 1793 urbem
1266 1739 1387 1801 lapidem.
1403 1739 1428 1788 st
1444 1740 1487 1788 bic
1509 1740 1611 1790 relerre
1627 1739 1806 1804 particulatim
1823 1742 1947 1797 voluero.

1156 1832 1208 1883 quo
1225 1818 1305 1868 luerit
1316 1818 1414 1868 bonore
1433 1832 1446 1867 a
1463 1818 1623 1867 Senensibus
1634 1818 1785 1869 Cardinnlis
1797 1822 1951 1871 uostcrcx·

1155 1902 1257 1959 ceptus,
1273 1910 1324 1960 qua
1341 1896 1422 1947 totlos
1439 1897 1511 1947 urbis
1529 1897 1764 1962 congratulatione,
1782 1897 1888 1960 quibus
1904 1897 1951 1948 de·

1156 1977 1231 2034 liciis,
1246 1988 1298 2025 non
1315 1975 1409 2026 sufficit
1425 1975 1492 2026 dies.
1509 1976 1630 2027 Occurrit
1646 1978 1722 2027 extra
1739 1978 1838 2026 urbem
1853 1977 1949 2026 civium

1148 2056 1341 2117 primariorum
1358 2055 1446 2113 turba,
1463 2056 1577 2105 occurrii
1594 2059 1622 2104 et
1637 2055 1723 2107 omnis
1735 2056 1865 2117 populus.
1877 2054 1909 2106 ist
1920 2069 1949 2106 ne

1155 2134 1249 2198 cuique
1267 2137 1375 2195 praesto
1392 2137 1464 2183 esset
1480 2136 1584 2185 occasio
1600 2132 1751 2184 continendi
1765 2143 1796 2181 se
1809 2132 1895 2192 domi,
1905 2146 1950 2195 pu·

1157 2211 1225 2262 blico
1244 2211 1330 2262 edicto
1348 2212 1503 2275 imperatum
1521 2216 1581 2271 cst,
1598 2217 1626 2263 ut
1643 2214 1787 2265 universae
1811 2214 1892 2266 urbis
1913 2217 1951 2263 ta·

1156 2290 1255 2342 beruas
1272 2290 1482 2342 occludereutur.
1494 2292 1641 2342 Advenisse
1650 2290 1802 2343 Pontificem
1816 2306 1947 2343 summurn

1157 2370 1290 2421 crederent
1301 2372 1337 2418 ita
1346 2374 1478 2419 commota
1494 2373 1536 2419 est
1551 2372 1675 2421 universa
1687 2373 1792 2421 civitas.
1803 2372 1880 2422 llaec
1890 2384 1950 2422 sene

1158 2447 1291 2498 Cardinali
1307 2446 1424 2497 exhibita
1442 2450 1706 2511 reverentia,pieias,
1722 2449 1792 2501 tides
1804 2451 1877 2502 adeo
1894 2454 1952 2501 satis

1158 2526 1279 2576 omnibus
1297 2525 1366 2585 lecit,
1382 2529 1411 2574 ut
1428 2539 1505 2575 nemo
1522 2526 1596 2576 Senis
1613 2540 1664 2577 nou
1681 2533 1829 2580 contentus
1848 2529 1951 2580 abierit.

1157 2605 1337 2655 sextadecima
1353 2604 1396 2653 die
1413 2604 1472 2654 inde
1489 2607 1617 2655 movimus
1634 2618 1734 2661 omnes,
1753 2609 1905 2671 prensique
1921 2609 1951 2658 ad

1157 2687 1384 2741 Βιιιιιιιιιιιι,
1399 2685 1505 2746 vesperi
1523 2683 1556 2733 ad
1572 2684 1595 2733 S-
1613 2685 1748 2746 Quiricum
1768 2688 1949 2750 pervenimus.

1157 2761 1202 2812 Dic
1228 2762 1376 2826 insequenti
1400 2761 1434 2811 sd
1449 2760 1551 2813 Paleam
1569 2766 1670 2827 accepti
1687 2764 1721 2814 ad
1738 2765 1885 2828 prandium
1908 2779 1949 2816 su·

1158 2852 1237 2900 mus;
1265 2845 1291 2891 et
1316 2840 1452 2903 bucusque
1478 2840 1631 2892 senensium
1659 2843 1814 2906 sumptibus
1844 2856 1949 2908 semper

1158 2918 1282 2981 hospitati
1297 2954 1304 2977 ,
1318 2917 1351 2968 ad
1371 2921 1471 2981 Aquam
1489 2918 1646 2971 Pendentem
1667 2920 1806 2973 Ecclesiae
1825 2923 1948 2987 oppidum

1158 3000 1235 3049 necte
1252 2998 1443 3060 requievimus.
1455 3000 1648 3063 Maneprnlecli
1662 3002 1816 3064 complures
1829 3004 1949 3065 praelati,

1158 3088 1259 3140 nosque
1285 3075 1373 3125 itidem
1400 3076 1544 3127 viterbium
1572 3080 1769 3142 applicuimus,
1792 3086 1902 3132 retento
1926 3086 1948 3130 ln

1161 3153 1246 3203 medio
1259 3154 1352 3203 itincre
1364 3152 1397 3201 ab
1410 3151 1510 3205 Ursinis
1521 3158 1676 3220 propinquis
1688 3158 1744 3207 suis
1756 3158 1893 3209 cardinali
1905 3173 1945 3209 co·

1159 3232 1320 3283 lendissimo.
1342 3231 1492 3283 invenimus
1513 3236 1622 3285 viterbii
1649 3235 1783 3287 Pontllicis
1799 3237 1884 3289 fllium
1906 3250 1947 3288 so·

1161 3313 1229 3363 ruris
1246 3312 1392 3363 Cardinalis
1410 3312 1550 3372 maritum,
1566 3315 1649 3377 ipsius
1666 3315 1810 3367 adveniunt
1829 3321 1949 3380 praesto·

1157 3390 1263 3441 lanient.
1280 3390 1387 3441 Postera
1404 3390 1446 3441 die
1458 3391 1588 3442 Cardinaii
1605 3394 1780 3452 occurrimus,
1797 3399 1826 3444 et
1843 3408 1903 3445 cum
1920 3409 1949 3446 eo

1158 3469 1300 3521 viterbium
1313 3470 1425 3531 ingressi
1438 3483 1537 3521 sumus.
1553 3472 1614 3522 inde
1627 3472 1818 3524 discendentes
1831 3476 1949 3537 sequenti

1158 3548 1210 3611 die,
1222 3549 1340 3611 vesperi,
1356 3548 1507 3599 brutianum
1525 3548 1677 3601 Ursinorum
1694 3550 1822 3614 oppidum
1841 3550 1949 3601 diverti·

1159 3640 1225 3678 mus.
1245 3627 1355 3689 Excepti
1374 3626 1470 3676 ibidem
1488 3640 1580 3678 sumus
1597 3633 1725 3691 apparatu
1742 3630 1818 3692 regin
1836 3631 1863 3680 in
1879 3630 1947 3692 pala·

1158 3708 1221 3755 tlum
1238 3705 1342 3769 virginii
1358 3706 1472 3766 comitis,
1488 3706 1533 3768 qui
1552 3719 1641 3769 magna
1658 3706 1777 3769 equitum
1801 3710 1890 3757 turma
1906 3719 1949 3758 ve·

1157 3788 1234 3835 nernt
1248 3785 1352 3835 obvians
1369 3784 1446 3835 nobis
1463 3785 1496 3835 ad
1513 3790 1572 3836 ocio
1588 3785 1668 3835 millia
1681 3798 1808 3848 passuum
1831 3788 1948 3838 Alterum

1158 3858 1226 3910 diem
1243 3859 1356 3909 Bratiani
1374 3860 1532 3923 peregimus,
1544 3860 1686 3923 etquidem
1705 3862 1823 3912 maximo
1835 3864 1948 3913 omnium

1159 3938 1303 3989 commodo.
1320 3938 1435 3988 Tandem
1454 3940 1596 3989 novissimo
1613 3940 1714 3989 itineris
1731 3943 1818 3990 nostri
1830 3941 1888 4001 die,
1904 3955 1950 3991 un·

1159 4016 1262 4067 decimo
1280 4017 1380 4066 scilicet
1396 4016 1516 4066 kalendis
1533 4018 1635 4079 aprilis,
1650 4018 1759 4067 Romam
1776 4020 1891 4082 ingresn
1906 4032 1950 4069 su·

1159 4109 1226 4154 mus,
1244 4095 1447 4147 occurrentibus
1464 4108 1533 4146 nunc
1550 4096 1590 4146 bis
1606 4109 1675 4146 nunc
1692 4098 1744 4148 illis
1760 4099 1786 4149 iu
1802 4099 1950 4151 vlaadde·

1133 4165 1307 4226 'ducendum
1331 4174 1515 4234 cardinalem,
1544 4176 1615 4226 nulla
1641 4176 1790 4239 pluviarum
1816 4179 1865 4238 vi,
1883 4191 1949 4242 quaa

1160 4266 1251 4316 magna
1268 4257 1329 4302 tunc
1346 4255 1517 4317 erumpebat,
1533 4256 1590 4305 illos
1609 4262 1737 4317 morante,
1753 4259 1818 4322 quin
1837 4259 1949 4311 officioso

1160 4332 1262 4382 muneri
1286 4331 1480 4382 satisfacerent.
1500 4333 1542 4383 Ad
1562 4335 1673 4397 primam
1690 4335 1766 4386 Urbis
1782 4342 1889 4399 portam
1907 4351 1950 4388 se·

1159 4412 1239 4461 cessit
1256 4411 1400 4461 Cardinniis
1417 4423 1476 4460 cunt
1494 4414 1584 4474 paucis
1601 4414 1626 4462 in
1645 4416 1836 4467 monasterium
1853 4417 1878 4467 S.
1895 4418 1949 4469 ila·

1160 4492 1215 4541 riae
1241 4491 1267 4538 in
1283 4489 1396 4553 Populus
1413 4503 1490 4541 mane
1507 4493 1643 4555 sequentis
1657 4493 1708 4544 diei
1720 4502 1906 4547 convenerunt
1918 4512 1949 4547 eo

1161 4569 1312 4620 Cardinales
1324 4581 1415 4619 omnes
1428 4575 1453 4620 el
1470 4570 1591 4621 nimboso
1608 4573 1714 4635 quidem
1731 4576 1818 4634 coeio,
1830 4577 1947 4628 deduxe-

1160 4654 1273 4713 runtque
1296 4651 1366 4698 illum
1384 4650 1416 4698 ad
1433 4650 1581 4700 Pontificem
1598 4666 1624 4701 m
1649 4654 1839 4704 consistorium
1865 4656 1948 4718 pubii-

1160 4741 1229 4779 cum·
1246 4728 1379 4791 Exceptus
1396 4732 1437 4779 est
1455 4730 1487 4777 ad
1504 4731 1621 4779 osculum
1640 4744 1653 4779 a
1671 4730 1812 4794 Ponllllce,
1825 4738 1904 4797 atquo
1917 4737 1948 4785 ab

1161 4807 1281 4857 omnibus
1298 4806 1422 4868 deinceps
1439 4806 1636 4864 Cardlueiibus,
1653 4810 1731 4860 sicuti
1749 4815 1777 4860 et
1793 4823 1844 4863 uos
1863 4812 1948 4863 lacere

1159 4888 1354 4945 consuevimus,
1363 4899 1421 4935 cum
1433 4886 1544 4949 aliquem
1556 4887 1588 4936 ad
1606 4888 1756 4951 religionem
1774 4890 1949 4942 admittimus.

1158 4965 1254 5028 Singuli
1276 4978 1379 5028 quoque
1401 4966 1434 5015 de
1450 4965 1595 5017 cardinalis
1612 4967 1708 5018 familia
1730 4969 1883 5022 deosculati
1898 4972 1950 5022 ibi·

1159 5043 1218 5093 dem
1236 5046 1330 5094 summi
1346 5044 1474 5095 Pontificis
1486 5044 1576 5107 pedes
1589 5046 1749 5099 Redeuntem
1767 5049 1876 5101 domuin
1895 5054 1950 5102 uni·

1160 5137 1239 5174 versa
1255 5125 1328 5174 illurn
1346 5125 1487 5174 comitante
1503 5128 1586 5187 curis,
1603 5128 1680 5177 sicuti
1709 5130 1791 5180 muris
1808 5136 1870 5191 est,
1888 5144 1950 5195 per·

1159 5209 1239 5268 petua
1261 5218 1314 5255 nou
1339 5205 1458 5255 deseruit
1476 5210 1554 5269 nique
1572 5209 1662 5271 ingens
1685 5210 1785 5272 pluvia.
1807 5210 1856 5262 Vix
1878 5214 1947 5263 enirn

1160 5287 1259 5350 egressi
1277 5298 1382 5336 eramus
1399 5287 1521 5349 palatium
1539 5286 1685 5345 Pontiiicis,
1697 5301 1758 5339 cum
1774 5289 1865 5342 subito
1883 5292 1948 5342 adeo

1159 5367 1258 5430 largum
1276 5364 1407 5415 obductae
1424 5366 1498 5416 coelo
1515 5366 1599 5417 nubes
1616 5380 1760 5419 excussere
1777 5370 1906 5429 imbrem,
1922 5377 1951 5422 ut

1159 5449 1285 5497 torrentis
1307 5458 1381 5494 more
1406 5443 1504 5495 effusus
1526 5459 1579 5496 non
1600 5446 1677 5498 modo
1693 5462 1742 5499 uns
1760 5450 1948 5507 madeleccrit,

1159 5539 1252 5576 verum
1270 5539 1338 5589 pene
1355 5528 1426 5574 ιιιιι
1443 5524 1569 5577 obruerit.
1584 5528 1759 5590 sequentibus
1771 5530 1866 5581 diebus
1884 5532 1950 5582 visi·

1160 5607 1227 5657 iavit
1243 5604 1389 5655 cardinalis
1405 5603 1569 5665 Pontillccm;
1586 5608 1704 5657 visitavit
1719 5608 1876 5660 Cardinales
1893 5614 1947 5660 sin·

1158 5684 1395 5750 calcedonium
1413 5689 1521 5746 peracto
1539 5686 1697 5737 visitationis
1715 5686 1813 5748 cilicio,
1825 5688 1947 5739 visitatos
