4492 6859
293 615 404 702 (tvos)

335 756 422 818 lieris
442 750 578 825 munda,
598 752 671 813 bora
694 769 882 832 vesperarum
903 769 993 813 xvvrr.
1013 750 1084 812 dicti

297 855 403 917 mensis
418 850 557 930 januarii,
577 852 668 914 bonae
701 854 856 932 memoriae
885 853 921 913 D.
939 854 1085 914 iohannes

301 955 452 1035 episcopus
465 950 716 1037 llunelurensisii)
730 951 841 1014 Orator
852 954 953 1015 Seren.
967 954 1086 1014 ilenrici

300 1055 421 1133 Angttae
438 1067 468 1116 at
484 1054 625 1116 Frauciae
644 1052 744 1132 Regis,
761 1054 812 1131 qui
834 1054 861 1112 in
875 1073 941 1115 aero
955 1053 1086 1131 sequenti

298 1153 372 1217 diem
390 1153 550 1215 secundum
566 1153 695 1233 proxime
711 1154 912 1232 praeteritum,
924 1152 1000 1214 diem
1013 1153 1087 1214 vitae

306 1272 377 1316 suae
397 1255 501 1315 clausit
520 1263 700 1325 extremum,
721 1243 762 1314 ex
774 1253 860 1314 domo
880 1272 950 1313 sune
971 1252 1087 1314 babita-

304 1355 388 1417 tionis
408 1363 540 1433 portatus
562 1353 619 1413 fuit
640 1353 676 1411 ad
698 1353 847 1413 ecclesiam
865 1353 1012 1433 hospitalis
1024 1354 1088 1413 Aa·

300 1456 433 1535 piorum,
454 1452 557 1515 ibidem
589 1452 743 1514 associatus
761 1472 778 1512 a
799 1453 916 1513 familiis
941 1452 1011 1513 issi.-
1025 1452 1087 1514 illl.

302 1554 507 1634 Neapolitani,
528 1553 773 1624 liacbanatensis,
791 1554 1002 1627 Retrerentani,
1031 1553 1088 1616 Se·

298 1657 402 1729 nensis,
415 1664 443 1716 et
458 1653 620 1717 camerarii
634 1652 842 1715 cardinalium.
864 1653 1088 1716 Praecesserunt

299 1755 448 1818 intorticia
470 1754 694 1833 quinquaginta,
715 1765 744 1816 et
762 1756 853 1817 secuti
871 1755 959 1815 funus
984 1772 1087 1815 novem

300 1857 419 1918 funestis
442 1854 570 1917 vestibus
596 1853 712 1927 induti,
740 1865 769 1915 et
788 1855 957 1934 ‘cappellani
978 1854 1024 1913 sui
1052 1871 1086 1914 ae

300 1959 400 2037 piures
420 1957 468 2017 alii
487 1957 515 2015 in
536 1954 629 2033 scipria
644 1954 780 2028 restibus,
802 1973 858 2017 non
880 1966 975 2016 tamen
1000 1954 1088 2015 fune·

297 2057 357 2117 stis.
418 2085 428 2101 ·

343 2154 431 2216 Faria
447 2154 585 2229 secunda,
594 2165 699 2233 quarta
714 2155 818 2215 mensis
829 2153 982 2228 februarii,
992 2153 1086 2216 lievr.

299 2256 364 2317 bt).
386 2254 608 2336 Neapolitanus,
630 2265 659 2316 et
680 2253 833 2329 Settensia,
852 2254 1042 2326 cardinales,
1071 2273 1089 2316 a

300 2358 395 2417 fratrc
425 2354 497 2417 tter.
534 2355 571 2416 b.
600 2354 763 2418 cardinalis
791 2354 945 2416 aleriensis
973 2353 1090 2425 vocati,

301 2459 383 2519 cirea
403 2455 507 2517 borant
525 2472 582 2517 xx.
604 2466 747 2517 venerunt
767 2453 805 2513 ad
826 2453 945 2515 domum
960 2450 1090 2529 eiusdem

300 2556 462 2618 cardinalis
481 2556 657 2630 aleriensis,
679 2575 766 2636 quem
787 2558 971 2635 reperierunt
988 2556 1094 2635 agoni·

303 2668 428 2731 santem3
439 2657 546 2735 quibua
555 2655 747 2736 significatum
759 2655 862 2718 ibidem
877 2655 946 2729 fuit,
959 2654 1092 2718 eumden

301 2756 484 2819 Cardimiem
503 2758 680 2819 Alerieuseor
701 2758 778 2838 ipsos
809 2756 1027 2837 Neapolitanum
1051 2765 1104 2832 at,

302 2857 466 2932 Sanamem,
488 2876 546 2919 una
567 2877 635 2920 cnm
656 2856 966 2938 cardinalebscanio,
987 2869 1016 2919 et
1037 2858 1092 2919 io·

302 2958 395 3020 baone
414 2958 550 3038 episcopo
580 2957 731 3019 liminensi
751 2974 786 3019 ac
808 2957 902 3017 fratre
920 2956 1028 3017 carcia
1057 2955 1094 3019 da

305 3061 456 3122 villanova
485 3059 646 3121 tutamenti
672 3060 717 3119 sui
748 3070 939 3136 exequutores
982 3055 1095 3118 eonsti-

304 3162 413 3234 tuisse3
433 3160 554 3222 fuerunt
574 3159 678 3222 ibidem
700 3178 753 3239 per
772 3158 891 3232 boram,
923 3159 970 3218 sel
1002 3158 1095 3230 circa,

304 3261 485 3343 cottqreqati,
503 3259 604 3324 deiude
623 3258 815 3321 memdcruot
829 3258 865 3318 ad
889 3258 1034 3320 Palatium
1056 3256 1093 3316 ad

304 3364 336 3426 S.
371 3363 408 3423 i).
440 3360 475 3423 tt.
510 3361 559 3421 ubi
592 3360 713 3423 fuerunt
735 3378 845 3439 usque
875 3358 957 3420 circa
989 3358 1094 3419 isaram

303 3483 429 3538 xxtvrt;
450 3461 499 3526 sed
520 3462 598 3524 circa
618 3477 708 3523 xxttt
730 3459 835 3523 boram
855 3459 1002 3539 praefatus
1015 3457 1096 3520 car·

306 3565 407 3626 dinalis
421 3561 576 3626 aleriensis
593 3561 737 3624 catholice
756 3559 851 3623 emisit
871 3559 1008 3641 spiritum
1025 3576 1095 3620 com

305 3662 371 3741 ejus
390 3665 485 3725 aniam
497 3685 508 3737 3
532 3663 696 3741 requiescat
715 3663 744 3724 io
766 3680 847 3743 pace.
870 3659 937 3729 Quo
960 3659 1096 3721 defuncto

307 3765 462 3827 familiares
480 3761 608 3841 ejusdem
630 3762 755 3825 delum
784 3763 880 3843 ipsum
902 3762 1052 3835 lavarunt,
1066 3771 1096 3823 et

309 3865 482 3946 quotidianis
504 3862 630 3926 vestibus
652 3876 714 3924 tum
735 3863 827 3924 sacris
847 3878 929 3922 mora
943 3862 1029 3922 solito
1050 3862 1097 3920 in-

310 3967 449 4038 duerunt,
469 3984 504 4026 eo
527 3964 610 4043 prius
630 3982 710 4036 raso,
730 3973 758 4023 et
779 3963 807 4023 in
827 3961 959 4033 naribus,
979 3978 1043 4033 ore,
1062 3978 1098 4022 ac

310 4066 405 4128 oculis
415 4082 450 4125 ac
465 4064 588 4125 auribus
599 4063 764 4123 balsameto.
788 4061 873 4123 circa
889 4076 979 4129 xxtm,
995 4059 1098 4121 boram

308 4180 450 4230 venerunt
468 4166 503 4228 de
528 4164 642 4226 Palatio
663 4164 701 4225 ad
722 4163 841 4224 daurom
859 4159 998 4241 praedicti
1021 4158 1099 4221 Car·

308 4268 411 4328 dinaiis
434 4265 566 4328 defuncti
591 4263 818 4344 Neapolitanus,
838 4259 970 4323 Senensis
996 4272 1024 4323 et
1044 4260 1099 4323 tt·

307 4367 531 4430 cecanceliarius
568 4364 736 4428 cardinales
766 4374 934 4425 executores
961 4361 1098 4442 praefati,

308 4485 437 4547 quorum
456 4464 541 4543 jussu
562 4464 693 4527 ordinata
711 4475 780 4526 suot
801 4463 929 4525 modalis
951 4480 1019 4523 cum
1045 4480 1099 4522 ca-

308 4571 384 4648 ligis,
406 4567 558 4639 tunicella,
577 4566 739 4638 dalmatica,
761 4576 790 4628 et
813 4552 927 4645 planeta
947 4582 982 4624 ex
1003 4562 1097 4624 talietia

310 4669 440 4741 violatio,
460 4687 543 4730 more
563 4668 652 4729 solito
672 4685 727 4748 pro
747 4668 897 4746 sepultura
916 4664 1056 4737 defuncti,
1069 4675 1099 4725 et

310 4770 381 4831 milri
400 4788 454 4849 per
473 4788 521 4832 cos
542 4769 725 4831 commissum
744 4766 823 4846 quod
840 4761 1053 4837 cardinalibus,
1067 4772 1098 4825 et

312 4871 380 4945 aliis
410 4872 572 4931 intimarem
594 4886 649 4949 pro
670 4869 715 4930 dia
736 4869 860 4931 crastina
880 4867 953 4928 bora
978 4874 1031 4928 xv'.
1051 4864 1097 4926 sei

310 4973 467 5048 circa3feci
478 4971 570 5050 iqitur
581 4969 719 5032 schedula
733 4970 838 5032 tenoris
851 4967 1097 5048 sequentis,quam

310 5072 453 5153 iiaqistro
481 5072 645 5133 cursorum
666 5072 755 5145 misi3
789 5068 906 5131 amorrui
935 5066 1097 5127 Fabianum

311 5171 627 5253 nagistrum-tomus,
647 5170 707 5233 sisa
726 5170 938 5250 expenditorem
967 5167 1097 5229 defuncti

312 5275 472 5337 cardimiis
493 5272 624 5353 praefati,
644 5272 723 5351 quod
745 5290 860 5352 capsam
874 5269 1023 5330 ordinaret
1044 5287 1099 5347 pro

311 5377 466 5455 sepultura
485 5372 626 5445 defuncti,
643 5381 673 5432 et
686 5390 735 5433 eos
753 5372 803 5450 qui
819 5371 998 5451 sepulturam
1018 5368 1099 5430 faca-

312 5486 401 5549 rent,
427 5487 456 5538 et
476 5475 513 5535 ad
534 5474 686 5536 Basilicam
715 5472 814 5534 Sancti
844 5471 923 5533 Petri
956 5470 1104 5531 mitterent

312 5624 1099 5651 ‘nna———n-fl—-q—-a———h———u——oou—s—

348 5707 388 5768 (t)
405 5704 433 5756 ln
450 5707 527 5758 texta
552 5702 681 5764 Becardl,
696 5701 883 5756 omatssssts.

775 608 1061 675 contuleritis
1083 608 1309 676 stuxtttottt
1329 610 1456 675 SEXTI.

1877 601 1938 668 aaa

1153 765 1208 833 pro
1222 752 1335 832 plancta
1352 748 1469 814 violatia
1481 748 1681 828 aurisrigiata‚
1694 764 1784 810 cruce
1801 749 1938 825 argentea

1153 854 1280 934 ponenda
1292 870 1379 933 supra
1391 859 1492 932 pectus
1504 848 1641 923 defuncti,
1652 848 1730 929 palio
1745 867 1780 910 ex
1793 846 1936 909 brachata

1155 954 1272 1015 violatio
1292 950 1422 1032 ponendo
1442 968 1531 1030 supra
1559 950 1665 1010 lectum
1689 950 1718 1010 in
1740 950 1808 1010 aula
1835 946 1940 1009 calba·

1156 1054 1232 1127 iecti,
1243 1062 1273 1114 et
1295 1052 1403 1113 faceret
1414 1049 1477 1111 deri
1499 1051 1607 1111 lectum
1620 1051 1649 1110 in
1668 1050 1762 1111 medio
1775 1049 1859 1111 aulae
1870 1064 1940 1107 cnm

1155 1139 1316 1215 cavaiiettis
1336 1170 1391 1231 pro
1422 1168 1480 1213 xtt.
1510 1149 1678 1221 intorticiis,
1696 1159 1727 1211 et
1747 1146 1943 1209 circumcirca

1155 1271 1270 1315 scamna
1283 1271 1338 1333 pro
1353 1251 1487 1331 praelatis
1499 1293 1509 1324 ,
1523 1268 1557 1311 ac
1573 1249 1601 1309 in
1622 1249 1717 1328 prima
1732 1265 1847 1310 camera
1858 1246 1942 1326 juxta

1156 1354 1276 1427 auiam,
1297 1372 1371 1432 quae
1393 1353 1477 1413 nimis
1506 1362 1628 1432 angusta
1650 1362 1693 1413 est
1705 1394 1715 1424 ,
1734 1350 1794 1412 alia
1825 1366 1942 1410 scamna

1156 1456 1203 1515 vel
1221 1453 1346 1514 scabella
1364 1471 1420 1533 pro
1438 1453 1661 1526 Cardinnlibus,
1681 1452 1845 1514 turibulum
1875 1469 1943 1513 eum

1156 1556 1291 1617 navicula
1312 1565 1343 1615 et
1363 1558 1498 1627 incenso,
1518 1573 1553 1616 ac
1576 1575 1626 1615 vas
1660 1572 1752 1632 aquae
1778 1551 1944 1618 benedictae

1156 1673 1225 1715 cum
1256 1656 1439 1736 aspersorio,
1474 1658 1735 1738 superpelliceum,
1756 1656 1880 1726 stolam,
1907 1670 1942 1715 ac

1156 1758 1281 1837 pluviale
1299 1758 1428 1836 nigrum,
1449 1755 1507 1818 duo
1528 1755 1699 1818 caudelabra
1717 1771 1786 1817 cum
1808 1753 1945 1827 candelis,

1156 1876 1277 1936 parram
1299 1857 1473 1920 credentiam
1495 1855 1530 1916 nd
1551 1856 1636 1937 pedes
1655 1856 1736 1929 lecti,
1756 1854 1941 1916 materatium

1158 1973 1225 2016 cum
1245 1956 1392 2037 pulvinari
1409 1999 1418 2029 ,
1445 1966 1474 2017 et
1495 1955 1551 2015 alia
1573 1967 1661 2037 prout
1681 1956 1710 2013 in
1731 1954 1941 2018 caerimoniais.

1153 2056 1265 2118 uuam
1286 2056 1388 2118 recessi
1419 2055 1454 2119 de
1479 2056 1566 2118 domo
1590 2055 1738 2136 praedicta
1758 2065 1823 2135 post
1853 2054 1944 2118 dictos

1157 2157 1337 2231 Cardinales,
1351 2175 1423 2218 cura
1438 2158 1664 2237 praemissorum
1679 2155 1756 2217 dicto
1766 2154 1802 2215 b.
1816 2154 1944 2218 Fabiano

1159 2260 1270 2321 relicta.
1286 2258 1383 2321 Tener
1399 2277 1471 2321 vero
1484 2257 1639 2322 schedulae
1657 2257 1692 2319 de
1711 2273 1767 2335 qua
1788 2272 1878 2335 supra
1897 2266 1944 2317 ta-

1160 2361 1196 2422 iia
1216 2371 1282 2423 ests

1202 2484 1219 2517 s
1232 2460 1277 2520 Es
1288 2466 1372 2538 parta
1382 2456 1454 2519 Rev.
1465 2456 1744 2529 Dibcardinaiium,
1756 2452 1946 2536 Neapolitani,

1160 2559 1312 2633 Senensis,
1331 2570 1360 2620 et
1385 2558 1623 2620 vicecancellarii
1643 2568 1831 2621 executorum
1853 2567 1944 2619 testa-

1158 2661 1248 2724 menti
1272 2660 1365 2723 bottas
1396 2660 1552 2721 memoriae
1582 2658 1745 2722 cardinalis
1773 2658 1946 2730 aleriensis,

1160 2761 1307 2826 intimatur
1328 2761 1447 2840 singuiis
1467 2759 1539 2823 ttev.
1567 2758 1945 2844 Dominis-cardinalibus,

1161 2863 1241 2942 quod
1255 2863 1381 2925 crastina
1390 2861 1447 2933 die,
1460 2880 1535 2941 quae
1548 2861 1605 2922 erit
1621 2861 1722 2939 quinta
1737 2855 1827 2936 hujus
1841 2858 1945 2920 mensis

1161 2962 1318 3036 februarii,
1338 2964 1413 3025 inter
1432 2980 1509 3026 xrtvt.
1532 2974 1561 3024 et
1580 2980 1634 3024 xv.
1662 2961 1761 3034 boras,
1782 2957 1946 3040 portabitur

1162 3064 1287 3126 cadaver
1297 3064 1436 3144 praedicti
1448 3063 1592 3141 quondam
1611 3061 1773 3125 cardinalis
1793 3059 1947 3122 tter-tensis

1162 3167 1200 3226 ad
1217 3165 1370 3227 basilicam
1391 3163 1491 3225 Sancti
1517 3163 1596 3227 Petri
1625 3160 1843 3242 sepeliendum,
1872 3177 1949 3238 qua·

1162 3276 1280 3346 propiet·
1300 3277 1346 3327 ele
1370 3288 1397 3325 a.

1196 3368 1304 3429 sltem
1315 3366 1463 3427 intimetur
1475 3364 1663 3430 conventibus
1674 3364 1864 3445 infrascriptis
1874 3362 1952 3441 quod

1162 3468 1263 3532 adem
1279 3467 1325 3528 dia
1342 3466 1420 3527 eirca
1431 3482 1518 3528 xttrv.
1529 3465 1633 3528 boram
1644 3467 1805 3527 relintesse
1819 3468 1847 3525 la
1863 3463 1950 3525 domo

1163 3568 1323 3632 cardinalis
1343 3566 1466 3648 praefati
1485 3566 1640 3630 Aleriensis
1658 3566 1809 3639 defuncti,
1839 3564 1877 3625 ad
1905 3563 1953 3624 di-

1163 3670 1284 3734 cendum
1307 3670 1435 3749 vigilias,
1452 3677 1484 3730 et
1500 3668 1700 3731 associandum
1722 3667 1812 3727 funus
1832 3664 1869 3727 ad
1889 3664 1950 3725 iia·

1164 3774 1274 3835 silicam
1303 3771 1480 3852 praedictam
1512 3787 1594 3831 more
1622 3779 1759 3832 consueto
1792 3767 1944 3829 videlicet:

1165 3874 1323 3934 Minervae:
1335 3870 1493 3933 Araecoeii:
1511 3869 1612 3930 Sancti
1626 3866 1950 3948 superstructione

1166 3971 1394 4052 Transpoutime
1404 3991 1415 4043 ;
1434 3979 1464 4031 et
1484 3967 1620 4048 capitulo
1640 3968 1780 4030 llasilicae
1806 3966 1839 4030 S.
1860 3966 1952 4027 Petri.

1208 4071 1368 4134 l'ardimlis
1389 4069 1541 4131 aleriensis
1552 4070 1699 4149 praefatus
1714 4068 1785 4130 obiit
1799 4067 1828 4129 iu
1847 4067 1951 4129 ultimo

1166 4175 1329 4256 paroxismo
1349 4170 1438 4231 febris
1458 4180 1630 4249 quartanae,
1648 4170 1677 4230 in
1699 4187 1786 4248 quam
1800 4166 1887 4229 tertia
1905 4166 1951 4228 dia

1167 4275 1270 4339 mensis
1295 4270 1464 4351 septembris
1491 4270 1622 4350 proxime
1650 4270 1799 4351 praeteriti
1828 4267 1951 4340 incidit,

1166 4389 1291 4456 atquae
1320 4375 1357 4437 ab
1385 4373 1486 4437 eodem
1507 4372 1553 4435 die
1579 4373 1666 4447 citra,
1688 4373 1782 4453 ipsum
1801 4387 1950 4449 nunquam

1167 4478 1306 4558 reliquit,
1333 4474 1383 4537 aeti
1416 4493 1484 4538 cum
1518 4474 1724 4555 multiplicibus
1757 4470 1952 4534 accidentibus

1166 4580 1260 4661 ipsam
1279 4578 1417 4640 continuo
1434 4576 1605 4639 molestarit.
1631 4574 1793 4638 cardinalis
1821 4574 1950 4653 seputsus

1166 4682 1224 4742 fuit
1251 4683 1280 4742 iu
1311 4679 1447 4761 cappella
1466 4675 1630 4757 baptisterii
1656 4674 1743 4754 juxta
1774 4674 1943 4755 cappellam

1166 4781 1266 4844 Sancti
1286 4778 1419 4840 Andreae
1439 4790 1469 4840 et
1488 4778 1627 4857 Gregorii
1648 4778 1733 4838 sitam
1754 4777 1783 4836 in
1804 4776 1943 4837 Vaticano

1166 4892 1233 4943 ante
1252 4882 1422 4943 memoriam
1442 4879 1579 4941 andriani
1598 4879 1672 4940 delia
1698 4878 1790 4939 Porta
1820 4876 1869 4937 avi
1899 4873 1946 4934 sui

1167 4982 1327 5045 marsnae
1348 4979 1403 5063 (a).

1210 5223 1245 5281 (tt
1261 5219 1335 5269 llaec
1354 5217 1449 5267 ultima
1465 5215 1552 5265 verba
1577 5213 1611 5263 de
1634 5210 1776 5274 sepultura
1795 5204 1951 5258 Cardinatts

1170 5313 1220 5351 non
1238 5300 1366 5362 leguntur
1389 5295 1417 5346 in
1437 5294 1539 5345 codice
1562 5296 1674 5353 nostro,
1692 5289 1786 5340 sedin
1803 5289 1883 5337 textu
1903 5283 1955 5335 iic·

1170 5380 1256 5431 cardi.
1280 5380 1308 5429 in
1325 5381 1401 5429 textu
1428 5373 1544 5426 liccardt
1570 5374 1695 5437 leguntur
1712 5371 1755 5422 iric
1777 5370 1889 5430 insuper
1904 5365 1959 5415 ali·

1169 5472 1225 5524 qua
1247 5470 1333 5521 snper
1353 5454 1530 5507 contentione
1552 5454 1713 5516 beqatorum
1732 5449 1887 5511 aliquorum
1905 5456 1955 5509 pro

1171 5538 1384 5600 praeminentia,
1406 5538 1434 5586 at
1450 5545 1533 5597 super
1549 5529 1712 5583 llerdlnandi
1734 5529 1813 5593 lteqia
1829 5527 1959 5591 rtsapott·

1172 5620 1226 5670 tant
1248 5620 1346 5668 morta.
1358 5613 1505 5666 Dicendum
1523 5612 1606 5675 igitur
1622 5610 1687 5670 istc,
1702 5612 1834 5671 excerpta
1851 5605 1958 5657 leibni-

1173 5699 1246 5750 tiana
1264 5698 1292 5747 et
1307 5692 1471 5749 Bccardtana
1486 5690 1655 5749 burchardi,
1671 5701 1706 5741 ax
1724 5687 1838 5740 arbitrio
1857 5686 1957 5751 absque

1675 5783 1706 5833 tu
