4492 6859
295 634 314 690 t
811 623 862 686 ub
885 620 1000 685 obtuit
1024 621 1126 682 stult
1147 625 1272 687 Paula
1291 628 1445 697 nunaut.

295 766 381 824 autrico
406 773 549 824 momento
571 760 626 842 (ut
647 764 687 822 ita
711 760 828 844 dicant)
848 760 960 821 sublata
986 768 1077 832 sunt3

296 884 363 927 nam
383 866 419 926 ab
434 864 483 925 illa
498 864 571 924 hora
587 863 622 924 ad
642 864 745 924 horam
758 873 866 925 sextam
887 859 1077 940 usque,omni

295 966 438 1046 diligentia
459 983 512 1044 per
531 982 576 1024 me
598 964 684 1035 facta,
698 982 753 1025 non
769 963 850 1042 potui
865 961 971 1022 habere
986 976 1077 1021 unum

293 1067 440 1137 hachem,
460 1082 550 1124 unum
570 1064 731 1135 lintheum,
750 1064 796 1124 uel
818 1062 935 1143 aliquod
956 1081 1028 1134 eas,
1049 1060 1077 1119 in

292 1186 351 1246 quo
372 1168 483 1236 vinum,
504 1177 533 1226 et
552 1184 628 1245 aqua
649 1183 717 1225 cum
738 1163 835 1226 herbis
855 1164 1007 1225 odoriferis
1024 1181 1079 1241 pro

291 1267 415 1329 lavando
434 1264 801 1339 defuncloordinaretur,
822 1281 914 1342 neque
930 1260 1080 1333 brachas,

291 1378 320 1429 et
347 1368 493 1427 camisiam
518 1365 655 1426 mundam
677 1385 730 1446 pro
751 1366 887 1426 defuncto
914 1362 1079 1436 induendo,

292 1469 361 1529 licet
381 1467 489 1548 pluries
510 1467 565 1528 hoc
586 1486 603 1527 a
625 1465 771 1528 cardinale
791 1464 962 1536 Parmensi,
990 1462 1079 1524 Petro

293 1569 461 1644 Mantuano,
480 1568 596 1631 domino
616 1568 769 1641 decursio,
791 1566 935 1645 Gregorio
957 1574 985 1625 et
1002 1563 1080 1623 bar-

294 1670 441 1734 tholomeo
462 1667 497 1731 de
518 1668 629 1741 liuere,
649 1668 776 1747 Georgio
795 1677 947 1745 scopatore
967 1660 1013 1746 (l)
1031 1682 1080 1724 se-

298 1782 392 1845 creto,
411 1781 440 1832 et
457 1769 571 1832 Andrea
592 1769 790 1830 barbitonsore
810 1788 863 1830 suo
884 1765 961 1847 (qui
983 1782 1080 1824 omnes

295 1872 399 1933 secreti
418 1870 463 1930 sui
483 1868 666 1941 cubicularii,
686 1879 715 1929 et
736 1867 885 1930 domestici
902 1866 1032 1937 fuerunt,
1051 1876 1081 1926 et

294 1969 399 2050 quibus
418 1970 633 2052 fucratoptime
650 1967 777 2052 factum)
791 1969 949 2049 petiisscm3
966 1966 1080 2028 tandem

294 2088 382 2131 cocus
400 2067 607 2152 ramniamlb),
627 2068 656 2129 in
677 2087 733 2147 qua
753 2088 858 2148 aquam
879 2088 934 2149 pro
955 2066 1081 2128 scutellis

293 2169 421 2230 lavandis
436 2168 594 2230 calefacere
605 2169 724 2240 solebat,
735 2188 804 2229 cum
818 2187 893 2247 aqua
907 2167 999 2228 calida
1010 2165 1081 2228 mihi

293 2270 482 2342 ministrarit,
508 2281 537 2330 et
564 2269 726 2348 praedictus
751 2268 880 2330 Andreas
900 2268 1080 2330 barbitonsor

292 2369 415 2431 bacilem
429 2369 463 2428 de
478 2368 616 2448 apotheca
633 2388 683 2428 sua
698 2379 816 2449 portare
832 2371 919 2443 lecit3
940 2371 1014 2430 lotus
1027 2368 1081 2430 fuit

294 2470 424 2533 Pontifex
444 2470 508 2543 sic,
535 2480 563 2529 et
584 2487 651 2528 cum
673 2487 729 2531 non
750 2480 824 2530 esset
844 2469 984 2532 lintheum
1012 2489 1080 2531 cum

297 2590 357 2651 quo
378 2581 566 2649 tergeretur,
587 2569 702 2631 camisia
723 2591 796 2645 sua,
816 2572 845 2631 in
866 2590 925 2650 qua
946 2582 1081 2633 mortuus

295 2683 351 2745 cst,
364 2672 391 2731 in
407 2670 478 2731 duas
493 2679 590 2750 partes
610 2670 714 2743 divisa,
733 2689 800 2732 eum
822 2671 898 2751 tergi
916 2672 992 2745 feci3
1010 2671 1081 2733 bra·

295 2772 375 2845 chus,
390 2772 419 2831 ln
434 2770 538 2850 quibus
557 2782 690 2832 mortuus
711 2781 765 2844 est,
785 2783 813 2833 et
834 2774 932 2844 lotus,
955 2770 997 2831 illi
1012 2789 1082 2830 mu-

295 2883 358 2933 tare
378 2887 434 2932 nou
455 2871 548 2950 potui,
567 2889 634 2932 cum
656 2888 714 2930 non
734 2883 827 2933 essent
845 2872 918 2932 aliae
929 2892 940 2945 3
956 2872 1016 2931 sine
1030 2889 1082 2932 ca·

296 2972 377 3031 mhia
392 2971 556 3051 impositum
570 2970 625 3031 fuit
637 2971 691 3031 sihi
711 2970 868 3051 diploidum
879 2969 936 3055 (3),
951 2984 980 3034 et
993 2989 1081 3034 unum

297 3089 352 3150 par
372 3070 533 3150 caligarum
555 3070 664 3131 rosacei
690 3072 793 3149 panni,
815 3090 889 3151 quae
909 3072 1083 3137 ministravit

296 3172 446 3251 episcopus
469 3170 646 3245 Cerviemis,
667 3173 752 3234 etiam
776 3190 846 3236 suus
870 3173 1082 3252 cubicularius,

296 3283 324 3333 et
344 3272 429 3333 vestis
449 3271 535 3351 longa
555 3291 590 3334 ex
607 3272 803 3345 damaschino,
822 3275 845 3333 si
864 3274 936 3336 bene
950 3274 1082 3351 memini,

298 3373 404 3446 rubeo,
427 3374 471 3434 ael
494 3373 569 3434 albo.
591 3376 623 3435 ln
645 3375 701 3436 hoc
726 3378 825 3436 erravi
836 3399 847 3450 3
868 3376 988 3438 debebat
1006 3377 1083 3437 enim

297 3472 325 3531 in
347 3472 447 3533 habitu
469 3471 568 3533 Sancti
587 3474 744 3549 Francisci,
760 3473 844 3553 crrjus
863 3474 992 3537 ordinem
1011 3495 1084 3557 pro·

297 3571 388 3632 fessus
408 3583 490 3645 erat,
511 3574 647 3653 sepeliri,
668 3573 790 3654 desuper
806 3577 834 3635 in
854 3576 980 3637 vestibus
994 3576 1084 3637 sacris

299 3670 511 3752 pontificalibus
521 3696 532 3745 3
557 3685 586 3737 et
606 3693 674 3736 cum
694 3693 749 3737 non
771 3675 890 3738 haberet
909 3676 1083 3750 rochetum,

300 3791 399 3834 sacras
426 3782 518 3835 vestes
549 3794 636 3856 super
668 3776 830 3856 praemissis
859 3761 920 3837 stbi'
944 3775 1084 3856 imposui·

300 3893 389 3950 mus,
420 3876 570 3951 sandalia,
597 3880 734 3940 amictum
761 3877 886 3952 album,
911 3878 1085 3958 cingulum,

300 3978 404 4038 stolam
418 3975 448 4036 iu
462 3978 579 4039 modum
595 3980 691 4040 crucis
709 3989 774 4042 ante
794 3989 895 4060 pectus
908 3976 993 4061 (quia
1012 3995 1085 4038 cru·

302 4095 365 4139 cem
386 4078 558 4158 pastoralem
579 4078 686 4142 habere
702 4097 758 4141 non
773 4080 852 4159 potui
864 4078 887 4163 ),
907 4078 1084 4151 tunicellam,

301 4179 503 4253 dalmaticam,
523 4180 718 4254 chirothecas,
738 4182 864 4242 casulam
883 4182 977 4242 albam
998 4200 1085 4262 prae·

301 4281 418 4352 tiosam,
436 4281 571 4360 pallium,
592 4281 707 4342 mitram
724 4283 896 4363 simplicem,
916 4295 944 4345 et
964 4284 1084 4343 anulum

302 4397 372 4442 cum
388 4380 505 4460 saphiro
521 4383 689 4462 pretiosum,
709 4385 826 4458 valoris,
845 4395 877 4445 ut
895 4384 1023 4447 Sacrista
1038 4384 1085 4447 di·

302 4481 385 4543 cahat
396 4525 406 4555 ,
427 4478 488 4541 tou
507 4481 701 4557 ducatorum,
725 4484 822 4563 sicque
842 4497 975 4565 paratum
996 4502 1084 4563 supra

301 4577 431 4654 lectum,
449 4599 535 4659 quem
556 4601 644 4663 supra
663 4583 788 4645 tabulam
808 4585 982 4666 praedictam
1003 4585 1084 4646 ordi-

302 4682 435 4741 navimus
449 4699 517 4742 cum
531 4682 650 4743 cussinis
670 4683 707 4742 ad
726 4698 823 4765 capnt,
841 4697 869 4748 et
888 4687 978 4766 pallio
992 4686 1084 4747 bruc·

303 4780 398 4856 chati,
418 4782 447 4842 in
468 4784 562 4844 medlo
585 4784 677 4846 dictae
697 4804 828 4848 camerae
848 4789 1014 4867 posuimus,
1036 4789 1084 4850 ubi

303 4883 408 4943 mansit
427 4883 576 4960 usquead
597 4884 701 4946 horam
726 4890 899 4967 sepulturae.
927 4888 1084 4952 Sollicitari

302 4981 416 5044 interim
443 4981 498 5044 feci
521 5001 577 5064 pro
602 4986 774 5060 intorticiis,
794 5007 869 5067 quae
889 5007 956 5050 cum
981 5009 1083 5071 magna

303 5080 469 5145 difficultate
493 5086 572 5147 circa
593 5084 695 5147 horam
717 5087 1007 5167 decimumquartum
1029 5092 1084 5151 ha·

299 5267 1080 5298 .-..........-,.....--,,,,

343 5379 380 5437 (1)
393 5376 485 5428 Codex
501 5378 568 5427 alter
583 5378 811 5442 habet-scriptore.

342 5458 379 5516 (2)
394 5455 448 5508 liae
458 5469 536 5516 vona,
545 5456 579 5507 de
590 5457 676 5519 plebia
685 5472 805 5512 sermone
813 5466 927 5525 sumpta,
935 5464 1081 5527 siguificare

302 5534 386 5584 votuit
401 5546 449 5587 vas
466 5548 500 5586 ex
517 5548 586 5586 aera.

342 5614 377 5674 (3)
392 5612 427 5664 De
444 5613 568 5664 barbarie
585 5615 723 5669 locutionis
740 5616 801 5667 ulhil
821 5622 862 5670 est
881 5621 951 5683 quod
967 5623 1079 5674 lectores

304 5690 589 5744 ulteriusadmoacam.
621 5729 625 5738 .

1832 634 1956 722 (rust)

1144 762 1218 825 bitae
1244 776 1312 826 sunt
1338 784 1460 826 numero
1482 765 1583 845 viginti
1605 778 1716 829 tantum
1736 768 1782 853 (4)
1794 792 1806 844 3
1829 774 1948 851 quibus

1144 865 1425 944 apportatis,absque
1439 884 1484 939 eo,
1495 867 1573 945 quod
1585 867 1702 946 aliquod
1716 870 1844 932 officium
1856 876 1949 933 circa

1145 962 1311 1024 defunctum
1334 965 1442 1025 dictum
1471 978 1564 1039 esset,
1585 968 1820 1047 praecedentibus
1848 989 1950 1033 eruce

1145 1072 1173 1121 et
1187 1063 1363 1135 cantoribus,
1385 1067 1591 1143 poenitentiarii
1612 1078 1639 1128 et
1662 1069 1836 1131 cubicularii
1864 1091 1948 1151 por-

1145 1172 1281 1223 taverunt
1310 1161 1476 1225 defunctum
1499 1183 1589 1243 usque
1616 1167 1651 1226 ad
1679 1169 1803 1248 primam
1834 1173 1944 1232 aulam

1146 1258 1298 1338 majorem,
1312 1262 1443 1324 videlicet
1457 1263 1571 1339 Palatii,
1582 1266 1631 1326 ubi
1651 1279 1733 1328 eraut
1751 1270 1899 1344 canonici,
1914 1284 1947 1333 et

1145 1358 1315 1433 beneficiati,
1335 1380 1370 1422 aa
1391 1364 1488 1424 clerus
1509 1364 1641 1427 basilicae
1661 1365 1759 1428 Sancti
1777 1368 1858 1430 Petri
1865 1392 1879 1445 3
1904 1372 1943 1431 ab

1146 1460 1195 1522 illo
1216 1462 1282 1521 loco
1307 1481 1397 1540 usque
1418 1463 1454 1524 ad
1473 1465 1565 1526 altare
1586 1463 1680 1543 majus
1705 1480 1861 1549 portavere
1885 1471 1945 1532 de·

1145 1560 1275 1623 functum
1298 1564 1425 1624 canonici
1448 1565 1594 1644 praedicti.
1623 1566 1773 1630 Processio
1793 1569 1873 1630 facta
1896 1584 1943 1631 est

1145 1681 1197 1741 per
1216 1663 1347 1734 scalam,
1368 1675 1397 1726 et
1422 1664 1558 1739 curiam,
1579 1666 1628 1726 ubi
1649 1666 1816 1731 cardinales
1841 1672 1943 1731 solent

1147 1761 1316 1824 descendere
1329 1763 1458 1825 exeundo
1476 1785 1527 1844 per
1542 1778 1657 1846 portam
1672 1768 1858 1848 principalem
1876 1770 1942 1830 Pa·

1145 1863 1205 1922 latii
1216 1862 1253 1921 ad
1267 1862 1388 1922 mediam
1405 1864 1538 1943 plateam3
1554 1866 1657 1929 ibidem
1673 1880 1815 1930 uertentes
1830 1890 1941 1931 versus

1146 1963 1239 2022 scalas
1256 1962 1408 2036 basilicae,
1429 1966 1580 2026 ecclesiam
1600 1986 1700 2028 sumus
1724 1970 1853 2049 ingressi.
1877 1969 1944 2031 De-

1145 2061 1262 2123 functus
1288 2064 1398 2142 positus
1418 2075 1546 2127 estante
1568 2067 1661 2129 altare
1683 2069 1776 2149 majus
1795 2072 1823 2130 in
1848 2072 1942 2151 plano

1145 2162 1294 2241 superiore
1315 2165 1421 2242 primo,
1440 2164 1540 2226 deinde
1562 2167 1635 2226 infra
1658 2180 1746 2249 caput
1768 2188 1885 2230 versum
1902 2174 1940 2231 ad

1147 2261 1289 2335 altare,et
1308 2262 1391 2341 pedes
1412 2274 1494 2324 entra
1514 2278 1628 2343 gratam
1647 2269 1771 2330 ferream
1788 2267 1844 2347 (ιιι
1865 2290 1939 2351 pos-

1147 2370 1236 2421 senta
1251 2362 1412 2423 volentibus
1429 2366 1568 2450 osculari)
1585 2378 1613 2429 et
1631 2379 1731 2447 portae
1745 2370 1836 2449 gratis
1850 2372 1940 2433 clau·

1147 2480 1194 2522 sae
1213 2458 1259 2543 (b)
1269 2484 1280 2534 3
1303 2461 1402 2525 deinde
1420 2478 1535 2544 apertae
1554 2487 1605 2547 per
1622 2469 1767 2531 modicum
1782 2474 1939 2551 temporis,

1146 2572 1175 2624 at
1195 2560 1347 2623 defunctus
1367 2567 1475 2644 positus
1496 2569 1588 2647 magis
1610 2588 1710 2630 versus
1727 2570 1819 2631 altare
1842 2583 1876 2632 ut
1899 2573 1938 2633 li·

1147 2660 1216 2723 bere
1237 2676 1351 2742 possent
1372 2683 1469 2726 onrnes
1485 2668 1614 2743 intrare,
1636 2681 1666 2731 et
1684 2669 1778 2742 exire,
1799 2681 1827 2732 ct
1849 2673 1938 2750 positi

1147 2762 1237 2840 aliqui
1258 2764 1415 2836 custodes,
1435 2785 1470 2828 ne
1491 2769 1595 2828 anulus
1614 2780 1664 2830 aut
1685 2770 1755 2849 quid
1781 2768 1862 2831 aliud
1883 2773 1940 2833 sihi

1148 2863 1310 2923 tolleretur.
1328 2864 1431 2926 Mansit
1446 2865 1549 2928 ibidem
1566 2885 1657 2948 usque
1674 2872 1710 2929 ad
1730 2887 1815 2930 troam
1830 2871 1938 2933 horam

1152 2964 1253 3037 noetis,
1275 2966 1320 3025 vel
1344 2967 1421 3026 circa
1428 2986 1439 3040 3
1460 2968 1588 3029 scutiferi
1608 2969 1775 3032 defunctum
1795 2982 1940 3051 portave-

1149 3074 1230 3137 runt,
1249 3074 1278 3125 et
1297 3065 1347 3126 illa
1369 3066 1468 3146 viginti
1490 3068 1633 3130 intorticla
1654 3080 1719 3131 ante
1739 3070 1838 3144 funus,
1856 3074 1940 3151 quod

1149 3165 1344 3244 sequebantur
1365 3178 1432 3227 octo
1450 3177 1561 3228 tantum
1583 3168 1750 3232 cardinales
1756 3193 1767 3244 3
1786 3172 1845 3232 vidi
1859 3174 1938 3235 inter

1148 3265 1262 3325 eosdem
1283 3261 1329 3348 (θ)
1351 3265 1450 3327 Sancti
1472 3267 1551 3328 Petri
1570 3268 1606 3328 ad
1623 3269 1754 3343 Vincula,
1771 3270 1939 3335 Novanien-

1192 3497 1226 3555 (t)
1246 3495 1405 3552 Notandum,
1424 3496 1495 3559 quod
1513 3499 1539 3547 in
1557 3499 1647 3550 Dinrlo
1667 3503 1815 3555 lulessurac
1829 3504 1937 3567 legitur,

1150 3574 1254 3626 Μιιιτ.
1265 3575 1321 3625 liar.
1332 3573 1385 3624 lini.
1397 3573 1478 3637 scrip.
1489 3578 1548 3626 lom.
1561 3577 1600 3628 tn.
1609 3591 1636 3641 p.
1646 3579 1674 3629 ll.
1684 3593 1710 3643 p.
1725 3581 1802 3632 llil:
1815 3601 1825 3624 ·
1839 3579 1941 3634 Deinde

1149 3651 1282 3714 quoddam
1304 3665 1508 3716 magazzeuum,
1524 3657 1595 3718 quod
1616 3658 1653 3707 ibt
1674 3664 1730 3709 arat
1745 3659 1873 3710 lobannis
1888 3661 1941 3712 Ba·

1150 3729 1248 3791 ptistaa
1264 3729 1430 3792 Pallavieini,
1447 3734 1552 3795 cognati
1570 3736 1673 3786 comitis
1689 3736 1844 3801 hieronymi
1857 3739 1940 3801 (iliu-

1152 3809 1224 3871 rio),
1241 3810 1285 3872 qui
1300 3808 1344 3859 diu
1362 3810 1484 3861 immunis
1502 3816 1528 3861 et
1544 3814 1601 3863 aina
1621 3815 1752 3866 solutione
1775 3816 1938 3880 gahcllarum

1150 3890 1246 3951 luerat,
1262 3892 1296 3942 ad
1312 3905 1417 3943 saccum
1442 3896 1583 3946 miserunt.
1600 3896 1635 3947 lbi
1648 3900 1703 3948 arnt
1718 3910 1778 3949 ccrn
1800 3912 1879 3961 quom
1894 3901 1940 3952 de-

1151 3970 1290 4022 stinaocmt
1310 3983 1360 4034 pro
1375 3974 1490 4035 camara
1503 3974 1573 4026 Sinti
1577 3992 1587 4038 3
1602 3975 1637 4025 ibi
1653 3978 1728 4040 copia
1741 3979 1856 4029 maxima
1875 3981 1940 4032 allu-

1152 4051 1228 4099 miute
1245 4055 1272 4101 et
1288 4053 1389 4115 argenti
1404 4053 1469 4111 vivi,
1485 4057 1513 4104 et
1530 4056 1610 4105 multa
1626 4054 1705 4108 bona.
1723 4078 1733 4102 ι

1190 4128 1226 4189 (5)
1240 4126 1311 4178 llaec
1329 4129 1517 4182 confirmantur
1534 4132 1732 4185 avolatarrauo
1744 4137 1769 4186 ia
1778 4136 1870 4188 Dinrio
1881 4149 1940 4198 suo,

1152 4206 1257 4257 hloaar.
1273 4207 1330 4257 lter.
1346 4208 1399 4257 ital.
1415 4208 1507 4273 script.
1524 4214 1586 4261 tom.
1600 4212 1687 4267 foll.
1702 4227 1731 4276 ρ.
1748 4216 1804 4264 2⁰0.

1192 4286 1228 4347 (d)
1242 4286 1342 4336 Bellum
1360 4288 1437 4337 clvlla
1448 4287 1510 4338 ilrbi
1521 4294 1646 4341 aeternae
1658 4291 1822 4351 imminebat3
1833 4304 1937 4356 propu-

1152 4366 1260 4426 gnacula
1270 4367 1385 4428 singulas
1397 4366 1456 4417 vias
1468 4367 1565 4418 iterum
1582 4368 1732 4433 iterumque
1748 4370 1940 4432 impediebante

1152 4444 1258 4503 milites,
1273 4446 1357 4505 cives,
1372 4446 1514 4507 primores,
1529 4449 1672 4500 levissimis
1682 4449 1716 4499 de
1727 4452 1817 4502 causis
1833 4463 1895 4504 sese
1912 4453 1939 4503 in

1153 4526 1232 4574 armis
1247 4524 1371 4575 continuo
1382 4525 1539 4587 miscebant3
1550 4528 1621 4579 salus
1638 4531 1729 4592 populi
1740 4528 1820 4579 flebat
1831 4543 1939 4595 semper

1152 4605 1233 4667 magis
1244 4603 1354 4653 incerta.
1368 4624 1377 4646 ι
1392 4604 1422 4654 hi
1435 4607 1480 4666 tt(
1490 4606 1527 4656 sic
1540 4606 1566 4655 iu
1578 4605 1667 4657 iliorlo
1677 4610 1736 4657 Not.
1748 4606 1900 4671 hutiportii,
1913 4613 1939 4661 in

1151 4682 1378 4735 hunamltcrdtol.
1393 4684 1515 4747 Scriptp.
1525 4686 1666 4746 1088,1089
1679 4686 1763 4745 laudo
1780 4691 1846 4737 tutta
1857 4688 1938 4740 Roma

1151 4764 1177 4811 tn
1189 4773 1274 4811 arma.
1288 4796 1293 4809 .
1306 4797 1312 4809 .
1323 4760 1350 4809 lu
1367 4774 1453 4811 messa
1471 4775 1485 4811 a
1503 4776 1580 4813 sacco
1597 4764 1620 4813 la
1636 4766 1750 4815 casadei
1768 4771 1845 4816 conte
1861 4767 1940 4819 lero-

1150 4843 1221 4891 nimo
1238 4839 1326 4905 (liic,
1346 4840 1415 4891 Sinti
1440 4841 1471 4891 Ν
1488 4855 1587 4905 nepos,
1606 4847 1667 4893 tunc
1688 4845 1824 4895 Pallanum
1844 4847 1941 4900 obside·

1149 4918 1313 4982 but),lurono
1323 4919 1495 4982 sacobcggtati
1507 4921 1597 4971 novitii
1609 4932 1623 4971 e
1635 4923 1779 4985 magazziui
1792 4937 1805 4973 a
1816 4924 1881 4987 ilipa
1893 4962 1899 4974 .
1913 4964 1919 4975 .
1932 4963 1939 4976 .

1150 4996 1244 5046 turono
1262 4996 1355 5047 rubeto
1372 4997 1399 5047 di
1420 4999 1500 5048 molta
1523 5001 1630 5051 caricbe
1656 5001 1682 5051 di
1709 5002 1794 5060 roba,
1818 5004 1842 5052 le
1865 5006 1938 5067 quali

1149 5077 1171 5124 si
1188 5079 1335 5137 portavauo
1361 5076 1395 5125 da
1419 5091 1469 5127 uua
1486 5091 1548 5130 casa
1571 5080 1604 5129 ad
1627 5082 1750 5132 uu'attra
1770 5093 1819 5144 per
1835 5083 1939 5133 salvar·

1149 5154 1191 5213 le,
1207 5167 1222 5204 a
1238 5156 1305 5204 certi
1321 5156 1424 5218 giovaul
1437 5169 1451 5207 a
1466 5159 1586 5223 spagnoli
1609 5160 1634 5210 le
1658 5162 1787 5212 levavano
1807 5175 1856 5211 con
1877 5161 1938 5215 dire

1149 5233 1199 5285 che
1209 5245 1291 5284 erano
1300 5236 1365 5285 roba
1376 5236 1402 5285 di
1414 5236 1559 5288 Genovesi.
1574 5272 1580 5283 .
1594 5273 1599 5286 .
1611 5272 1616 5283 .
1630 5240 1680 5290 mn
1692 5242 1816 5291 tlvenne
1829 5241 1845 5288 tl
1857 5243 1937 5293 conte

1147 5311 1281 5363 leronlmo
1297 5326 1347 5363 con
1365 5318 1432 5365 tutto
1449 5314 1467 5365 il
1485 5327 1578 5378 campo
1595 5330 1610 5366 a
1627 5319 1724 5379 Roma,
1740 5322 1767 5367 ct
1784 5317 1894 5381 alloggid
1911 5320 1938 5370 ln

1148 5390 1239 5451 Prata3
1256 5402 1270 5440 e
1288 5392 1311 5441 la
1327 5391 1455 5443 contessa
1471 5393 1548 5442 entrd
1565 5394 1591 5444 iu
1608 5394 1725 5446 Castalio
1740 5395 1937 5459 Sant’hgnolo,

1148 5471 1301 5520 ateuevalo
1317 5470 1350 5519 ad
1366 5473 1467 5522 tstanza
1483 5470 1527 5521 del
1543 5471 1641 5532 Conte;
1652 5477 1679 5523 et
1694 5474 1711 5522 tl
1727 5473 1838 5524 Palazzo
1855 5475 1878 5524 si
1894 5478 1939 5525 te·

1147 5559 1216 5597 neve
1228 5547 1262 5597 ad
1273 5549 1375 5598 istanza
1386 5548 1429 5599 det
1442 5549 1600 5610 medcsimo;
1616 5564 1630 5601 e
1646 5550 1740 5601 larona
1756 5552 1813 5601 letti
1824 5555 1935 5604 stercatt

1148 5637 1161 5673 a
1173 5626 1244 5687 piedi
1256 5625 1281 5676 la
1292 5627 1364 5675 scale
1375 5626 1443 5677 della
1465 5634 1542 5692 porta
1559 5630 1601 5679 dcl
1616 5629 1735 5681 Palazzo.
1749 5651 1760 5674 ι
1778 5630 1852 5691 tttnc,
1863 5637 1936 5683 metu

1147 5706 1292 5767 perterriti,
1303 5703 1456 5758 cardinales
1474 5708 1594 5768 aberant,
1605 5713 1632 5758 et
1649 5709 1720 5759 vilae
1737 5711 1884 5772 periculum
1896 5711 1934 5760 la-
