4492 6859
228 640 347 733 lama)

232 788 351 848 alesiam
373 790 402 846 in
424 785 480 847 boc
502 804 584 865 posse
603 806 717 850 errare.
731 786 771 849 Et
789 788 834 848 his
848 787 930 850 dictis
945 786 1022 849 car-

233 885 355 949 dinalem
377 884 467 947 dimisi
485 883 541 969 (il.

274 987 326 1049 Die
359 987 502 1049 dominica
537 1005 636 1050 xxnr.
669 989 739 1049 dicti
764 986 866 1049 mensis
896 986 1022 1064 januarii

234 1088 430 1150 veneruntad
450 1088 560 1151 Urbem
581 1088 640 1150 duo
661 1087 802 1150 Oratores
823 1088 867 1147 ΙΙΙ.
887 1086 921 1145 Ι).
941 1084 1021 1146 Petri

233 1186 347 1248 Ganson
371 1187 503 1265 lllagistri
524 1188 641 1249 Militiae
656 1184 771 1250 Ordinis
787 1187 885 1250 Sancti
906 1184 1021 1247 loannis

232 1287 496 1366 llierosolyrnilani,
522 1306 648 1366 quorum
675 1290 786 1367 primus
813 1299 876 1348 erat
902 1287 1021 1348 Tarco-

232 1388 388 1466 pellerius,
405 1388 481 1448 alter
502 1388 698 1450 Cancettarius
719 1388 840 1469 praelati
866 1387 1020 1466 Magistri,

232 1487 337 1564 quibus
358 1487 473 1550 obviam
502 1499 641 1549 renerum
668 1489 792 1549 familiae
813 1488 844 1550 S.
872 1488 908 1550 D.
936 1488 971 1550 Ν.
992 1500 1020 1551 et

231 1586 267 1646 R
289 1586 487 1650 cardinalium
508 1588 749 1666 quamplurium,
777 1608 833 1649 non
867 1601 961 1650 tamen
995 1591 1019 1649 si

231 1701 312 1750 recte
327 1687 442 1748 membri
457 1688 596 1761 omnium,
613 1700 643 1749 et
658 1707 707 1750 eos
725 1709 807 1752 more
825 1691 910 1750 solito
929 1706 1020 1766 usque

231 1788 269 1847 ad
285 1787 403 1848 domum
417 1805 519 1848 eorum
535 1786 716 1849 habitationis
731 1792 926 1862 sancierunt,
943 1789 1020 1866 quod

233 1898 328 1949 tamen
346 1898 461 1966 praeter
476 1886 604 1949 debitum
617 1901 646 1951 et
659 1890 764 1952 bonam
784 1890 1018 1952 consuetudinem

231 1989 340 2050 laetum
365 1999 430 2061 est,
455 1997 484 2048 et
505 2008 551 2052 nte
581 1991 676 2052 inscio.
704 1991 776 2052 llam
805 1993 836 2052 S.
865 1992 900 2051 Ι).
928 1989 963 2051 Ν.
990 2002 1020 2052 et

230 2090 397 2152 Cardinales
418 2109 476 2152 ιιοιι
495 2104 707 2154 comueserunt
736 2091 910 2171 generaliter
931 2110 1020 2171 prae-

231 2192 296 2252 latis
315 2192 514 2254 ecclesiasticis
543 2203 572 2253 et
593 2194 779 2271 regularibus
798 2192 836 2252 ad
857 2192 1019 2253 Romanam

229 2290 350 2353 Curiam
373 2292 550 2353 venientibus
572 2293 694 2354 familias
720 2310 786 2352 suas
807 2292 921 2353 obriom
948 2293 1020 2351 mit·

230 2404 304 2464 tere,
327 2411 395 2454 cum
414 2393 471 2452 sint
487 2394 560 2453 meri
576 2393 722 2454 Romanae
736 2392 881 2455 Ecclesiae
901 2391 1020 2462 subditi,

229 2502 260 2551 et
280 2488 414 2568 subjecti,
435 2494 559 2572 exceptis
580 2492 728 2554 dumtaxat
747 2491 932 2572 hlaguntino‚
960 2491 1021 2553 Co·

230 2592 372 2665 loniensi‚
399 2590 565 2654 Trevirensi
590 2590 925 2671 archiepiscopis,·sacri
956 2589 1020 2651 Ro·

231 2692 309 2752 mani
331 2692 447 2771 imperii
467 2691 648 2753 electoribus.

272 2793 359 2853 Faria
371 2802 487 2869 quarta,
497 2808 588 2853 xxti.
596 2790 664 2852 dicti
677 2792 780 2854 mensis
788 2788 1021 2870 januariiprae·

230 2892 281 2954 lati
302 2891 361 2951 duo
382 2888 522 2952 Oratores
540 2891 655 2964 admissi
673 2891 793 2952 luerunt
814 2891 851 2951 ad
875 2901 1019 2953 secretum

230 2992 453 3065 Consistorium,
466 2996 494 3051 ln
513 3009 583 3069 quo,
603 2991 783 3053 Cancellario
803 3002 916 3063 orante,
934 3009 1021 3069 prae-

230 3092 368 3154 stiterunt
383 3090 573 3152 obedientiam
585 3090 617 3152 S.
632 3091 669 3150 Ι).
680 3090 715 3152 N.
728 3103 761 3152 ut
773 3103 871 3173 postea
887 3092 1021 3166 intellexi,

230 3192 300 3271 quia
319 3193 418 3252 nullus
432 3203 602 3252 nostrorum
625 3193 681 3260 rel,
694 3193 786 3266 alius,
813 3204 929 3271 praeter
943 3192 1022 3253 Car·

230 3292 339 3353 dinales
360 3303 389 3354 et
408 3289 549 3353 Oratores
566 3292 639 3354 duos
666 3294 841 3386 praedictos,
856 3303 890 3355 ut
911 3293 1020 3354 dictum

229 3394 438 3468 luit,·interluit
452 3393 507 3476 (2).
526 3392 606 3463 Quos
622 3396 738 3473 quidem
755 3392 897 3458 Oratores
910 3394 947 3455 ad
960 3395 1021 3454 Po·

231 3497 334 3557 latium
360 3496 503 3558 vementes
523 3507 552 3559 et
572 3495 637 3557 iude
662 3496 698 3556 ad
726 3497 844 3558 domum
864 3515 947 3557 suam
969 3516 1021 3558 re·

230 3596 349 3658 deantes
364 3599 544 3660 associarunt
558 3609 587 3660 et
604 3596 786 3660 honorarunt
800 3595 942 3658 Oratores
958 3596 1020 3657 Re·

272 3829 335 3887 (1)·
352 3828 391 3875 Aa
411 3832 492 3886 reste,
504 3828 528 3876 le
544 3826 646 3889 hspes
663 3828 686 3875 la
704 3827 799 3887 verite,
809 3828 907 3876 n'avoit
918 3838 966 3889 pas
978 3826 1020 3876 ete

232 3907 307 3957 force
323 3906 337 3955 a
355 3908 379 3954 ta
395 3906 575 3956 canonisation
593 3905 625 3954 de
642 3904 775 3967 leopold,
792 3908 857 3954 mais
874 3906 926 3967 ily
949 3907 1022 3955 svoit

232 3986 275 4035 dte
293 3986 435 4034 lortement
451 3985 558 4042 excite;
573 3983 596 4032 s'
607 3985 623 4031 il
641 3988 682 4033 est
699 3985 764 4042 ττι),
780 3995 881 4032 comme
898 3984 1020 4032 l'iusiuue

233 4078 270 4113 un
287 4064 405 4113 derivain
431 4062 630 4123 contemporaia
656 4061 837 4122 (inessemus,
857 4062 930 4112 Dior.
952 4061 1021 4113 Orbis

233 4143 348 4197 Romae,
363 4139 433 4200 opud
449 4139 563 4189 Ecaten.
581 4139 673 4190 illator.
690 4141 754 4189 med.
770 4143 834 4200 oevi,
851 4144 913 4191 tom.
929 4139 958 4200 ll,
975 4140 1023 4192 col.

231 4221 293 4271 1951
309 4226 326 4277 t,
342 4232 394 4280 que
411 4217 584 4280 l'limpereur
596 4221 630 4269 lui
647 4222 718 4269 aroit
734 4219 820 4271 douai
837 4224 932 4283 qaiaze
950 4221 1022 4272 mille

231 4299 328 4347 ducats
345 4308 411 4358 pour
424 4297 460 4361 l'y
473 4308 585 4361 engager
599 4297 655 4347 ·l>a
666 4298 826 4359 limoniatis,
838 4312 880 4362 op.
890 4300 932 4349 cil.
940 4312 969 4363 p.
980 4303 1020 4352 85.

234 4375 283 4425 llic
312 4375 418 4424 silentio
441 4376 588 4438 praeterire
609 4388 662 4426 non
679 4389 839 4438 possumus,
861 4376 1020 4428 lnlessuram

235 4454 319 4504 luisse
333 4454 495 4504 Pontificatui
509 4454 624 4504 Romano
640 4456 723 4504 terme
736 4467 841 4518 semper
853 4457 986 4517 intestam,
997 4462 1024 4507 et

234 4534 449 4584 &tumnensium
466 4534 586 4584 lectionis
597 4534 734 4583 asseclam.
751 4533 895 4594 Ilioneum
915 4540 1022 4586 narrata

233 4612 269 4663 de
286 4616 405 4675 pecuniis
422 4615 558 4674 receptis,
581 4616 634 4664 siat
659 4613 781 4666 omuibus
798 4615 976 4667 laudamentis
995 4622 1022 4667 et

234 4691 411 4742 monumentis
422 4692 557 4753 destituta,
571 4695 640 4743 later
658 4698 758 4744 temere
775 4694 881 4746 adserta
892 4700 968 4745 erunt
980 4695 1025 4745 ad·

233 4769 406 4820 numeranda.

275 4853 312 4910 (2)
330 4869 341 4891 ·
359 4848 405 4899 liic
422 4848 451 4898 Ι).
465 4847 596 4900 lohannes
613 4853 728 4913 scriptor
740 4865 791 4901 noa
808 4853 878 4902 bene
894 4853 1022 4902 intellexit

233 4932 348 4991 qualiter
364 4928 413 4978 luit
429 4927 540 4979 lactum.
557 4929 622 4981 llam
639 4943 688 4994 ego
703 4930 773 4981 Paris
790 4936 851 4981 tuac
868 4932 974 4981 intertui
995 4936 1022 4981 et

235 5008 290 5057 vidi
301 5020 354 5056 noa
370 5006 453 5056 laissa
470 5006 566 5058 lactum
578 5010 604 5059 ia
614 5011 702 5073 aliquo
718 5011 891 5073 consistorio,
900 5012 947 5061 sed
958 5015 1022 5062 bora

234 5099 293 5142 xx,
308 5084 375 5146 Papa
392 5086 417 5132 in
434 5084 497 5133 sede
513 5089 560 5136 'sua
571 5090 745 5138 consistoriali
761 5103 819 5139 cum
837 5093 903 5140 stola
924 5093 1021 5152 stante,

235 5162 422 5227 praesentibus
438 5162 620 5214 cardinalibus
636 5167 662 5216 in
679 5170 817 5226 mantellis,
826 5172 852 5218 et
868 5169 927 5218 aliis
943 5183 1023 5231 pree-

235 5244 295 5292 lstis
311 5246 338 5291 et
355 5243 450 5291 lamilis
466 5241 565 5304 Papae,
581 5245 637 5307 ipsa
654 5245 802 5296 obedientia
820 5247 949 5308 praestita
971 5248 1021 5299 iult

235 5335 285 5384 par
302 5322 439 5374 Oratorem
455 5323 500 5384 qui
517 5322 711 5385 elegantissime
727 5326 812 5375 orarit
829 5331 908 5387 prout
923 5328 976 5377 ridi
995 5333 1022 5379 el

235 5402 334 5461 audivi,
343 5405 403 5465 quia
414 5414 541 5465 praesens
551 5402 597 5452 lui.
610 5426 620 5447 ·
633 5405 766 5456 Adnoloho
777 5405 882 5458 Pastore
894 5420 928 5457 ιιι
939 5408 1022 5459 Gus-

237 5493 276 5529 srs
293 5481 410 5543 collegae
427 5479 581 5541 Rurchardi,
592 5495 660 5545 quae
677 5489 750 5533 extat
767 5487 793 5534 in
810 5489 893 5535 textu.
911 5485 949 5536 Ex
970 5501 1022 5550 quo

237 5562 310 5608 recte
328 5559 458 5621 colligitur
474 5557 522 5609 us.
542 5564 662 5610 nostrum
689 5561 773 5614 luisse
789 5566 965 5628 exemplatum
988 5578 1021 5616 ex

240 5639 334 5689 codice
351 5639 453 5688 Paridls
465 5639 618 5701 supradicti,
635 5644 662 5690 et
677 5645 706 5691 ut
723 5641 778 5693 deri
796 5645 1022 5706 soletamsnaen-

236 5732 293 5771 sem
310 5720 386 5782 operi
402 5718 556 5778 adiunxisse
573 5720 787 5774 observationem
804 5723 976 5776 adnotatoria.

707 648 989 714 nuntiaremus
1011 645 1235 712 tltltocsslttix
1256 646 1408 712 duravi.

1833 655 1873 716 ol

1091 787 1136 864 gis
1156 784 1332 866 Neapolitani
1355 797 1385 848 et
1404 786 1494 849 [lucis
1515 788 1690 861 Ferrariae,
1708 806 1744 850 ac
1769 805 1877 867 quam·

1091 887 1191 963 plures
1208 885 1317 947 ordinis
1337 887 1457 965 praelati
1476 888 1588 948 milites.

1133 985 1186 1045 Die
1206 985 1348 1047 dominica
1363 986 1419 1048 30.
1437 986 1507 1048 dicti
1528 988 1632 1048 mensis
1645 985 1773 1065 januarii
1787 1005 1876 1050 rene·

1091 1098 1160 1146 runt
1184 1085 1221 1145 ad
1247 1086 1356 1149 Urbem
1386 1105 1437 1166 per
1466 1099 1580 1165 portam
1607 1087 1743 1149 viridarii
1769 1098 1876 1167 septem

1090 1181 1231 1247 Oratores
1241 1185 1382 1246 lll.l)ucis
1392 1185 1552 1248 Sabaudiae
1564 1205 1619 1265 pro
1630 1186 1786 1249 obedientia
1797 1185 1873 1248 8.Ι).

1089 1283 1194 1347 Nostro
1210 1286 1388 1366 praestanda.
1405 1287 1518 1347 llorum
1539 1287 1650 1366 primus
1667 1297 1730 1348 erat
1747 1286 1819 1350 Rev.
1844 1290 1874 1349 in

1089 1385 1208 1448 Christo
1230 1387 1382 1467 presbyter
1401 1386 1543 1448 Dominna
1563 1389 1714 1467 episcopus
1733 1387 1877 1450 Bellicen-

1089 1488 1137 1559 sis,
1146 1487 1289 1549 secundus
1303 1488 1385 1558 miles
1399 1485 1518 1548 Ordinis
1535 1486 1635 1549 Sancti
1650 1488 1786 1550 lobannis
1801 1488 1874 1549 llic·

1090 1588 1309 1667 rosolymitani:
1339 1589 1389 1648 alii
1410 1588 1533 1660 borum,
1559 1587 1676 1666 quidam
1704 1600 1876 1669 praeceptor

1091 1688 1199 1749 ordinis
1225 1687 1323 1749 Sancti
1346 1688 1478 1760 Antonil,
1498 1689 1557 1748 dno
1578 1688 1790 1768 prothonotarii
1814 1691 1876 1752 sina

1089 1790 1188 1850 habitu
1205 1801 1310 1861 tamen,
1326 1788 1375 1850 alii
1393 1789 1535 1867 simplices
1549 1788 1749 1862 eeclesiastici3
1762 1800 1791 1850 et
1811 1790 1877 1869 pri·

1089 1891 1154 1952 dem
1175 1893 1293 1952 intravit
1313 1901 1435 1950 neurus
1457 1889 1593 1967 privatim
1614 1890 1673 1951 sine
1694 1908 1798 1969 pompa
1822 1910 1875 1952 so·

1089 1993 1185 2054 lemni.
1203 1992 1241 2051 Hi
1263 2001 1369 2070 septem
1391 1990 1499 2069 recepti
1532 1989 1652 2051 luerunt
1669 2008 1687 2047 a
1704 1989 1819 2050 familiis
1839 1990 1872 2052 S.

1088 2094 1123 2154 Ι).
1146 2093 1181 2155 Ν.
1201 2104 1230 2155 et
1250 2090 1449 2155 Cardinalium
1474 2100 1555 2150 extra
1589 2102 1707 2170 portam
1728 2101 1757 2151 et
1785 2108 1876 2170 usque

1088 2195 1126 2255 ad
1146 2195 1265 2255 domum
1287 2191 1469 2252 habitationis
1497 2190 1617 2269 praelati
1638 2192 1762 2270 episcopi
1783 2191 1875 2254 Belli·

1088 2296 1189 2368 censis,
1209 2294 1295 2374 primi
1322 2294 1397 2354 inter
1416 2310 1476 2364 eos,
1508 2289 1665 2353 honorilice
1689 2293 1775 2353 solito
1791 2310 1874 2353 more

1087 2414 1186 2457 omnes
1207 2393 1347 2456 associati.
1369 2394 1402 2454 ln
1422 2409 1480 2470 qua
1493 2409 1592 2453 omnes
1601 2392 1654 2471 ipsi
1669 2390 1810 2454 Oratores
1821 2392 1876 2453 de·

1089 2495 1262 2557 scenderunt
1277 2513 1313 2556 ex
1329 2492 1411 2572 equis
1431 2503 1460 2553 et
1480 2492 1509 2552 in
1529 2511 1596 2556 sero
1618 2492 1668 2571 qui
1690 2511 1757 2554 eum
1770 2512 1805 2555 eo
1819 2491 1876 2555 ho-

1088 2596 1190 2675 spitari
1212 2595 1378 2665 noluerunt,
1392 2593 1429 2652 ad
1448 2593 1506 2652 alia
1526 2611 1579 2653 sua
1598 2592 1718 2672 hospitia
1739 2595 1874 2674 privatim

1089 2706 1281 2757 accesserunt.

1130 2797 1216 2859 Faria
1235 2805 1324 2866 sexta,
1339 2803 1444 2871 quarta
1467 2792 1569 2855 mensis
1586 2792 1737 2869 februarii,
1751 2794 1875 2873 praelati

1088 2907 1155 2957 octo
1177 2892 1319 2956 Oratores
1340 2895 1384 2954 itt.
1407 2894 1497 2955 Ducis
1532 2893 1694 2955 Sabaudiae
1711 2895 1740 2953 in
1759 2893 1876 2972 publico

1088 2995 1303 3074 Consistorioin
1316 2996 1398 3056 tertia
1420 2996 1486 3055 aula
1506 2995 1609 3055 Palatii
1630 2995 1785 3074 Apostolici
1798 2993 1875 3073 apud
1969 3053 1972 3058 .

1089 3099 1231 3157 Sanctum
1251 3075 1374 3156 Petrum
1394 3094 1503 3167 habito,
1515 3094 1723 3174 praestiterunt
1739 3092 1877 3154 obedieu-

1089 3197 1159 3257 tiam
1181 3196 1294 3255 solitam
1318 3193 1350 3254 S.
1369 3193 1405 3253 Ι).
1419 3192 1454 3253 Ν.
1468 3192 1569 3255 ordine
1590 3206 1730 3255 consueto
1749 3206 1874 3254 orantes.

1130 3295 1213 3358 Faria
1229 3294 1323 3366 tertia,
1338 3305 1441 3354 octava
1452 3292 1520 3355 dicti
1533 3294 1636 3354 mensis
1655 3293 1807 3368 februarii,
1820 3294 1876 3355 luit

1089 3397 1253 3456 intimatum
1275 3394 1310 3454 de
1332 3394 1466 3456 mandato
1487 3393 1519 3453 S.
1537 3392 1574 3454 D.
1596 3391 1630 3452 Ν.
1648 3391 1741 3472 Papae
1758 3393 1797 3453 R.
1811 3392 1876 3454 Do·

1089 3497 1173 3557 minis
1183 3494 1384 3557 cardinalibus
1404 3492 1483 3572 quod
1504 3495 1635 3556 venirent
1655 3492 1771 3553 obviam
1789 3493 1826 3553 R.
1838 3493 1875 3554 Ι).

1089 3596 1235 3660 Cardinali
1258 3594 1454 3673 madegamnsi
1474 3592 1511 3653 ad
1531 3592 1641 3656 Urbem
1664 3594 1796 3655 redeunti
1826 3596 1877 3672 qui

1088 3698 1160 3759 alias
1180 3716 1198 3756 a
1217 3697 1263 3758 iel.
1282 3714 1323 3756 re.
1347 3694 1429 3755 Sixto
1449 3693 1527 3772 l’apa
1546 3691 1659 3763 Quarto
1677 3695 1789 3773 legatus
1804 3693 1877 3754 mis-

1088 3816 1137 3858 sus
1155 3796 1252 3859 luerat
1271 3793 1299 3853 in
1320 3794 1452 3872 Regnum
1474 3793 1624 3866 Francus,
1645 3794 1673 3853 in
1695 3813 1754 3871 quo
1768 3804 1878 3868 tamen,

1089 3910 1122 3959 ut
1133 3899 1208 3969 talis,
1227 3907 1360 3974 receptus
1377 3910 1433 3954 non
1452 3892 1514 3953 tun.
1528 3893 1604 3954 Hace
1621 3905 1717 3954 autem
1734 3894 1876 3954 intimatio

1088 3998 1164 4060 lacta
1192 4007 1235 4057 est
1266 4006 1381 4074 praeter
1401 3993 1492 4054 bonas
1511 4005 1541 4053 et
1567 3992 1697 4054 honmtas
1728 3994 1874 4055 caerimo-

1090 4101 1150 4160 nias
1169 4117 1203 4158 ex
1225 4096 1318 4158 trihus
1340 4095 1456 4168 causis3
1478 4095 1580 4171 prima,
1595 4096 1663 4172 quia
1679 4111 1736 4154 non
1752 4091 1809 4153 luit
1823 4112 1877 4154 re·

1089 4212 1188 4280 ceptus
1209 4209 1357 4275 tamquam
1387 4195 1498 4273 legatus
1519 4193 1547 4253 in
1568 4212 1621 4254 sua
1643 4194 1804 4273 legatione3
1823 4212 1873 4253 se-

1089 4298 1195 4371 cunda,
1210 4298 1277 4377 quia
1294 4295 1454 4358 carduelis
1468 4312 1524 4356 non
1542 4295 1625 4356 dehet
1640 4305 1774 4371 tanquam
1793 4290 1874 4356 Ora·

1089 4411 1137 4460 tor
1165 4399 1255 4478 recipi
1284 4397 1448 4457 solemniter
1469 4413 1486 4454 a
1507 4396 1659 4474 Collegi03
1688 4394 1784 4469 tertia,
1806 4394 1874 4472 quia

1088 4500 1250 4579 Collegium
1272 4515 1331 4557 non
1353 4496 1435 4557 debet
1452 4495 1570 4556 obviare
1586 4495 1707 4556 venienti
1728 4494 1875 4558 Cardinsli

1089 4600 1142 4660 nisi
1158 4598 1272 4676 quando
1283 4598 1400 4659 ducitur
1410 4595 1447 4656 ad
1456 4596 1674 4656 consistorium.
1689 4597 1783 4675 igitur
1793 4596 1874 4656 circa

1090 4700 1194 4761 boram
1211 4715 1296 4762 xxti.
1312 4696 1440 4775 ejusdem
1462 4696 1517 4758 diei
1537 4698 1614 4759 venit
1633 4697 1670 4756 ad
1688 4696 1799 4760 Urbem
1826 4696 1874 4757 di-

1089 4814 1152 4861 ctus
1173 4799 1348 4872 cardinalis,
1377 4799 1426 4859 eui
1446 4799 1563 4858 obviam
1586 4811 1727 4859 venerunt
1756 4798 1873 4859 circiter

1090 4916 1151 4961 xtr.
1163 4899 1351 4973 Cardinales3
1366 4899 1483 4978 quidam
1499 4917 1554 4958 non
1571 4900 1654 4977 longe
1674 4917 1691 4958 a
1707 4908 1791 4978 ponte
1804 4896 1875 4956 illil-

1091 5002 1150 5073 vio,
1170 5002 1219 5062 alii
1241 5002 1316 5061 citra
1338 5002 1431 5079 ipsum
1460 5010 1654 5081 receperunt,
1674 5010 1704 5059 et
1727 4995 1873 5076 usquead

1090 5111 1265 5161 conventum
1284 5101 1345 5161 sive
1367 5102 1571 5163 monasterium
1590 5099 1695 5160 Reatae
1715 5097 1823 5158 hieriae
1838 5094 1874 5157 de

1091 5200 1204 5280 Populo
1219 5200 1414 5275 amariorum,
1429 5217 1486 5260 non
1506 5210 1599 5260 tamen
1619 5198 1735 5259 memini
1749 5214 1807 5275 quo
1820 5213 1875 5256 ur·

1089 5299 1154 5363 diae
1174 5299 1380 5378 equitaverint,
1398 5318 1466 5359 cum
1487 5317 1533 5362 res
1557 5298 1627 5361 haec
1647 5298 1736 5358 luerit
1749 5295 1873 5368 insolita,

1089 5413 1119 5463 et
1139 5412 1254 5481 praeter
1273 5401 1363 5464 bonos
1378 5418 1474 5462 mores
1485 5398 1626 5462 ordinata.
1641 5397 1802 5487 Cardinalis
1815 5397 1875 5477 ipse

1091 5504 1194 5563 mansit
1214 5504 1242 5562 in
1263 5503 1341 5563 dicto
1361 5500 1604 5580 monasterio,qui
1627 5501 1703 5561 renit
1724 5499 1826 5558 missus
1855 5516 1871 5556 a

1090 5603 1169 5684 Rege
1188 5604 1327 5664 Franciae
1350 5620 1405 5662 una
1425 5620 1491 5663 cum
1513 5603 1575 5662 aliis
1594 5619 1647 5663 xit.
1667 5599 1804 5663 ordinatis
1835 5597 1871 5656 ad

1088 5702 1289 5785 praestandam
1303 5700 1491 5767 obedientiam
1503 5699 1534 5763 8.
1545 5700 1580 5761 Ι).
1598 5700 1644 5776 N,
1658 5719 1784 5782 quorum
1796 5716 1873 5780 qua·
