<?xml version="1.0" encoding="UTF-8"?>
<!DOCTYPE html PUBLIC "-//W3C//DTD XHTML 1.0 Transitional//EN"
    "http://www.w3.org/TR/xhtml1/DTD/xhtml1-transitional.dtd">
<html xmlns="http://www.w3.org/1999/xhtml" xml:lang="en" lang="en">
 <head>
  <title>
</title>
<meta http-equiv="Content-Type" content="text/html;charset=utf-8" />
  <meta name='ocr-system' content='tesseract 3.04.00' />
  <meta name='ocr-capabilities' content='ocr_page ocr_carea ocr_par ocr_line ocrx_word'/>
</head>
<body>
  <div class='ocr_page' id='page_1' title='image "./johannisburchar01burcgoog/johannisburchar01burcgoog_0259.png"; bbox 0 0 4492 6859; ppageno 0'>
   <div class='ocr_carea' id='block_1_1' title="bbox 317 609 427 695">
    <p class='ocr_par' dir='ltr' id='par_1_1' title="bbox 317 609 427 695">
     <span class='ocr_line' id='line_1_1' title="bbox 317 609 427 695; baseline 0 -22"><span class='ocrx_word' id='word_1_1' title='bbox 317 609 427 695; x_wconf 81' lang='lat' dir='ltr'><strong>(eros)</strong></span> 
     </span>
    </p>
   </div>
   <div class='ocr_carea' id='block_1_2' title="bbox 316 749 1108 932">
    <p class='ocr_par' dir='ltr' id='par_1_2' title="bbox 316 749 1108 932">
     <span class='ocr_line' id='line_1_2' title="bbox 318 749 1108 836; baseline 0.022 -28"><span class='ocrx_word' id='word_1_2' title='bbox 318 749 389 828; x_wconf 82' lang='lat' dir='ltr'><strong>ipsis</strong></span> <span class='ocrx_word' id='word_1_3' title='bbox 407 766 459 829; x_wconf 88' lang='lat' dir='ltr'><strong>per</strong></span> <span class='ocrx_word' id='word_1_4' title='bbox 477 749 589 811; x_wconf 88' lang='lat' dir='ltr'><strong>accium</strong></span> <span class='ocrx_word' id='word_1_5' title='bbox 620 768 717 814; x_wconf 72' lang='lat' dir='ltr'><strong>mum</strong></span> <span class='ocrx_word' id='word_1_6' title='bbox 743 756 920 836; x_wconf 85' lang='lat' dir='ltr'><strong>signideeto,</strong></span> <span class='ocrx_word' id='word_1_7' title='bbox 943 759 979 821; x_wconf 89' lang='lat' dir='ltr'><strong>D.</strong></span> <span class='ocrx_word' id='word_1_8' title='bbox 1004 760 1108 824; x_wconf 81' lang='lat' dir='ltr'><strong>Socim</strong></span> 
     </span>
     <span class='ocr_line' id='line_1_3' title="bbox 316 847 1107 932; baseline 0.02 -25"><span class='ocrx_word' id='word_1_9' title='bbox 316 849 462 909; x_wconf 68' lang='lat' dir='ltr'><strong>&amp;amacii</strong></span> <span class='ocrx_word' id='word_1_10' title='bbox 477 847 587 912; x_wconf 84' lang='lat' dir='ltr'><strong>crater</strong></span> <span class='ocrx_word' id='word_1_11' title='bbox 613 851 747 917; x_wconf 82' lang='lat' dir='ltr'><strong>Smcnsis</strong></span> <span class='ocrx_word' id='word_1_12' title='bbox 760 860 898 932; x_wconf 62' lang='lat' dir='ltr'><strong>meam,</strong></span> <span class='ocrx_word' id='word_1_13' title='bbox 922 870 952 921; x_wconf 88' lang='lat' dir='ltr'><strong>et</strong></span> <span class='ocrx_word' id='word_1_14' title='bbox 977 860 1107 922; x_wconf 80' lang='lat' dir='ltr'><strong>Dominis</strong></span> 
     </span>
    </p>
   </div>
   <div class='ocr_carea' id='block_1_3' title="bbox 788 618 1961 698">
    <p class='ocr_par' dir='ltr' id='par_1_3' title="bbox 788 618 1961 698">
     <span class='ocr_line' id='line_1_4' title="bbox 788 618 1961 698; baseline 0.015 -18"><span class='ocrx_word' id='word_1_15' title='bbox 788 618 1073 689; x_wconf 76' lang='lat' dir='ltr'><strong>uouttulcuttts</strong></span> <span class='ocrx_word' id='word_1_16' title='bbox 1094 623 1319 689; x_wconf 78' lang='lat' dir='ltr'><strong>ttuxeuuttl</strong></span> <span class='ocrx_word' id='word_1_17' title='bbox 1340 626 1468 690; x_wconf 82' lang='lat' dir='ltr'><strong>SEXTl.</strong></span> <span class='ocrx_word' id='word_1_18' title='bbox 1899 637 1961 698; x_wconf 72' lang='lat' dir='ltr'><strong>Edi</strong></span> 
     </span>
    </p>
   </div>
   <div class='ocr_carea' id='block_1_4' title="bbox 1176 764 1964 936">
    <p class='ocr_par' dir='ltr' id='par_1_4' title="bbox 1176 764 1964 936">
     <span class='ocr_line' id='line_1_5' title="bbox 1180 764 1963 853; baseline 0.014 -30"><span class='ocrx_word' id='word_1_19' title='bbox 1180 765 1252 824; x_wconf 81' lang='lat' dir='ltr'><strong>nesti</strong></span> <span class='ocrx_word' id='word_1_20' title='bbox 1272 764 1390 825; x_wconf 83' lang='lat' dir='ltr'><strong>itaeruut</strong></span> <span class='ocrx_word' id='word_1_21' title='bbox 1414 764 1474 825; x_wconf 75' lang='lat' dir='ltr'><strong>tta</strong></span> <span class='ocrx_word' id='word_1_22' title='bbox 1498 766 1542 827; x_wconf 82' lang='lat' dir='ltr'><strong>rel</strong></span> <span class='ocrx_word' id='word_1_23' title='bbox 1559 766 1662 841; x_wconf 90' lang='lat' dir='ltr'><strong>circe,</strong></span> <span class='ocrx_word' id='word_1_24' title='bbox 1683 779 1713 830; x_wconf 90' lang='lat' dir='ltr'><strong>et</strong></span> <span class='ocrx_word' id='word_1_25' title='bbox 1729 771 1827 832; x_wconf 89' lang='lat' dir='ltr'><strong>nullus</strong></span> <span class='ocrx_word' id='word_1_26' title='bbox 1845 774 1963 853; x_wconf 88' lang='lat' dir='ltr'><strong>praelu-</strong></span> 
     </span>
     <span class='ocr_line' id='line_1_6' title="bbox 1176 862 1964 936; baseline 0.016 -15"><span class='ocrx_word' id='word_1_27' title='bbox 1176 872 1234 922; x_wconf 90' lang='lat' dir='ltr'><strong>tus.</strong></span> <span class='ocrx_word' id='word_1_28' title='bbox 1255 862 1346 924; x_wconf 81' lang='lat' dir='ltr'><strong>Primi</strong></span> <span class='ocrx_word' id='word_1_29' title='bbox 1367 864 1489 926; x_wconf 84' lang='lat' dir='ltr'><strong>luerunt</strong></span> <span class='ocrx_word' id='word_1_30' title='bbox 1511 866 1616 929; x_wconf 85' lang='lat' dir='ltr'><strong>iratres</strong></span> <span class='ocrx_word' id='word_1_31' title='bbox 1643 866 1804 931; x_wconf 86' lang='lat' dir='ltr'><strong>Cardiualis</strong></span> <span class='ocrx_word' id='word_1_32' title='bbox 1826 870 1964 936; x_wconf 87' lang='lat' dir='ltr'><strong>deiuncti.</strong></span> 
     </span>
    </p>
   </div>
   <div class='ocr_carea' id='block_1_5' title="bbox 316 948 1188 1027">
    <p class='ocr_par' dir='ltr' id='par_1_5' title="bbox 316 948 1188 1027">
     <span class='ocr_line' id='line_1_7' title="bbox 316 948 1188 1027; baseline 0.021 -18"><span class='ocrx_word' id='word_1_33' title='bbox 316 948 500 1011; x_wconf 80' lang='lat' dir='ltr'><strong>benevenuto</strong></span> <span class='ocrx_word' id='word_1_34' title='bbox 517 961 546 1012; x_wconf 90' lang='lat' dir='ltr'><strong>et</strong></span> <span class='ocrx_word' id='word_1_35' title='bbox 565 948 718 1016; x_wconf 73' lang='lat' dir='ltr'><strong>hanrico</strong></span> <span class='ocrx_word' id='word_1_36' title='bbox 739 954 916 1020; x_wconf 72' lang='lat' dir='ltr'><strong>Oratoribus</strong></span> <span class='ocrx_word' id='word_1_37' title='bbox 936 959 1106 1025; x_wconf 83' lang='lat' dir='ltr'><strong>hioutieler·</strong></span> <span class='ocrx_word' id='word_1_38' title='bbox 1176 1016 1188 1027; x_wconf 93' lang='lat'>.</span> 
     </span>
    </p>
   </div>
   <div class='ocr_carea' id='block_1_6' title="bbox 317 1049 1104 1223">
    <p class='ocr_par' dir='ltr' id='par_1_6' title="bbox 317 1049 1104 1223">
     <span class='ocr_line' id='line_1_8' title="bbox 317 1049 1101 1138; baseline 0.02 -31"><span class='ocrx_word' id='word_1_39' title='bbox 317 1050 376 1108; x_wconf 87' lang='lat' dir='ltr'><strong>ruti</strong></span> <span class='ocrx_word' id='word_1_40' title='bbox 390 1050 487 1110; x_wconf 91' lang='lat' dir='ltr'><strong>locum</strong></span> <span class='ocrx_word' id='word_1_41' title='bbox 512 1049 607 1125; x_wconf 81' lang='lat' dir='ltr'><strong>dedit,</strong></span> <span class='ocrx_word' id='word_1_42' title='bbox 626 1056 678 1132; x_wconf 93' lang='lat' dir='ltr'><strong>qui</strong></span> <span class='ocrx_word' id='word_1_43' title='bbox 694 1055 731 1115; x_wconf 86' lang='lat' dir='ltr'><strong>n.</strong></span> <span class='ocrx_word' id='word_1_44' title='bbox 761 1056 930 1138; x_wconf 79' lang='lat' dir='ltr'><strong>Philippum</strong></span> <span class='ocrx_word' id='word_1_45' title='bbox 948 1060 1101 1123; x_wconf 83' lang='lat' dir='ltr'><strong>Valerium</strong></span> 
     </span>
     <span class='ocr_line' id='line_1_9' title="bbox 317 1144 1104 1223; baseline 0.015 -16"><span class='ocrx_word' id='word_1_46' title='bbox 317 1144 474 1210; x_wconf 86' lang='lat' dir='ltr'><strong>Oratorem</strong></span> <span class='ocrx_word' id='word_1_47' title='bbox 505 1150 706 1214; x_wconf 80' lang='lat' dir='ltr'><strong>Florentinum</strong></span> <span class='ocrx_word' id='word_1_48' title='bbox 729 1157 855 1219; x_wconf 87' lang='lat' dir='ltr'><strong>medium</strong></span> <span class='ocrx_word' id='word_1_49' title='bbox 878 1160 953 1222; x_wconf 91' lang='lat' dir='ltr'><strong>iuter</strong></span> <span class='ocrx_word' id='word_1_50' title='bbox 972 1180 1003 1221; x_wconf 86' lang='lat' dir='ltr'><strong>ac</strong></span> <span class='ocrx_word' id='word_1_51' title='bbox 1022 1162 1104 1223; x_wconf 89' lang='lat' dir='ltr'><strong>reci-</strong></span> 
     </span>
    </p>
   </div>
   <div class='ocr_carea' id='block_1_7' title="bbox 310 1250 1105 2432">
    <p class='ocr_par' dir='ltr' id='par_1_7' title="bbox 314 1250 1105 1818">
     <span class='ocr_line' id='line_1_10' title="bbox 315 1250 1103 1327; baseline 0.016 -18"><span class='ocrx_word' id='word_1_52' title='bbox 315 1251 423 1327; x_wconf 88' lang='lat' dir='ltr'><strong>pientes</strong></span> <span class='ocrx_word' id='word_1_53' title='bbox 454 1267 522 1309; x_wconf 89' lang='lat' dir='ltr'><strong>cum</strong></span> <span class='ocrx_word' id='word_1_54' title='bbox 543 1251 607 1312; x_wconf 90' lang='lat' dir='ltr'><strong>ullis</strong></span> <span class='ocrx_word' id='word_1_55' title='bbox 626 1250 803 1317; x_wconf 77' lang='lat' dir='ltr'><strong>Oratoribus</strong></span> <span class='ocrx_word' id='word_1_56' title='bbox 824 1259 905 1318; x_wconf 89' lang='lat' dir='ltr'><strong>laicis</strong></span> <span class='ocrx_word' id='word_1_57' title='bbox 926 1278 980 1321; x_wconf 94' lang='lat' dir='ltr'><strong>suo</strong></span> <span class='ocrx_word' id='word_1_58' title='bbox 1000 1260 1103 1323; x_wconf 89' lang='lat' dir='ltr'><strong>ordine</strong></span> 
     </span>
     <span class='ocr_line' id='line_1_11' title="bbox 316 1350 1105 1433; baseline 0.018 -24"><span class='ocrx_word' id='word_1_59' title='bbox 316 1350 506 1428; x_wconf 78' lang='lat' dir='ltr'><strong>equitaruu13</strong></span> <span class='ocrx_word' id='word_1_60' title='bbox 527 1352 676 1433; x_wconf 88' lang='lat' dir='ltr'><strong>episcopus</strong></span> <span class='ocrx_word' id='word_1_61' title='bbox 692 1374 764 1418; x_wconf 83' lang='lat' dir='ltr'><strong>aero</strong></span> <span class='ocrx_word' id='word_1_62' title='bbox 778 1357 906 1419; x_wconf 75' lang='lat' dir='ltr'><strong>Alituum</strong></span> <span class='ocrx_word' id='word_1_63' title='bbox 919 1378 1022 1421; x_wconf 89' lang='lat' dir='ltr'><strong>eorum</strong></span> <span class='ocrx_word' id='word_1_64' title='bbox 1042 1364 1105 1424; x_wconf 92' lang='lat' dir='ltr'><strong>col·</strong></span> 
     </span>
     <span class='ocr_line' id='line_1_12' title="bbox 315 1448 1103 1542; baseline 0.022 -35"><span class='ocrx_word' id='word_1_65' title='bbox 315 1448 381 1528; x_wconf 90' lang='lat' dir='ltr'><strong>lege</strong></span> <span class='ocrx_word' id='word_1_66' title='bbox 395 1449 538 1528; x_wconf 74' lang='lat' dir='ltr'><strong>equitavit</strong></span> <span class='ocrx_word' id='word_1_67' title='bbox 560 1452 633 1513; x_wconf 85' lang='lat' dir='ltr'><strong>iuter</strong></span> <span class='ocrx_word' id='word_1_68' title='bbox 652 1455 796 1533; x_wconf 87' lang='lat' dir='ltr'><strong>praelatos</strong></span> <span class='ocrx_word' id='word_1_69' title='bbox 815 1457 843 1517; x_wconf 93' lang='lat' dir='ltr'><strong>iu</strong></span> <span class='ocrx_word' id='word_1_70' title='bbox 859 1459 923 1521; x_wconf 93' lang='lat' dir='ltr'><strong>loco</strong></span> <span class='ocrx_word' id='word_1_71' title='bbox 938 1478 1002 1521; x_wconf 91' lang='lat' dir='ltr'><strong>suo.</strong></span> <span class='ocrx_word' id='word_1_72' title='bbox 1023 1460 1103 1542; x_wconf 85' lang='lat' dir='ltr'><strong>Cap·</strong></span> 
     </span>
     <span class='ocr_line' id='line_1_13' title="bbox 315 1547 1101 1630; baseline 0.02 -23"><span class='ocrx_word' id='word_1_73' title='bbox 315 1548 424 1627; x_wconf 88' lang='lat' dir='ltr'><strong>pellum</strong></span> <span class='ocrx_word' id='word_1_74' title='bbox 451 1547 545 1628; x_wconf 85' lang='lat' dir='ltr'><strong>Papae</strong></span> <span class='ocrx_word' id='word_1_75' title='bbox 569 1554 697 1630; x_wconf 83' lang='lat' dir='ltr'><strong>portarit</strong></span> <span class='ocrx_word' id='word_1_76' title='bbox 724 1555 761 1614; x_wconf 88' lang='lat' dir='ltr'><strong>i).</strong></span> <span class='ocrx_word' id='word_1_77' title='bbox 780 1556 886 1618; x_wconf 87' lang='lat' dir='ltr'><strong>Caesar</strong></span> <span class='ocrx_word' id='word_1_78' title='bbox 904 1558 940 1620; x_wconf 91' lang='lat' dir='ltr'><strong>de</strong></span> <span class='ocrx_word' id='word_1_79' title='bbox 966 1559 1101 1622; x_wconf 64' lang='lat' dir='ltr'><strong>neena</strong></span> 
     </span>
     <span class='ocr_line' id='line_1_14' title="bbox 315 1646 1104 1737; baseline 0.022 -31"><span class='ocrx_word' id='word_1_80' title='bbox 315 1646 397 1709; x_wconf 87' lang='lat' dir='ltr'><strong>deliis</strong></span> <span class='ocrx_word' id='word_1_81' title='bbox 413 1647 557 1710; x_wconf 84' lang='lat' dir='ltr'><strong>Soldanus</strong></span> <span class='ocrx_word' id='word_1_82' title='bbox 575 1669 610 1711; x_wconf 80' lang='lat' dir='ltr'><strong>ex</strong></span> <span class='ocrx_word' id='word_1_83' title='bbox 628 1670 743 1714; x_wconf 84' lang='lat' dir='ltr'><strong>cautere</strong></span> <span class='ocrx_word' id='word_1_84' title='bbox 762 1654 856 1737; x_wconf 84' lang='lat' dir='ltr'><strong>Papae</strong></span> <span class='ocrx_word' id='word_1_85' title='bbox 866 1679 878 1732; x_wconf 79' lang='lat'>3</span> <span class='ocrx_word' id='word_1_86' title='bbox 897 1669 926 1721; x_wconf 88' lang='lat' dir='ltr'><strong>et</strong></span> <span class='ocrx_word' id='word_1_87' title='bbox 944 1659 999 1719; x_wconf 93' lang='lat' dir='ltr'><strong>alia</strong></span> <span class='ocrx_word' id='word_1_88' title='bbox 1021 1678 1104 1723; x_wconf 86' lang='lat' dir='ltr'><strong>mora</strong></span> 
     </span>
     <span class='ocr_line' id='line_1_15' title="bbox 314 1750 409 1818; baseline 0 -8"><span class='ocrx_word' id='word_1_89' title='bbox 314 1750 409 1818; x_wconf 87' lang='lat' dir='ltr'><strong>solito.</strong></span> 
     </span>
    </p>

    <p class='ocr_par' dir='ltr' id='par_1_8' title="bbox 310 1850 1102 2432">
     <span class='ocr_line' id='line_1_16' title="bbox 354 1850 1100 1930; baseline 0.017 -19"><span class='ocrx_word' id='word_1_90' title='bbox 354 1850 439 1911; x_wconf 84' lang='lat' dir='ltr'><strong>Feria</strong></span> <span class='ocrx_word' id='word_1_91' title='bbox 465 1851 601 1926; x_wconf 88' lang='lat' dir='ltr'><strong>secunda,</strong></span> <span class='ocrx_word' id='word_1_92' title='bbox 621 1872 663 1914; x_wconf 86' lang='lat' dir='ltr'><strong>rua</strong></span> <span class='ocrx_word' id='word_1_93' title='bbox 687 1856 795 1930; x_wconf 88' lang='lat' dir='ltr'><strong>martii,</strong></span> <span class='ocrx_word' id='word_1_94' title='bbox 809 1857 838 1917; x_wconf 90' lang='lat' dir='ltr'><strong>in</strong></span> <span class='ocrx_word' id='word_1_95' title='bbox 853 1858 977 1921; x_wconf 83' lang='lat' dir='ltr'><strong>Basilica</strong></span> <span class='ocrx_word' id='word_1_96' title='bbox 998 1860 1100 1924; x_wconf 86' lang='lat' dir='ltr'><strong>Sancti</strong></span> 
     </span>
     <span class='ocr_line' id='line_1_17' title="bbox 313 1948 1102 2034; baseline 0.023 -26"><span class='ocrx_word' id='word_1_97' title='bbox 313 1948 393 2009; x_wconf 82' lang='lat' dir='ltr'><strong>Petri</strong></span> <span class='ocrx_word' id='word_1_98' title='bbox 408 1994 417 2023; x_wconf 95' lang='lat'><strong>,</strong></span> <span class='ocrx_word' id='word_1_99' title='bbox 434 1951 547 2013; x_wconf 89' lang='lat' dir='ltr'><strong>habitae</strong></span> <span class='ocrx_word' id='word_1_100' title='bbox 575 1964 645 2014; x_wconf 90' lang='lat' dir='ltr'><strong>suut</strong></span> <span class='ocrx_word' id='word_1_101' title='bbox 673 1957 808 2034; x_wconf 83' lang='lat' dir='ltr'><strong>exequiae</strong></span> <span class='ocrx_word' id='word_1_102' title='bbox 833 1958 924 2021; x_wconf 90' lang='lat' dir='ltr'><strong>houee</strong></span> <span class='ocrx_word' id='word_1_103' title='bbox 944 1962 1102 2026; x_wconf 87' lang='lat' dir='ltr'><strong>memoriae</strong></span> 
     </span>
     <span class='ocr_line' id='line_1_18' title="bbox 311 2046 1100 2137; baseline 0.02 -29"><span class='ocrx_word' id='word_1_104' title='bbox 311 2046 470 2111; x_wconf 84' lang='lat' dir='ltr'><strong>Cardiuelia</strong></span> <span class='ocrx_word' id='word_1_105' title='bbox 480 2052 646 2126; x_wconf 80' lang='lat' dir='ltr'><strong>aleriensis,</strong></span> <span class='ocrx_word' id='word_1_106' title='bbox 659 2056 768 2135; x_wconf 89' lang='lat' dir='ltr'><strong>paretis</strong></span> <span class='ocrx_word' id='word_1_107' title='bbox 780 2057 863 2137; x_wconf 88' lang='lat' dir='ltr'><strong>prius</strong></span> <span class='ocrx_word' id='word_1_108' title='bbox 881 2070 977 2122; x_wconf 89' lang='lat' dir='ltr'><strong>castro</strong></span> <span class='ocrx_word' id='word_1_109' title='bbox 991 2061 1100 2124; x_wconf 89' lang='lat' dir='ltr'><strong>doloris</strong></span> 
     </span>
     <span class='ocr_line' id='line_1_19' title="bbox 313 2148 1098 2243; baseline 0.02 -35"><span class='ocrx_word' id='word_1_110' title='bbox 313 2159 344 2209; x_wconf 90' lang='lat' dir='ltr'><strong>et</strong></span> <span class='ocrx_word' id='word_1_111' title='bbox 357 2148 419 2209; x_wconf 86' lang='lat' dir='ltr'><strong>aliis</strong></span> <span class='ocrx_word' id='word_1_112' title='bbox 433 2161 488 2212; x_wconf 88' lang='lat' dir='ltr'><strong>etc.</strong></span> <span class='ocrx_word' id='word_1_113' title='bbox 495 2148 602 2214; x_wconf 89' lang='lat' dir='ltr'><strong>Omnia</strong></span> <span class='ocrx_word' id='word_1_114' title='bbox 616 2153 768 2216; x_wconf 82' lang='lat' dir='ltr'><strong>observata</strong></span> <span class='ocrx_word' id='word_1_115' title='bbox 783 2176 864 2222; x_wconf 89' lang='lat' dir='ltr'><strong>more</strong></span> <span class='ocrx_word' id='word_1_116' title='bbox 878 2160 1098 2243; x_wconf 82' lang='lat' dir='ltr'><strong>solito,exceptc</strong></span> 
     </span>
     <span class='ocr_line' id='line_1_20' title="bbox 310 2249 1097 2338; baseline 0.022 -31"><span class='ocrx_word' id='word_1_117' title='bbox 310 2249 390 2325; x_wconf 88' lang='lat' dir='ltr'><strong>quod</strong></span> <span class='ocrx_word' id='word_1_118' title='bbox 408 2252 544 2330; x_wconf 78' lang='lat' dir='ltr'><strong>exequiae</strong></span> <span class='ocrx_word' id='word_1_119' title='bbox 572 2249 739 2328; x_wconf 84' lang='lat' dir='ltr'><strong>hujusmodl</strong></span> <span class='ocrx_word' id='word_1_120' title='bbox 757 2274 814 2318; x_wconf 91' lang='lat' dir='ltr'><strong>nou</strong></span> <span class='ocrx_word' id='word_1_121' title='bbox 831 2277 883 2338; x_wconf 88' lang='lat' dir='ltr'><strong>per</strong></span> <span class='ocrx_word' id='word_1_122' title='bbox 908 2278 1012 2322; x_wconf 83' lang='lat' dir='ltr'><strong>uorem</strong></span> <span class='ocrx_word' id='word_1_123' title='bbox 1027 2261 1097 2337; x_wconf 87' lang='lat' dir='ltr'><strong>dies,</strong></span> 
     </span>
     <span class='ocr_line' id='line_1_21' title="bbox 311 2347 1098 2432; baseline 0.02 -26"><span class='ocrx_word' id='word_1_124' title='bbox 311 2357 402 2425; x_wconf 88' lang='lat' dir='ltr'><strong>prout</strong></span> <span class='ocrx_word' id='word_1_125' title='bbox 430 2347 492 2410; x_wconf 85' lang='lat' dir='ltr'><strong>beri</strong></span> <span class='ocrx_word' id='word_1_126' title='bbox 518 2351 610 2412; x_wconf 88' lang='lat' dir='ltr'><strong>solent</strong></span> <span class='ocrx_word' id='word_1_127' title='bbox 628 2371 683 2431; x_wconf 86' lang='lat' dir='ltr'><strong>pto</strong></span> <span class='ocrx_word' id='word_1_128' title='bbox 710 2353 928 2432; x_wconf 72' lang='lat' dir='ltr'><strong>cardinalibus,</strong></span> <span class='ocrx_word' id='word_1_129' title='bbox 945 2359 994 2420; x_wconf 90' lang='lat' dir='ltr'><strong>aed</strong></span> <span class='ocrx_word' id='word_1_130' title='bbox 1014 2360 1098 2423; x_wconf 90' lang='lat' dir='ltr'><strong>bodie</strong></span> 
     </span>
    </p>
   </div>
   <div class='ocr_carea' id='block_1_8' title="bbox 309 2451 1100 2543">
    <p class='ocr_par' dir='ltr' id='par_1_9' title="bbox 309 2451 1100 2543">
     <span class='ocr_line' id='line_1_22' title="bbox 309 2451 1100 2543; baseline 0.019 -36"><span class='ocrx_word' id='word_1_131' title='bbox 309 2456 425 2509; x_wconf 92' lang='lat' dir='ltr'><strong>tautum</strong></span> <span class='ocrx_word' id='word_1_132' title='bbox 444 2461 565 2531; x_wconf 87' lang='lat' dir='ltr'><strong>propter</strong></span> <span class='ocrx_word' id='word_1_133' title='bbox 584 2451 711 2515; x_wconf 79' lang='lat' dir='ltr'><strong>defuncti</strong></span> <span class='ocrx_word' id='word_1_134' title='bbox 730 2468 930 2535; x_wconf 85' lang='lat' dir='ltr'><strong>paupertatem</strong></span> <span class='ocrx_word' id='word_1_135' title='bbox 952 2457 1007 2543; x_wconf 82' lang='lat' dir='ltr'><strong>(l).</strong></span> <span class='ocrx_word' id='word_1_136' title='bbox 1035 2462 1100 2522; x_wconf 87' lang='lat' dir='ltr'><strong>Eu·</strong></span> 
     </span>
    </p>
   </div>
   <div class='ocr_carea' id='block_1_9' title="bbox 295 2662 1099 5737">
    <p class='ocr_par' dir='ltr' id='par_1_10' title="bbox 303 2662 1099 4153">
     <span class='ocr_line' id='line_1_23' title="bbox 350 2662 1098 2728; baseline 0.017 -15"><span class='ocrx_word' id='word_1_137' title='bbox 350 2664 388 2723; x_wconf 81' lang='lat' dir='ltr'><strong>(tl</strong></span> <span class='ocrx_word' id='word_1_138' title='bbox 403 2662 439 2714; x_wconf 85' lang='lat' dir='ltr'><strong>De</strong></span> <span class='ocrx_word' id='word_1_139' title='bbox 454 2664 592 2717; x_wconf 82' lang='lat' dir='ltr'><strong>Cardiuete</strong></span> <span class='ocrx_word' id='word_1_140' title='bbox 603 2667 743 2728; x_wconf 78' lang='lat' dir='ltr'><strong>hierleual,</strong></span> <span class='ocrx_word' id='word_1_141' title='bbox 756 2670 831 2720; x_wconf 87' lang='lat' dir='ltr'><strong>idest</strong></span> <span class='ocrx_word' id='word_1_142' title='bbox 842 2670 875 2721; x_wconf 86' lang='lat' dir='ltr'><strong>de</strong></span> <span class='ocrx_word' id='word_1_143' title='bbox 886 2672 1011 2725; x_wconf 82' lang='lat' dir='ltr'><strong>hrdlcino</strong></span> <span class='ocrx_word' id='word_1_144' title='bbox 1024 2674 1063 2726; x_wconf 90' lang='lat' dir='ltr'><strong>De</strong></span> <span class='ocrx_word' id='word_1_145' title='bbox 1074 2678 1098 2725; x_wconf 88' lang='lat' dir='ltr'><strong>la</strong></span> 
     </span>
     <span class='ocr_line' id='line_1_24' title="bbox 310 2739 1098 2807; baseline 0.018 -17"><span class='ocrx_word' id='word_1_146' title='bbox 310 2739 387 2792; x_wconf 79' lang='lat' dir='ltr'><strong>l’orta</strong></span> <span class='ocrx_word' id='word_1_147' title='bbox 404 2745 491 2807; x_wconf 90' lang='lat' dir='ltr'><strong>aliqua</strong></span> <span class='ocrx_word' id='word_1_148' title='bbox 507 2757 532 2807; x_wconf 88' lang='lat' dir='ltr'><strong>p.</strong></span> <span class='ocrx_word' id='word_1_149' title='bbox 550 2750 602 2797; x_wconf 86' lang='lat' dir='ltr'><strong>itt.</strong></span> <span class='ocrx_word' id='word_1_150' title='bbox 619 2746 837 2800; x_wconf 81' lang='lat' dir='ltr'><strong>dixiliurchardi</strong></span> <span class='ocrx_word' id='word_1_151' title='bbox 849 2751 938 2801; x_wconf 84' lang='lat' dir='ltr'><strong>verbis</strong></span> <span class='ocrx_word' id='word_1_152' title='bbox 950 2752 1098 2804; x_wconf 87' lang='lat' dir='ltr'><strong>addendum</strong></span> 
     </span>
     <span class='ocr_line' id='line_1_25' title="bbox 309 2818 1099 2890; baseline 0.018 -20"><span class='ocrx_word' id='word_1_153' title='bbox 309 2834 452 2884; x_wconf 89' lang='lat' dir='ltr'><strong>pauperem</strong></span> <span class='ocrx_word' id='word_1_154' title='bbox 471 2818 486 2874; x_wconf 85' lang='lat' dir='ltr'><strong>e</strong></span> <span class='ocrx_word' id='word_1_155' title='bbox 502 2826 570 2875; x_wconf 85' lang='lat' dir='ltr'><strong>alais</strong></span> <span class='ocrx_word' id='word_1_156' title='bbox 589 2827 852 2890; x_wconf 88' lang='lat' dir='ltr'><strong>mlgraase,pccunla</strong></span> <span class='ocrx_word' id='word_1_157' title='bbox 868 2830 996 2883; x_wconf 82' lang='lat' dir='ltr'><strong>universe</strong></span> <span class='ocrx_word' id='word_1_158' title='bbox 1013 2834 1039 2883; x_wconf 92' lang='lat' dir='ltr'><strong>tn</strong></span> <span class='ocrx_word' id='word_1_159' title='bbox 1052 2834 1099 2884; x_wconf 89' lang='lat' dir='ltr'><strong>bs·</strong></span> 
     </span>
     <span class='ocr_line' id='line_1_26' title="bbox 309 2901 1099 2967; baseline 0.016 -18"><span class='ocrx_word' id='word_1_160' title='bbox 309 2901 423 2951; x_wconf 89' lang='lat' dir='ltr'><strong>nelactls</strong></span> <span class='ocrx_word' id='word_1_161' title='bbox 440 2901 567 2953; x_wconf 87' lang='lat' dir='ltr'><strong>adbibita.</strong></span> <span class='ocrx_word' id='word_1_162' title='bbox 583 2904 693 2967; x_wconf 87' lang='lat' dir='ltr'><strong>Saepius</strong></span> <span class='ocrx_word' id='word_1_163' title='bbox 710 2905 774 2956; x_wconf 88' lang='lat' dir='ltr'><strong>adiit</strong></span> <span class='ocrx_word' id='word_1_164' title='bbox 791 2907 972 2960; x_wconf 89' lang='lat' dir='ltr'><strong>innocentium</strong></span> <span class='ocrx_word' id='word_1_165' title='bbox 993 2910 1099 2962; x_wconf 83' lang='lat' dir='ltr'><strong>l’entih·</strong></span> 
     </span>
     <span class='ocr_line' id='line_1_27' title="bbox 308 2981 1099 3053; baseline 0.019 -26"><span class='ocrx_word' id='word_1_166' title='bbox 308 2988 383 3037; x_wconf 89' lang='lat' dir='ltr'><strong>cem,</strong></span> <span class='ocrx_word' id='word_1_167' title='bbox 399 2993 413 3028; x_wconf 91' lang='lat' dir='ltr'><strong>a</strong></span> <span class='ocrx_word' id='word_1_168' title='bbox 429 2981 556 3043; x_wconf 88' lang='lat' dir='ltr'><strong>dignitate</strong></span> <span class='ocrx_word' id='word_1_169' title='bbox 581 2982 632 3033; x_wconf 84' lang='lat' dir='ltr'><strong>albi</strong></span> <span class='ocrx_word' id='word_1_170' title='bbox 654 2984 742 3035; x_wconf 88' lang='lat' dir='ltr'><strong>delata</strong></span> <span class='ocrx_word' id='word_1_171' title='bbox 759 2986 913 3039; x_wconf 86' lang='lat' dir='ltr'><strong>missionem</strong></span> <span class='ocrx_word' id='word_1_172' title='bbox 939 2990 1099 3053; x_wconf 87' lang='lat' dir='ltr'><strong>impetratu·</strong></span> 
     </span>
     <span class='ocr_line' id='line_1_28' title="bbox 308 3063 1096 3131; baseline 0.02 -26"><span class='ocrx_word' id='word_1_173' title='bbox 308 3069 370 3115; x_wconf 89' lang='lat' dir='ltr'><strong>rua,</strong></span> <span class='ocrx_word' id='word_1_174' title='bbox 385 3063 414 3108; x_wconf 90' lang='lat' dir='ltr'><strong>ut</strong></span> <span class='ocrx_word' id='word_1_175' title='bbox 430 3071 573 3122; x_wconf 85' lang='lat' dir='ltr'><strong>purpuram</strong></span> <span class='ocrx_word' id='word_1_176' title='bbox 590 3074 650 3111; x_wconf 92' lang='lat' dir='ltr'><strong>cum</strong></span> <span class='ocrx_word' id='word_1_177' title='bbox 667 3067 744 3113; x_wconf 84' lang='lat' dir='ltr'><strong>reste</strong></span> <span class='ocrx_word' id='word_1_178' title='bbox 761 3067 891 3116; x_wconf 90' lang='lat' dir='ltr'><strong>monacall</strong></span> <span class='ocrx_word' id='word_1_179' title='bbox 902 3074 1096 3131; x_wconf 68' lang='lat' dir='ltr'><strong>commutaretc</strong></span> 
     </span>
     <span class='ocr_line' id='line_1_29' title="bbox 308 3136 1097 3200; baseline 0.02 -16"><span class='ocrx_word' id='word_1_180' title='bbox 308 3136 379 3198; x_wconf 90' lang='lat' dir='ltr'><strong>quod</strong></span> <span class='ocrx_word' id='word_1_181' title='bbox 405 3139 512 3188; x_wconf 89' lang='lat' dir='ltr'><strong>taudem</strong></span> <span class='ocrx_word' id='word_1_182' title='bbox 538 3139 667 3198; x_wconf 84' lang='lat' dir='ltr'><strong>obtinuit,</strong></span> <span class='ocrx_word' id='word_1_183' title='bbox 689 3146 716 3192; x_wconf 93' lang='lat' dir='ltr'><strong>et</strong></span> <span class='ocrx_word' id='word_1_184' title='bbox 739 3144 828 3193; x_wconf 88' lang='lat' dir='ltr'><strong>statim</strong></span> <span class='ocrx_word' id='word_1_185' title='bbox 853 3146 922 3196; x_wconf 88' lang='lat' dir='ltr'><strong>lactc</strong></span> <span class='ocrx_word' id='word_1_186' title='bbox 949 3148 1036 3198; x_wconf 90' lang='lat' dir='ltr'><strong>animo</strong></span> <span class='ocrx_word' id='word_1_187' title='bbox 1064 3150 1097 3200; x_wconf 90' lang='lat' dir='ltr'><strong>ab</strong></span> 
     </span>
     <span class='ocr_line' id='line_1_30' title="bbox 309 3213 1097 3293; baseline 0.023 -30"><span class='ocrx_word' id='word_1_188' title='bbox 309 3213 377 3266; x_wconf 87' lang='lat' dir='ltr'><strong>ltrbe</strong></span> <span class='ocrx_word' id='word_1_189' title='bbox 401 3217 541 3277; x_wconf 87' lang='lat' dir='ltr'><strong>discessit,</strong></span> <span class='ocrx_word' id='word_1_190' title='bbox 563 3219 774 3285; x_wconf 78' lang='lat' dir='ltr'><strong>coenobiumque</strong></span> <span class='ocrx_word' id='word_1_191' title='bbox 798 3226 1003 3288; x_wconf 88' lang='lat' dir='ltr'><strong>monachorum,</strong></span> <span class='ocrx_word' id='word_1_192' title='bbox 1029 3243 1097 3293; x_wconf 89' lang='lat' dir='ltr'><strong>qnos</strong></span> 
     </span>
     <span class='ocr_line' id='line_1_31' title="bbox 308 3294 1097 3368; baseline 0.02 -25"><span class='ocrx_word' id='word_1_193' title='bbox 308 3294 403 3345; x_wconf 90' lang='lat' dir='ltr'><strong>lloutts</strong></span> <span class='ocrx_word' id='word_1_194' title='bbox 420 3297 514 3347; x_wconf 83' lang='lat' dir='ltr'><strong>oliveti</strong></span> <span class='ocrx_word' id='word_1_195' title='bbox 531 3300 682 3362; x_wconf 90' lang='lat' dir='ltr'><strong>appellant,</strong></span> <span class='ocrx_word' id='word_1_196' title='bbox 693 3313 778 3364; x_wconf 89' lang='lat' dir='ltr'><strong>propa</strong></span> <span class='ocrx_word' id='word_1_197' title='bbox 794 3303 876 3354; x_wconf 84' lang='lat' dir='ltr'><strong>senaa</strong></span> <span class='ocrx_word' id='word_1_198' title='bbox 895 3305 1030 3368; x_wconf 87' lang='lat' dir='ltr'><strong>ingressus</strong></span> <span class='ocrx_word' id='word_1_199' title='bbox 1047 3313 1097 3361; x_wconf 89' lang='lat' dir='ltr'><strong>est.</strong></span> 
     </span>
     <span class='ocr_line' id='line_1_32' title="bbox 307 3372 1096 3453; baseline 0.024 -31"><span class='ocrx_word' id='word_1_200' title='bbox 307 3372 356 3423; x_wconf 86' lang='lat' dir='ltr'><strong>sed</strong></span> <span class='ocrx_word' id='word_1_201' title='bbox 372 3374 548 3428; x_wconf 72' lang='lat' dir='ltr'><strong>cardinalium</strong></span> <span class='ocrx_word' id='word_1_202' title='bbox 565 3380 703 3443; x_wconf 74' lang='lat' dir='ltr'><strong>collegium</strong></span> <span class='ocrx_word' id='word_1_203' title='bbox 719 3381 816 3434; x_wconf 89' lang='lat' dir='ltr'><strong>acerbe</strong></span> <span class='ocrx_word' id='word_1_204' title='bbox 832 3384 1001 3449; x_wconf 82' lang='lat' dir='ltr'><strong>inclamavit,</strong></span> <span class='ocrx_word' id='word_1_205' title='bbox 1017 3388 1096 3453; x_wconf 85' lang='lat' dir='ltr'><strong>idque</strong></span> 
     </span>
     <span class='ocr_line' id='line_1_33' title="bbox 307 3454 1097 3531; baseline 0.022 -29"><span class='ocrx_word' id='word_1_206' title='bbox 307 3466 386 3516; x_wconf 83' lang='lat' dir='ltr'><strong>posse</strong></span> <span class='ocrx_word' id='word_1_207' title='bbox 402 3454 459 3505; x_wconf 89' lang='lat' dir='ltr'><strong>tlerl</strong></span> <span class='ocrx_word' id='word_1_208' title='bbox 476 3455 576 3520; x_wconf 91' lang='lat' dir='ltr'><strong>absque</strong></span> <span class='ocrx_word' id='word_1_209' title='bbox 603 3459 707 3511; x_wconf 87' lang='lat' dir='ltr'><strong>Ordinis</strong></span> <span class='ocrx_word' id='word_1_210' title='bbox 728 3465 886 3514; x_wconf 89' lang='lat' dir='ltr'><strong>auctoritate</strong></span> <span class='ocrx_word' id='word_1_211' title='bbox 903 3467 1002 3518; x_wconf 90' lang='lat' dir='ltr'><strong>acriter</strong></span> <span class='ocrx_word' id='word_1_212' title='bbox 1017 3480 1097 3531; x_wconf 84' lang='lat' dir='ltr'><strong>nega·</strong></span> 
     </span>
     <span class='ocr_line' id='line_1_34' title="bbox 307 3536 1095 3605; baseline 0.019 -20"><span class='ocrx_word' id='word_1_213' title='bbox 307 3539 353 3586; x_wconf 85' lang='lat' dir='ltr'><strong>rit.</strong></span> <span class='ocrx_word' id='word_1_214' title='bbox 371 3536 409 3587; x_wconf 83' lang='lat' dir='ltr'><strong>Ex</strong></span> <span class='ocrx_word' id='word_1_215' title='bbox 426 3550 477 3601; x_wconf 93' lang='lat' dir='ltr'><strong>quo</strong></span> <span class='ocrx_word' id='word_1_216' title='bbox 493 3540 662 3591; x_wconf 75' lang='lat' dir='ltr'><strong>innocentius</strong></span> <span class='ocrx_word' id='word_1_217' title='bbox 676 3544 772 3605; x_wconf 91' lang='lat' dir='ltr'><strong>,quasi</strong></span> <span class='ocrx_word' id='word_1_218' title='bbox 787 3549 913 3604; x_wconf 90' lang='lat' dir='ltr'><strong>coactns,</strong></span> <span class='ocrx_word' id='word_1_219' title='bbox 929 3544 1095 3600; x_wconf 86' lang='lat' dir='ltr'><strong>Cardtnatem</strong></span> 
     </span>
     <span class='ocr_line' id='line_1_35' title="bbox 305 3616 1094 3691; baseline 0.015 -24"><span class='ocrx_word' id='word_1_220' title='bbox 305 3616 459 3668; x_wconf 87' lang='lat' dir='ltr'><strong>ilonachum</strong></span> <span class='ocrx_word' id='word_1_221' title='bbox 484 3630 499 3667; x_wconf 91' lang='lat' dir='ltr'><strong>e</strong></span> <span class='ocrx_word' id='word_1_222' title='bbox 522 3619 625 3669; x_wconf 82' lang='lat' dir='ltr'><strong>clausio</strong></span> <span class='ocrx_word' id='word_1_223' title='bbox 649 3624 795 3672; x_wconf 79' lang='lat' dir='ltr'><strong>revocavit.</strong></span> <span class='ocrx_word' id='word_1_224' title='bbox 812 3623 965 3684; x_wconf 80' lang='lat' dir='ltr'><strong>hrdlclnus,</strong></span> <span class='ocrx_word' id='word_1_225' title='bbox 983 3628 1094 3691; x_wconf 90' lang='lat' dir='ltr'><strong>epistola</strong></span> 
     </span>
     <span class='ocr_line' id='line_1_36' title="bbox 308 3698 1093 3763; baseline 0.017 -19"><span class='ocrx_word' id='word_1_226' title='bbox 308 3708 359 3745; x_wconf 91' lang='lat' dir='ltr'><strong>non</strong></span> <span class='ocrx_word' id='word_1_227' title='bbox 377 3698 526 3761; x_wconf 89' lang='lat' dir='ltr'><strong>inelegantl,</strong></span> <span class='ocrx_word' id='word_1_228' title='bbox 542 3711 571 3749; x_wconf 92' lang='lat' dir='ltr'><strong>ae</strong></span> <span class='ocrx_word' id='word_1_229' title='bbox 588 3702 742 3760; x_wconf 82' lang='lat' dir='ltr'><strong>excusavit,</strong></span> <span class='ocrx_word' id='word_1_230' title='bbox 759 3705 785 3752; x_wconf 90' lang='lat' dir='ltr'><strong>et</strong></span> <span class='ocrx_word' id='word_1_231' title='bbox 798 3703 830 3754; x_wconf 89' lang='lat' dir='ltr'><strong>de</strong></span> <span class='ocrx_word' id='word_1_232' title='bbox 843 3706 900 3763; x_wconf 83' lang='lat' dir='ltr'><strong>jure</strong></span> <span class='ocrx_word' id='word_1_233' title='bbox 917 3704 1093 3757; x_wconf 88' lang='lat' dir='ltr'><strong>Cerdlnalinm</strong></span> 
     </span>
     <span class='ocr_line' id='line_1_37' title="bbox 310 3776 1095 3837; baseline 0.017 -14"><span class='ocrx_word' id='word_1_234' title='bbox 310 3787 391 3837; x_wconf 89' lang='lat' dir='ltr'><strong>aupcr</strong></span> <span class='ocrx_word' id='word_1_235' title='bbox 407 3777 457 3827; x_wconf 93' lang='lat' dir='ltr'><strong>bec</strong></span> <span class='ocrx_word' id='word_1_236' title='bbox 473 3789 503 3826; x_wconf 91' lang='lat' dir='ltr'><strong>re</strong></span> <span class='ocrx_word' id='word_1_237' title='bbox 520 3776 663 3837; x_wconf 88' lang='lat' dir='ltr'><strong>disseruit,</strong></span> <span class='ocrx_word' id='word_1_238' title='bbox 674 3784 702 3829; x_wconf 91' lang='lat' dir='ltr'><strong>ut</strong></span> <span class='ocrx_word' id='word_1_239' title='bbox 718 3779 868 3832; x_wconf 82' lang='lat' dir='ltr'><strong>Pontlhcem</strong></span> <span class='ocrx_word' id='word_1_240' title='bbox 885 3781 918 3832; x_wconf 92' lang='lat' dir='ltr'><strong>de</strong></span> <span class='ocrx_word' id='word_1_241' title='bbox 935 3788 1034 3835; x_wconf 85' lang='lat' dir='ltr'><strong>recenti</strong></span> <span class='ocrx_word' id='word_1_242' title='bbox 1046 3786 1095 3835; x_wconf 89' lang='lat' dir='ltr'><strong>de·</strong></span> 
     </span>
     <span class='ocr_line' id='line_1_38' title="bbox 309 3855 1094 3925; baseline 0.013 -21"><span class='ocrx_word' id='word_1_243' title='bbox 309 3855 464 3906; x_wconf 77' lang='lat' dir='ltr'><strong>liberatione</strong></span> <span class='ocrx_word' id='word_1_244' title='bbox 481 3863 641 3908; x_wconf 79' lang='lat' dir='ltr'><strong>removeret.</strong></span> <span class='ocrx_word' id='word_1_245' title='bbox 655 3859 706 3909; x_wconf 83' lang='lat' dir='ltr'><strong>Sed</strong></span> <span class='ocrx_word' id='word_1_246' title='bbox 721 3860 829 3911; x_wconf 84' lang='lat' dir='ltr'><strong>trustra.</strong></span> <span class='ocrx_word' id='word_1_247' title='bbox 844 3864 1029 3925; x_wconf 83' lang='lat' dir='ltr'><strong>Quapropter,</strong></span> <span class='ocrx_word' id='word_1_248' title='bbox 1045 3862 1094 3914; x_wconf 91' lang='lat' dir='ltr'><strong>llr·</strong></span> 
     </span>
     <span class='ocr_line' id='line_1_39' title="bbox 304 3934 1092 3996; baseline 0.014 -14"><span class='ocrx_word' id='word_1_249' title='bbox 304 3934 366 3983; x_wconf 88' lang='lat' dir='ltr'><strong>hcm</strong></span> <span class='ocrx_word' id='word_1_250' title='bbox 382 3938 523 3996; x_wconf 87' lang='lat' dir='ltr'><strong>repetens,</strong></span> <span class='ocrx_word' id='word_1_251' title='bbox 538 3935 611 3984; x_wconf 86' lang='lat' dir='ltr'><strong>Sacri</strong></span> <span class='ocrx_word' id='word_1_252' title='bbox 628 3936 738 3987; x_wconf 80' lang='lat' dir='ltr'><strong>sanetum</strong></span> <span class='ocrx_word' id='word_1_253' title='bbox 755 3949 883 3989; x_wconf 83' lang='lat' dir='ltr'><strong>censurae</strong></span> <span class='ocrx_word' id='word_1_254' title='bbox 899 3940 1042 3992; x_wconf 87' lang='lat' dir='ltr'><strong>humillime</strong></span> <span class='ocrx_word' id='word_1_255' title='bbox 1064 3957 1092 3996; x_wconf 89' lang='lat' dir='ltr'><strong>se</strong></span> 
     </span>
     <span class='ocr_line' id='line_1_40' title="bbox 303 4010 1092 4081; baseline 0.014 -20"><span class='ocrx_word' id='word_1_256' title='bbox 303 4012 425 4074; x_wconf 82' lang='lat' dir='ltr'><strong>subjecit.</strong></span> <span class='ocrx_word' id='word_1_257' title='bbox 442 4010 593 4074; x_wconf 80' lang='lat' dir='ltr'><strong>Epistulam,</strong></span> <span class='ocrx_word' id='word_1_258' title='bbox 604 4013 638 4063; x_wconf 88' lang='lat' dir='ltr'><strong>de</strong></span> <span class='ocrx_word' id='word_1_259' title='bbox 650 4013 781 4065; x_wconf 78' lang='lat' dir='ltr'><strong>l’ontttlcis</strong></span> <span class='ocrx_word' id='word_1_260' title='bbox 798 4021 824 4066; x_wconf 92' lang='lat' dir='ltr'><strong>et</strong></span> <span class='ocrx_word' id='word_1_261' title='bbox 840 4014 1016 4068; x_wconf 85' lang='lat' dir='ltr'><strong>Cardinatlum</strong></span> <span class='ocrx_word' id='word_1_262' title='bbox 1031 4021 1092 4081; x_wconf 78' lang='lat' dir='ltr'><strong>lure</strong></span> 
     </span>
     <span class='ocr_line' id='line_1_41' title="bbox 305 4090 1040 4153; baseline 0.011 -15"><span class='ocrx_word' id='word_1_263' title='bbox 305 4101 388 4151; x_wconf 87' lang='lat' dir='ltr'><strong>super</strong></span> <span class='ocrx_word' id='word_1_264' title='bbox 405 4102 434 4139; x_wconf 88' lang='lat' dir='ltr'><strong>re</strong></span> <span class='ocrx_word' id='word_1_265' title='bbox 450 4090 641 4153; x_wconf 86' lang='lat' dir='ltr'><strong>disputantem,</strong></span> <span class='ocrx_word' id='word_1_266' title='bbox 657 4094 770 4143; x_wconf 90' lang='lat' dir='ltr'><strong>recitare</strong></span> <span class='ocrx_word' id='word_1_267' title='bbox 786 4105 838 4143; x_wconf 91' lang='lat' dir='ltr'><strong>nou</strong></span> <span class='ocrx_word' id='word_1_268' title='bbox 854 4095 965 4145; x_wconf 88' lang='lat' dir='ltr'><strong>otiosum</strong></span> <span class='ocrx_word' id='word_1_269' title='bbox 982 4098 1040 4147; x_wconf 91' lang='lat' dir='ltr'><strong>erit.</strong></span> 
     </span>
    </p>

    <p class='ocr_par' dir='ltr' id='par_1_11' title="bbox 295 4169 1092 5737">
     <span class='ocr_line' id='line_1_42' title="bbox 349 4169 1092 4237; baseline 0.013 -19"><span class='ocrx_word' id='word_1_270' title='bbox 349 4190 360 4211; x_wconf 89' lang='lat'><strong>·</strong></span> <span class='ocrx_word' id='word_1_271' title='bbox 378 4170 532 4219; x_wconf 81' lang='lat' dir='ltr'><strong>Beatissimo</strong></span> <span class='ocrx_word' id='word_1_272' title='bbox 548 4169 633 4220; x_wconf 84' lang='lat' dir='ltr'><strong>l’ater.</strong></span> <span class='ocrx_word' id='word_1_273' title='bbox 654 4172 748 4222; x_wconf 77' lang='lat' dir='ltr'><strong>Attulit</strong></span> <span class='ocrx_word' id='word_1_274' title='bbox 765 4172 828 4222; x_wconf 89' lang='lat' dir='ltr'><strong>mihi</strong></span> <span class='ocrx_word' id='word_1_275' title='bbox 849 4176 971 4237; x_wconf 82' lang='lat' dir='ltr'><strong>uagieter</strong></span> <span class='ocrx_word' id='word_1_276' title='bbox 990 4176 1092 4228; x_wconf 82' lang='lat' dir='ltr'><strong>Gratia·</strong></span> 
     </span>
     <span class='ocr_line' id='line_1_43' title="bbox 303 4247 1090 4319; baseline 0.013 -21"><span class='ocrx_word' id='word_1_277' title='bbox 303 4261 354 4298; x_wconf 92' lang='lat' dir='ltr'><strong>nua</strong></span> <span class='ocrx_word' id='word_1_278' title='bbox 370 4249 402 4298; x_wconf 91' lang='lat' dir='ltr'><strong>de</strong></span> <span class='ocrx_word' id='word_1_279' title='bbox 419 4247 572 4301; x_wconf 78' lang='lat' dir='ltr'><strong>villaticae</strong></span> <span class='ocrx_word' id='word_1_280' title='bbox 589 4249 675 4300; x_wconf 82' lang='lat' dir='ltr'><strong>Breve</strong></span> <span class='ocrx_word' id='word_1_281' title='bbox 690 4250 843 4302; x_wconf 84' lang='lat' dir='ltr'><strong>Sanctltetis</strong></span> <span class='ocrx_word' id='word_1_282' title='bbox 864 4256 994 4316; x_wconf 83' lang='lat' dir='ltr'><strong>Vestrae,</strong></span> <span class='ocrx_word' id='word_1_283' title='bbox 1014 4258 1090 4319; x_wconf 77' lang='lat' dir='ltr'><strong>culus</strong></span> 
     </span>
     <span class='ocr_line' id='line_1_44' title="bbox 301 4330 1089 4395; baseline 0.01 -17"><span class='ocrx_word' id='word_1_284' title='bbox 301 4331 415 4379; x_wconf 85' lang='lat' dir='ltr'><strong>tectione</strong></span> <span class='ocrx_word' id='word_1_285' title='bbox 431 4333 561 4379; x_wconf 88' lang='lat' dir='ltr'><strong>commata</strong></span> <span class='ocrx_word' id='word_1_286' title='bbox 577 4332 639 4379; x_wconf 93' lang='lat' dir='ltr'><strong>sunt</strong></span> <span class='ocrx_word' id='word_1_287' title='bbox 654 4330 741 4381; x_wconf 90' lang='lat' dir='ltr'><strong>omnia</strong></span> <span class='ocrx_word' id='word_1_288' title='bbox 759 4333 862 4383; x_wconf 81' lang='lat' dir='ltr'><strong>viscera</strong></span> <span class='ocrx_word' id='word_1_289' title='bbox 878 4342 946 4395; x_wconf 91' lang='lat' dir='ltr'><strong>mea,</strong></span> <span class='ocrx_word' id='word_1_290' title='bbox 957 4335 1089 4386; x_wconf 86' lang='lat' dir='ltr'><strong>intellecta</strong></span> 
     </span>
     <span class='ocr_line' id='line_1_45' title="bbox 301 4408 1087 4474; baseline 0.009 -16"><span class='ocrx_word' id='word_1_291' title='bbox 301 4408 504 4471; x_wconf 86' lang='lat' dir='ltr'><strong>perturbatione</strong></span> <span class='ocrx_word' id='word_1_292' title='bbox 532 4411 627 4459; x_wconf 88' lang='lat' dir='ltr'><strong>mentia</strong></span> <span class='ocrx_word' id='word_1_293' title='bbox 644 4411 794 4461; x_wconf 87' lang='lat' dir='ltr'><strong>Sanctltetts</strong></span> <span class='ocrx_word' id='word_1_294' title='bbox 810 4410 937 4474; x_wconf 83' lang='lat' dir='ltr'><strong>Vestrae,</strong></span> <span class='ocrx_word' id='word_1_295' title='bbox 964 4415 992 4465; x_wconf 89' lang='lat' dir='ltr'><strong>et</strong></span> <span class='ocrx_word' id='word_1_296' title='bbox 1017 4415 1087 4465; x_wconf 89' lang='lat' dir='ltr'><strong>Sacrl</strong></span> 
     </span>
     <span class='ocr_line' id='line_1_46' title="bbox 300 4486 1089 4543; baseline 0.009 -7"><span class='ocrx_word' id='word_1_297' title='bbox 300 4487 410 4538; x_wconf 80' lang='lat' dir='ltr'><strong>Senatm</strong></span> <span class='ocrx_word' id='word_1_298' title='bbox 421 4486 710 4538; x_wconf 80' lang='lat' dir='ltr'><strong>hevereudlsalmorum</strong></span> <span class='ocrx_word' id='word_1_299' title='bbox 720 4487 889 4542; x_wconf 82' lang='lat' dir='ltr'><strong>caminorum</strong></span> <span class='ocrx_word' id='word_1_300' title='bbox 900 4502 1017 4541; x_wconf 87' lang='lat' dir='ltr'><strong>meorum</strong></span> <span class='ocrx_word' id='word_1_301' title='bbox 1026 4492 1089 4543; x_wconf 83' lang='lat' dir='ltr'><strong>San·</strong></span> 
     </span>
     <span class='ocr_line' id='line_1_47' title="bbox 300 4565 1087 4630; baseline 0.008 -15"><span class='ocrx_word' id='word_1_302' title='bbox 300 4569 360 4616; x_wconf 86' lang='lat' dir='ltr'><strong>ctae</strong></span> <span class='ocrx_word' id='word_1_303' title='bbox 375 4568 404 4617; x_wconf 87' lang='lat' dir='ltr'><strong>lt.</strong></span> <span class='ocrx_word' id='word_1_304' title='bbox 420 4565 449 4616; x_wconf 92' lang='lat' dir='ltr'><strong>E.</strong></span> <span class='ocrx_word' id='word_1_305' title='bbox 465 4565 653 4623; x_wconf 87' lang='lat' dir='ltr'><strong>cardinalium,</strong></span> <span class='ocrx_word' id='word_1_306' title='bbox 664 4570 720 4617; x_wconf 91' lang='lat' dir='ltr'><strong>tum</strong></span> <span class='ocrx_word' id='word_1_307' title='bbox 732 4569 809 4617; x_wconf 88' lang='lat' dir='ltr'><strong>etiam</strong></span> <span class='ocrx_word' id='word_1_308' title='bbox 826 4568 897 4630; x_wconf 88' lang='lat' dir='ltr'><strong>quad</strong></span> <span class='ocrx_word' id='word_1_309' title='bbox 914 4570 1087 4621; x_wconf 78' lang='lat' dir='ltr'><strong>animadverti</strong></span> 
     </span>
     <span class='ocr_line' id='line_1_48' title="bbox 300 4644 1089 4710; baseline 0.01 -19"><span class='ocrx_word' id='word_1_310' title='bbox 300 4645 471 4705; x_wconf 79' lang='lat' dir='ltr'><strong>interpretari</strong></span> <span class='ocrx_word' id='word_1_311' title='bbox 487 4645 513 4693; x_wconf 93' lang='lat' dir='ltr'><strong>tn</strong></span> <span class='ocrx_word' id='word_1_312' title='bbox 530 4644 666 4694; x_wconf 86' lang='lat' dir='ltr'><strong>sinistram</strong></span> <span class='ocrx_word' id='word_1_313' title='bbox 682 4648 803 4707; x_wconf 90' lang='lat' dir='ltr'><strong>partem,</strong></span> <span class='ocrx_word' id='word_1_314' title='bbox 819 4658 886 4708; x_wconf 89' lang='lat' dir='ltr'><strong>quae</strong></span> <span class='ocrx_word' id='word_1_315' title='bbox 903 4659 955 4696; x_wconf 88' lang='lat' dir='ltr'><strong>uon</strong></span> <span class='ocrx_word' id='word_1_316' title='bbox 972 4651 1089 4710; x_wconf 87' lang='lat' dir='ltr'><strong>temere,</strong></span> 
     </span>
     <span class='ocr_line' id='line_1_49' title="bbox 302 4722 1088 4788; baseline 0.009 -18"><span class='ocrx_word' id='word_1_317' title='bbox 302 4734 354 4771; x_wconf 91' lang='lat' dir='ltr'><strong>non</strong></span> <span class='ocrx_word' id='word_1_318' title='bbox 382 4722 486 4781; x_wconf 78' lang='lat' dir='ltr'><strong>leviter,</strong></span> <span class='ocrx_word' id='word_1_319' title='bbox 507 4735 560 4772; x_wconf 89' lang='lat' dir='ltr'><strong>uon</strong></span> <span class='ocrx_word' id='word_1_320' title='bbox 577 4728 707 4786; x_wconf 87' lang='lat' dir='ltr'><strong>repente,</strong></span> <span class='ocrx_word' id='word_1_321' title='bbox 724 4725 772 4774; x_wconf 90' lang='lat' dir='ltr'><strong>aed</strong></span> <span class='ocrx_word' id='word_1_322' title='bbox 787 4726 909 4775; x_wconf 88' lang='lat' dir='ltr'><strong>consulto</strong></span> <span class='ocrx_word' id='word_1_323' title='bbox 925 4726 1088 4788; x_wconf 83' lang='lat' dir='ltr'><strong>deliberavi,</strong></span> 
     </span>
     <span class='ocr_line' id='line_1_50' title="bbox 300 4800 1088 4858; baseline 0.01 -8"><span class='ocrx_word' id='word_1_324' title='bbox 300 4800 372 4850; x_wconf 91' lang='lat' dir='ltr'><strong>circa</strong></span> <span class='ocrx_word' id='word_1_325' title='bbox 390 4804 459 4853; x_wconf 84' lang='lat' dir='ltr'><strong>vitae</strong></span> <span class='ocrx_word' id='word_1_326' title='bbox 477 4815 550 4853; x_wconf 87' lang='lat' dir='ltr'><strong>meac</strong></span> <span class='ocrx_word' id='word_1_327' title='bbox 568 4806 653 4853; x_wconf 86' lang='lat' dir='ltr'><strong>status</strong></span> <span class='ocrx_word' id='word_1_328' title='bbox 670 4804 851 4854; x_wconf 82' lang='lat' dir='ltr'><strong>mutationem.</strong></span> <span class='ocrx_word' id='word_1_329' title='bbox 867 4804 926 4858; x_wconf 83' lang='lat' dir='ltr'><strong>lion</strong></span> <span class='ocrx_word' id='word_1_330' title='bbox 942 4811 983 4857; x_wconf 89' lang='lat' dir='ltr'><strong>est</strong></span> <span class='ocrx_word' id='word_1_331' title='bbox 995 4808 1088 4858; x_wconf 90' lang='lat' dir='ltr'><strong>imme·</strong></span> 
     </span>
     <span class='ocr_line' id='line_1_51' title="bbox 299 4880 1087 4949; baseline 0.013 -21"><span class='ocrx_word' id='word_1_332' title='bbox 299 4890 359 4929; x_wconf 88' lang='lat' dir='ltr'><strong>mor</strong></span> <span class='ocrx_word' id='word_1_333' title='bbox 374 4880 503 4930; x_wconf 80' lang='lat' dir='ltr'><strong>Sanctitas</strong></span> <span class='ocrx_word' id='word_1_334' title='bbox 520 4880 624 4939; x_wconf 85' lang='lat' dir='ltr'><strong>Vestra,</strong></span> <span class='ocrx_word' id='word_1_335' title='bbox 641 4884 760 4949; x_wconf 82' lang='lat' dir='ltr'><strong>quoties,</strong></span> <span class='ocrx_word' id='word_1_336' title='bbox 777 4885 863 4945; x_wconf 90' lang='lat' dir='ltr'><strong>primo</strong></span> <span class='ocrx_word' id='word_1_337' title='bbox 879 4898 948 4936; x_wconf 89' lang='lat' dir='ltr'><strong>anuo</strong></span> <span class='ocrx_word' id='word_1_338' title='bbox 964 4898 1029 4937; x_wconf 87' lang='lat' dir='ltr'><strong>auae</strong></span> <span class='ocrx_word' id='word_1_339' title='bbox 1050 4887 1087 4937; x_wconf 91' lang='lat' dir='ltr'><strong>le·</strong></span> 
     </span>
     <span class='ocr_line' id='line_1_52' title="bbox 299 4958 1086 5027; baseline 0.013 -22"><span class='ocrx_word' id='word_1_340' title='bbox 299 4958 444 5010; x_wconf 88' lang='lat' dir='ltr'><strong>licissimae</strong></span> <span class='ocrx_word' id='word_1_341' title='bbox 470 4960 503 5009; x_wconf 90' lang='lat' dir='ltr'><strong>ad</strong></span> <span class='ocrx_word' id='word_1_342' title='bbox 531 4962 713 5023; x_wconf 82' lang='lat' dir='ltr'><strong>apostolatum</strong></span> <span class='ocrx_word' id='word_1_343' title='bbox 746 4965 955 5026; x_wconf 86' lang='lat' dir='ltr'><strong>assumptionis,</strong></span> <span class='ocrx_word' id='word_1_344' title='bbox 981 4965 1086 5027; x_wconf 84' lang='lat' dir='ltr'><strong>pulsari</strong></span> 
     </span>
     <span class='ocr_line' id='line_1_53' title="bbox 300 5038 1086 5102; baseline 0.006 -14"><span class='ocrx_word' id='word_1_345' title='bbox 300 5051 378 5090; x_wconf 89' lang='lat' dir='ltr'><strong>aures</strong></span> <span class='ocrx_word' id='word_1_346' title='bbox 390 5050 465 5096; x_wconf 87' lang='lat' dir='ltr'><strong>aues,</strong></span> <span class='ocrx_word' id='word_1_347' title='bbox 483 5042 511 5088; x_wconf 93' lang='lat' dir='ltr'><strong>ut</strong></span> <span class='ocrx_word' id='word_1_348' title='bbox 527 5039 651 5088; x_wconf 84' lang='lat' dir='ltr'><strong>assentiri</strong></span> <span class='ocrx_word' id='word_1_349' title='bbox 668 5038 820 5102; x_wconf 77' lang='lat' dir='ltr'><strong>dignaretur</strong></span> <span class='ocrx_word' id='word_1_350' title='bbox 837 5042 940 5092; x_wconf 86' lang='lat' dir='ltr'><strong>ardenti</strong></span> <span class='ocrx_word' id='word_1_351' title='bbox 954 5043 1086 5094; x_wconf 89' lang='lat' dir='ltr'><strong>desiderio</strong></span> 
     </span>
     <span class='ocr_line' id='line_1_54' title="bbox 299 5116 1087 5183; baseline 0.008 -16"><span class='ocrx_word' id='word_1_352' title='bbox 299 5131 375 5177; x_wconf 89' lang='lat' dir='ltr'><strong>meo,</strong></span> <span class='ocrx_word' id='word_1_353' title='bbox 390 5129 443 5180; x_wconf 91' lang='lat' dir='ltr'><strong>quo</strong></span> <span class='ocrx_word' id='word_1_354' title='bbox 460 5116 587 5177; x_wconf 88' lang='lat' dir='ltr'><strong>tenebar,</strong></span> <span class='ocrx_word' id='word_1_355' title='bbox 604 5118 696 5167; x_wconf 84' lang='lat' dir='ltr'><strong>maed</strong></span> <span class='ocrx_word' id='word_1_356' title='bbox 713 5119 859 5181; x_wconf 89' lang='lat' dir='ltr'><strong>regularem</strong></span> <span class='ocrx_word' id='word_1_357' title='bbox 876 5122 955 5171; x_wconf 83' lang='lat' dir='ltr'><strong>ritem</strong></span> <span class='ocrx_word' id='word_1_358' title='bbox 969 5158 978 5183; x_wconf 90' lang='lat'>‚</span> <span class='ocrx_word' id='word_1_359' title='bbox 994 5124 1020 5173; x_wconf 95' lang='lat' dir='ltr'><strong>in</strong></span> <span class='ocrx_word' id='word_1_360' title='bbox 1037 5123 1087 5172; x_wconf 88' lang='lat' dir='ltr'><strong>ali·</strong></span> 
     </span>
     <span class='ocr_line' id='line_1_55' title="bbox 299 5196 1086 5265; baseline 0.008 -18"><span class='ocrx_word' id='word_1_361' title='bbox 299 5210 351 5260; x_wconf 91' lang='lat' dir='ltr'><strong>qua</strong></span> <span class='ocrx_word' id='word_1_362' title='bbox 378 5196 503 5258; x_wconf 88' lang='lat' dir='ltr'><strong>religione</strong></span> <span class='ocrx_word' id='word_1_363' title='bbox 530 5196 699 5247; x_wconf 85' lang='lat' dir='ltr'><strong>trasterendl.</strong></span> <span class='ocrx_word' id='word_1_364' title='bbox 724 5198 801 5258; x_wconf 91' lang='lat' dir='ltr'><strong>Quod</strong></span> <span class='ocrx_word' id='word_1_365' title='bbox 821 5212 901 5262; x_wconf 90' lang='lat' dir='ltr'><strong>quum</strong></span> <span class='ocrx_word' id='word_1_366' title='bbox 929 5200 1086 5265; x_wconf 71' lang='lat' dir='ltr'><strong>denegasset</strong></span> 
     </span>
     <span class='ocr_line' id='line_1_56' title="bbox 298 5273 1086 5341; baseline 0.006 -17"><span class='ocrx_word' id='word_1_367' title='bbox 298 5274 428 5324; x_wconf 78' lang='lat' dir='ltr'><strong>sauctitas</strong></span> <span class='ocrx_word' id='word_1_368' title='bbox 449 5273 555 5333; x_wconf 85' lang='lat' dir='ltr'><strong>Vestra,</strong></span> <span class='ocrx_word' id='word_1_369' title='bbox 577 5274 750 5336; x_wconf 90' lang='lat' dir='ltr'><strong>sequentibus</strong></span> <span class='ocrx_word' id='word_1_370' title='bbox 776 5279 849 5328; x_wconf 91' lang='lat' dir='ltr'><strong>anuis</strong></span> <span class='ocrx_word' id='word_1_371' title='bbox 871 5278 897 5327; x_wconf 91' lang='lat' dir='ltr'><strong>td</strong></span> <span class='ocrx_word' id='word_1_372' title='bbox 913 5279 1019 5341; x_wconf 85' lang='lat' dir='ltr'><strong>saepius</strong></span> <span class='ocrx_word' id='word_1_373' title='bbox 1042 5292 1086 5329; x_wconf 90' lang='lat' dir='ltr'><strong>re·</strong></span> 
     </span>
     <span class='ocr_line' id='line_1_57' title="bbox 298 5353 1085 5418; baseline 0.008 -16"><span class='ocrx_word' id='word_1_374' title='bbox 298 5354 382 5415; x_wconf 90' lang='lat' dir='ltr'><strong>petil,</strong></span> <span class='ocrx_word' id='word_1_375' title='bbox 407 5354 487 5402; x_wconf 91' lang='lat' dir='ltr'><strong>etlam</strong></span> <span class='ocrx_word' id='word_1_376' title='bbox 514 5364 573 5402; x_wconf 90' lang='lat' dir='ltr'><strong>cum</strong></span> <span class='ocrx_word' id='word_1_377' title='bbox 600 5353 778 5416; x_wconf 77' lang='lat' dir='ltr'><strong>lacrymarum</strong></span> <span class='ocrx_word' id='word_1_378' title='bbox 807 5354 951 5415; x_wconf 79' lang='lat' dir='ltr'><strong>eliuaicne;</strong></span> <span class='ocrx_word' id='word_1_379' title='bbox 981 5357 1085 5418; x_wconf 87' lang='lat' dir='ltr'><strong>teteor,</strong></span> 
     </span>
     <span class='ocr_line' id='line_1_58' title="bbox 297 5431 1086 5499; baseline 0.008 -18"><span class='ocrx_word' id='word_1_380' title='bbox 297 5431 370 5495; x_wconf 86' lang='lat' dir='ltr'><strong>quod</strong></span> <span class='ocrx_word' id='word_1_381' title='bbox 384 5432 514 5482; x_wconf 84' lang='lat' dir='ltr'><strong>sauctitas</strong></span> <span class='ocrx_word' id='word_1_382' title='bbox 530 5433 625 5482; x_wconf 85' lang='lat' dir='ltr'><strong>vestra</strong></span> <span class='ocrx_word' id='word_1_383' title='bbox 642 5436 702 5482; x_wconf 94' lang='lat' dir='ltr'><strong>ente</strong></span> <span class='ocrx_word' id='word_1_384' title='bbox 718 5432 911 5486; x_wconf 85' lang='lat' dir='ltr'><strong>cardinalatum</strong></span> <span class='ocrx_word' id='word_1_385' title='bbox 929 5438 1025 5499; x_wconf 89' lang='lat' dir='ltr'><strong>repulit</strong></span> <span class='ocrx_word' id='word_1_386' title='bbox 1041 5449 1086 5499; x_wconf 89' lang='lat' dir='ltr'><strong>pe·</strong></span> 
     </span>
     <span class='ocr_line' id='line_1_59' title="bbox 297 5512 1083 5576; baseline 0.011 -15"><span class='ocrx_word' id='word_1_387' title='bbox 297 5512 416 5562; x_wconf 89' lang='lat' dir='ltr'><strong>titionem</strong></span> <span class='ocrx_word' id='word_1_388' title='bbox 434 5524 528 5562; x_wconf 88' lang='lat' dir='ltr'><strong>meam.</strong></span> <span class='ocrx_word' id='word_1_389' title='bbox 544 5512 627 5572; x_wconf 91' lang='lat' dir='ltr'><strong>Quum</strong></span> <span class='ocrx_word' id='word_1_390' title='bbox 645 5523 711 5562; x_wconf 85' lang='lat' dir='ltr'><strong>vero</strong></span> <span class='ocrx_word' id='word_1_391' title='bbox 726 5513 807 5563; x_wconf 92' lang='lat' dir='ltr'><strong>etiam</strong></span> <span class='ocrx_word' id='word_1_392' title='bbox 819 5518 879 5576; x_wconf 91' lang='lat' dir='ltr'><strong>post</strong></span> <span class='ocrx_word' id='word_1_393' title='bbox 890 5514 1083 5570; x_wconf 87' lang='lat' dir='ltr'><strong>cardinalatum</strong></span> 
     </span>
     <span class='ocr_line' id='line_1_60' title="bbox 295 5589 1084 5658; baseline 0.009 -20"><span class='ocrx_word' id='word_1_394' title='bbox 295 5589 364 5653; x_wconf 88' lang='lat' dir='ltr'><strong>ignis</strong></span> <span class='ocrx_word' id='word_1_395' title='bbox 379 5591 422 5640; x_wconf 90' lang='lat' dir='ltr'><strong>itte</strong></span> <span class='ocrx_word' id='word_1_396' title='bbox 440 5591 525 5642; x_wconf 86' lang='lat' dir='ltr'><strong>sancti</strong></span> <span class='ocrx_word' id='word_1_397' title='bbox 550 5590 629 5650; x_wconf 88' lang='lat' dir='ltr'><strong>hujus</strong></span> <span class='ocrx_word' id='word_1_398' title='bbox 646 5592 777 5654; x_wconf 87' lang='lat' dir='ltr'><strong>propositi</strong></span> <span class='ocrx_word' id='word_1_399' title='bbox 800 5592 906 5645; x_wconf 89' lang='lat' dir='ltr'><strong>arderet</strong></span> <span class='ocrx_word' id='word_1_400' title='bbox 928 5596 953 5645; x_wconf 93' lang='lat' dir='ltr'><strong>ln</strong></span> <span class='ocrx_word' id='word_1_401' title='bbox 975 5598 1084 5658; x_wconf 89' lang='lat' dir='ltr'><strong>pectore</strong></span> 
     </span>
     <span class='ocr_line' id='line_1_61' title="bbox 297 5671 1082 5737; baseline 0.009 -18"><span class='ocrx_word' id='word_1_402' title='bbox 297 5682 373 5730; x_wconf 90' lang='lat' dir='ltr'><strong>meo,</strong></span> <span class='ocrx_word' id='word_1_403' title='bbox 390 5681 480 5721; x_wconf 88' lang='lat' dir='ltr'><strong>menae</strong></span> <span class='ocrx_word' id='word_1_404' title='bbox 507 5671 589 5733; x_wconf 86' lang='lat' dir='ltr'><strong>hprili</strong></span> <span class='ocrx_word' id='word_1_405' title='bbox 615 5671 735 5733; x_wconf 83' lang='lat' dir='ltr'><strong>proxime</strong></span> <span class='ocrx_word' id='word_1_406' title='bbox 762 5673 863 5735; x_wconf 85' lang='lat' dir='ltr'><strong>elapso,</strong></span> <span class='ocrx_word' id='word_1_407' title='bbox 884 5686 967 5725; x_wconf 82' lang='lat' dir='ltr'><strong>noras</strong></span> <span class='ocrx_word' id='word_1_408' title='bbox 988 5686 1082 5737; x_wconf 81' lang='lat' dir='ltr'><strong>preces</strong></span> 
     </span>
    </p>
   </div>
   <div class='ocr_carea' id='block_1_10' title="bbox 1167 1094 1974 2666">
    <p class='ocr_par' dir='ltr' id='par_1_12' title="bbox 1167 1094 1974 2666">
     <span class='ocr_line' id='line_1_62' title="bbox 1175 1094 1961 1163; baseline 0.019 -18"><span class='ocrx_word' id='word_1_409' title='bbox 1175 1094 1311 1148; x_wconf 88' lang='lat' dir='ltr'><strong>Sanctitati</strong></span> <span class='ocrx_word' id='word_1_410' title='bbox 1328 1097 1454 1160; x_wconf 82' lang='lat' dir='ltr'><strong>Vestrae,</strong></span> <span class='ocrx_word' id='word_1_411' title='bbox 1472 1112 1521 1163; x_wconf 92' lang='lat' dir='ltr'><strong>pro</strong></span> <span class='ocrx_word' id='word_1_412' title='bbox 1538 1113 1568 1151; x_wconf 92' lang='lat' dir='ltr'><strong>ea</strong></span> <span class='ocrx_word' id='word_1_413' title='bbox 1586 1114 1632 1162; x_wconf 86' lang='lat' dir='ltr'><strong>re,</strong></span> <span class='ocrx_word' id='word_1_414' title='bbox 1649 1103 1740 1154; x_wconf 90' lang='lat' dir='ltr'><strong>obtuli.</strong></span> <span class='ocrx_word' id='word_1_415' title='bbox 1765 1105 1895 1156; x_wconf 84' lang='lat' dir='ltr'><strong>Sanctitas</strong></span> <span class='ocrx_word' id='word_1_416' title='bbox 1914 1105 1961 1159; x_wconf 80' lang='lat' dir='ltr'><strong>ve·</strong></span> 
     </span>
     <span class='ocr_line' id='line_1_63' title="bbox 1175 1179 1961 1247; baseline 0.013 -22"><span class='ocrx_word' id='word_1_417' title='bbox 1175 1179 1229 1225; x_wconf 91' lang='lat' dir='ltr'><strong>stre</strong></span> <span class='ocrx_word' id='word_1_418' title='bbox 1252 1181 1313 1239; x_wconf 88' lang='lat' dir='ltr'><strong>past</strong></span> <span class='ocrx_word' id='word_1_419' title='bbox 1334 1179 1430 1228; x_wconf 87' lang='lat' dir='ltr'><strong>multas</strong></span> <span class='ocrx_word' id='word_1_420' title='bbox 1451 1181 1565 1231; x_wconf 85' lang='lat' dir='ltr'><strong>rationes</strong></span> <span class='ocrx_word' id='word_1_421' title='bbox 1586 1185 1679 1231; x_wconf 89' lang='lat' dir='ltr'><strong>cantra</strong></span> <span class='ocrx_word' id='word_1_422' title='bbox 1703 1184 1843 1245; x_wconf 89' lang='lat' dir='ltr'><strong>petitiones</strong></span> <span class='ocrx_word' id='word_1_423' title='bbox 1870 1197 1961 1247; x_wconf 89' lang='lat' dir='ltr'><strong>meas,</strong></span> 
     </span>
     <span class='ocr_line' id='line_1_64' title="bbox 1176 1255 1959 1323; baseline 0.014 -20"><span class='ocrx_word' id='word_1_424' title='bbox 1176 1255 1314 1317; x_wconf 88' lang='lat' dir='ltr'><strong>allegatas,</strong></span> <span class='ocrx_word' id='word_1_425' title='bbox 1332 1257 1437 1307; x_wconf 88' lang='lat' dir='ltr'><strong>landem</strong></span> <span class='ocrx_word' id='word_1_426' title='bbox 1455 1260 1602 1321; x_wconf 82' lang='lat' dir='ltr'><strong>acquievit=</strong></span> <span class='ocrx_word' id='word_1_427' title='bbox 1620 1265 1645 1310; x_wconf 88' lang='lat' dir='ltr'><strong>et</strong></span> <span class='ocrx_word' id='word_1_428' title='bbox 1662 1261 1739 1311; x_wconf 80' lang='lat' dir='ltr'><strong>vivae</strong></span> <span class='ocrx_word' id='word_1_429' title='bbox 1757 1264 1829 1311; x_wconf 84' lang='lat' dir='ltr'><strong>vocis</strong></span> <span class='ocrx_word' id='word_1_430' title='bbox 1845 1264 1959 1323; x_wconf 87' lang='lat' dir='ltr'><strong>oraculo,</strong></span> 
     </span>
     <span class='ocr_line' id='line_1_65' title="bbox 1174 1323 1961 1403; baseline 0.015 -21"><span class='ocrx_word' id='word_1_431' title='bbox 1174 1323 1336 1396; x_wconf 80' lang='lat' dir='ltr'><strong>ingrediendi</strong></span> <span class='ocrx_word' id='word_1_432' title='bbox 1355 1337 1506 1399; x_wconf 86' lang='lat' dir='ltr'><strong>religionem</strong></span> <span class='ocrx_word' id='word_1_433' title='bbox 1525 1338 1588 1387; x_wconf 89' lang='lat' dir='ltr'><strong>mihi</strong></span> <span class='ocrx_word' id='word_1_434' title='bbox 1605 1340 1735 1389; x_wconf 88' lang='lat' dir='ltr'><strong>licentiam</strong></span> <span class='ocrx_word' id='word_1_435' title='bbox 1753 1341 1885 1403; x_wconf 89' lang='lat' dir='ltr'><strong>impartita</strong></span> <span class='ocrx_word' id='word_1_436' title='bbox 1903 1347 1961 1403; x_wconf 90' lang='lat' dir='ltr'><strong>eat,</strong></span> 
     </span>
     <span class='ocr_line' id='line_1_66' title="bbox 1173 1414 1959 1482; baseline 0.015 -21"><span class='ocrx_word' id='word_1_437' title='bbox 1173 1424 1251 1475; x_wconf 91' lang='lat' dir='ltr'><strong>quem</strong></span> <span class='ocrx_word' id='word_1_438' title='bbox 1267 1417 1361 1476; x_wconf 89' lang='lat' dir='ltr'><strong>postea</strong></span> <span class='ocrx_word' id='word_1_439' title='bbox 1378 1428 1427 1477; x_wconf 91' lang='lat' dir='ltr'><strong>per</strong></span> <span class='ocrx_word' id='word_1_440' title='bbox 1443 1414 1509 1466; x_wconf 89' lang='lat' dir='ltr'><strong>duaa</strong></span> <span class='ocrx_word' id='word_1_441' title='bbox 1526 1419 1827 1481; x_wconf 88' lang='lat' dir='ltr'><strong>supplicationes,mauu</strong></span> <span class='ocrx_word' id='word_1_442' title='bbox 1840 1420 1959 1482; x_wconf 75' lang='lat' dir='ltr'><strong>eiusdem</strong></span> 
     </span>
     <span class='ocr_line' id='line_1_67' title="bbox 1172 1492 1959 1561; baseline 0.013 -20"><span class='ocrx_word' id='word_1_443' title='bbox 1172 1492 1322 1561; x_wconf 81' lang='lat' dir='ltr'><strong>Sanctitatla</strong></span> <span class='ocrx_word' id='word_1_444' title='bbox 1338 1492 1446 1545; x_wconf 82' lang='lat' dir='ltr'><strong>Vestrae</strong></span> <span class='ocrx_word' id='word_1_445' title='bbox 1462 1496 1592 1557; x_wconf 81' lang='lat' dir='ltr'><strong>signatas,</strong></span> <span class='ocrx_word' id='word_1_446' title='bbox 1608 1498 1694 1548; x_wconf 92' lang='lat' dir='ltr'><strong>denuo</strong></span> <span class='ocrx_word' id='word_1_447' title='bbox 1711 1501 1853 1549; x_wconf 86' lang='lat' dir='ltr'><strong>concessit.</strong></span> <span class='ocrx_word' id='word_1_448' title='bbox 1863 1499 1959 1551; x_wconf 83' lang='lat' dir='ltr'><strong>Dehinc</strong></span> 
     </span>
     <span class='ocr_line' id='line_1_68' title="bbox 1171 1575 1958 1641; baseline 0.011 -19"><span class='ocrx_word' id='word_1_449' title='bbox 1171 1584 1252 1635; x_wconf 92' lang='lat' dir='ltr'><strong>quum</strong></span> <span class='ocrx_word' id='word_1_450' title='bbox 1278 1575 1501 1636; x_wconf 89' lang='lat' dir='ltr'><strong>appropinquaret</strong></span> <span class='ocrx_word' id='word_1_451' title='bbox 1518 1576 1575 1626; x_wconf 90' lang='lat' dir='ltr'><strong>dies</strong></span> <span class='ocrx_word' id='word_1_452' title='bbox 1593 1589 1735 1637; x_wconf 89' lang='lat' dir='ltr'><strong>recessus,</strong></span> <span class='ocrx_word' id='word_1_453' title='bbox 1755 1580 1818 1641; x_wconf 90' lang='lat' dir='ltr'><strong>petil</strong></span> <span class='ocrx_word' id='word_1_454' title='bbox 1840 1579 1958 1631; x_wconf 87' lang='lat' dir='ltr'><strong>deunce</strong></span> 
     </span>
     <span class='ocr_line' id='line_1_69' title="bbox 1169 1650 1953 1721; baseline 0.011 -22"><span class='ocrx_word' id='word_1_455' title='bbox 1169 1650 1311 1701; x_wconf 88' lang='lat' dir='ltr'><strong>sanctitate</strong></span> <span class='ocrx_word' id='word_1_456' title='bbox 1329 1652 1420 1702; x_wconf 88' lang='lat' dir='ltr'><strong>Vestra</strong></span> <span class='ocrx_word' id='word_1_457' title='bbox 1438 1654 1568 1703; x_wconf 90' lang='lat' dir='ltr'><strong>ilcenttem</strong></span> <span class='ocrx_word' id='word_1_458' title='bbox 1585 1668 1634 1717; x_wconf 90' lang='lat' dir='ltr'><strong>pru</strong></span> <span class='ocrx_word' id='word_1_459' title='bbox 1652 1668 1760 1706; x_wconf 89' lang='lat' dir='ltr'><strong>recessu</strong></span> <span class='ocrx_word' id='word_1_460' title='bbox 1777 1668 1855 1717; x_wconf 90' lang='lat' dir='ltr'><strong>meo,</strong></span> <span class='ocrx_word' id='word_1_461' title='bbox 1874 1670 1953 1721; x_wconf 90' lang='lat' dir='ltr'><strong>quam</strong></span> 
     </span>
     <span class='ocr_line' id='line_1_70' title="bbox 1170 1728 1959 1798; baseline 0.013 -21"><span class='ocrx_word' id='word_1_462' title='bbox 1170 1728 1298 1779; x_wconf 84' lang='lat' dir='ltr'><strong>Sanctitas</strong></span> <span class='ocrx_word' id='word_1_463' title='bbox 1311 1729 1403 1781; x_wconf 88' lang='lat' dir='ltr'><strong>Vestra</strong></span> <span class='ocrx_word' id='word_1_464' title='bbox 1415 1744 1474 1781; x_wconf 91' lang='lat' dir='ltr'><strong>cum</strong></span> <span class='ocrx_word' id='word_1_465' title='bbox 1487 1734 1665 1795; x_wconf 77' lang='lat' dir='ltr'><strong>resignatione</strong></span> <span class='ocrx_word' id='word_1_466' title='bbox 1682 1736 1744 1797; x_wconf 90' lang='lat' dir='ltr'><strong>pilei</strong></span> <span class='ocrx_word' id='word_1_467' title='bbox 1761 1738 1876 1798; x_wconf 88' lang='lat' dir='ltr'><strong>gratiose</strong></span> <span class='ocrx_word' id='word_1_468' title='bbox 1893 1748 1959 1787; x_wconf 88' lang='lat' dir='ltr'><strong>oon·</strong></span> 
     </span>
     <span class='ocr_line' id='line_1_71' title="bbox 1170 1807 1959 1869; baseline 0.015 -15"><span class='ocrx_word' id='word_1_469' title='bbox 1170 1809 1265 1864; x_wconf 85' lang='lat' dir='ltr'><strong>cessit,</strong></span> <span class='ocrx_word' id='word_1_470' title='bbox 1282 1812 1309 1858; x_wconf 88' lang='lat' dir='ltr'><strong>et</strong></span> <span class='ocrx_word' id='word_1_471' title='bbox 1324 1807 1465 1859; x_wconf 83' lang='lat' dir='ltr'><strong>benedixit</strong></span> <span class='ocrx_word' id='word_1_472' title='bbox 1482 1812 1559 1869; x_wconf 90' lang='lat' dir='ltr'><strong>mihi,</strong></span> <span class='ocrx_word' id='word_1_473' title='bbox 1576 1812 1610 1861; x_wconf 90' lang='lat' dir='ltr'><strong>ad</strong></span> <span class='ocrx_word' id='word_1_474' title='bbox 1631 1814 1748 1863; x_wconf 90' lang='lat' dir='ltr'><strong>osculum</strong></span> <span class='ocrx_word' id='word_1_475' title='bbox 1767 1816 1959 1867; x_wconf 86' lang='lat' dir='ltr'><strong>sacratissimo·</strong></span> 
     </span>
     <span class='ocr_line' id='line_1_72' title="bbox 1170 1877 1958 1950; baseline 0.015 -17"><span class='ocrx_word' id='word_1_476' title='bbox 1170 1877 1229 1934; x_wconf 89' lang='lat' dir='ltr'><strong>rum</strong></span> <span class='ocrx_word' id='word_1_477' title='bbox 1256 1887 1353 1950; x_wconf 89' lang='lat' dir='ltr'><strong>pedum</strong></span> <span class='ocrx_word' id='word_1_478' title='bbox 1381 1888 1513 1939; x_wconf 89' lang='lat' dir='ltr'><strong>admisso.</strong></span> <span class='ocrx_word' id='word_1_479' title='bbox 1529 1889 1601 1941; x_wconf 79' lang='lat' dir='ltr'><strong>llaec</strong></span> <span class='ocrx_word' id='word_1_480' title='bbox 1617 1904 1669 1941; x_wconf 90' lang='lat' dir='ltr'><strong>non</strong></span> <span class='ocrx_word' id='word_1_481' title='bbox 1692 1891 1789 1949; x_wconf 88' lang='lat' dir='ltr'><strong>scribo,</strong></span> <span class='ocrx_word' id='word_1_482' title='bbox 1804 1892 1958 1947; x_wconf 82' lang='lat' dir='ltr'><strong>Beatissimo</strong></span> 
     </span>
     <span class='ocr_line' id='line_1_73' title="bbox 1168 1962 1957 2032; baseline 0.014 -19"><span class='ocrx_word' id='word_1_483' title='bbox 1168 1962 1260 2025; x_wconf 79' lang='lat' dir='ltr'><strong>l’eter,</strong></span> <span class='ocrx_word' id='word_1_484' title='bbox 1277 1971 1305 2015; x_wconf 93' lang='lat' dir='ltr'><strong>ut</strong></span> <span class='ocrx_word' id='word_1_485' title='bbox 1332 1969 1481 2018; x_wconf 83' lang='lat' dir='ltr'><strong>existimem</strong></span> <span class='ocrx_word' id='word_1_486' title='bbox 1509 1981 1576 2032; x_wconf 87' lang='lat' dir='ltr'><strong>opus</strong></span> <span class='ocrx_word' id='word_1_487' title='bbox 1603 1982 1663 2021; x_wconf 88' lang='lat' dir='ltr'><strong>esse</strong></span> <span class='ocrx_word' id='word_1_488' title='bbox 1692 1984 1722 2021; x_wconf 84' lang='lat' dir='ltr'><strong>aa</strong></span> <span class='ocrx_word' id='word_1_489' title='bbox 1748 1984 1957 2026; x_wconf 87' lang='lat' dir='ltr'><strong>commemorare</strong></span> 
     </span>
     <span class='ocr_line' id='line_1_74' title="bbox 1168 2043 1958 2110; baseline 0.014 -17"><span class='ocrx_word' id='word_1_490' title='bbox 1168 2043 1304 2094; x_wconf 80' lang='lat' dir='ltr'><strong>sanctitati</strong></span> <span class='ocrx_word' id='word_1_491' title='bbox 1325 2044 1442 2104; x_wconf 86' lang='lat' dir='ltr'><strong>Vestrae,</strong></span> <span class='ocrx_word' id='word_1_492' title='bbox 1458 2060 1526 2110; x_wconf 89' lang='lat' dir='ltr'><strong>quae</strong></span> <span class='ocrx_word' id='word_1_493' title='bbox 1542 2048 1724 2099; x_wconf 84' lang='lat' dir='ltr'><strong>cordatissime</strong></span> <span class='ocrx_word' id='word_1_494' title='bbox 1741 2054 1794 2109; x_wconf 66' lang='lat' dir='ltr'><strong>este</strong></span> <span class='ocrx_word' id='word_1_495' title='bbox 1817 2064 1909 2101; x_wconf 86' lang='lat' dir='ltr'><strong>rerum</strong></span> <span class='ocrx_word' id='word_1_496' title='bbox 1928 2057 1958 2104; x_wconf 86' lang='lat' dir='ltr'><strong>ut</strong></span> 
     </span>
     <span class='ocr_line' id='line_1_75' title="bbox 1168 2122 1956 2192; baseline 0.013 -21"><span class='ocrx_word' id='word_1_497' title='bbox 1168 2122 1338 2187; x_wconf 87' lang='lat' dir='ltr'><strong>intelilgeret,</strong></span> <span class='ocrx_word' id='word_1_498' title='bbox 1355 2127 1426 2187; x_wconf 88' lang='lat' dir='ltr'><strong>quod</strong></span> <span class='ocrx_word' id='word_1_499' title='bbox 1447 2127 1525 2190; x_wconf 88' lang='lat' dir='ltr'><strong>aliqui</strong></span> <span class='ocrx_word' id='word_1_500' title='bbox 1544 2126 1577 2176; x_wconf 90' lang='lat' dir='ltr'><strong>de</strong></span> <span class='ocrx_word' id='word_1_501' title='bbox 1597 2140 1638 2177; x_wconf 89' lang='lat' dir='ltr'><strong>me</strong></span> <span class='ocrx_word' id='word_1_502' title='bbox 1655 2130 1762 2179; x_wconf 88' lang='lat' dir='ltr'><strong>sinistre</strong></span> <span class='ocrx_word' id='word_1_503' title='bbox 1778 2130 1956 2192; x_wconf 88' lang='lat' dir='ltr'><strong>auspicentur,</strong></span> 
     </span>
     <span class='ocr_line' id='line_1_76' title="bbox 1169 2209 1974 2269; baseline 0.015 -20"><span class='ocrx_word' id='word_1_504' title='bbox 1169 2214 1210 2251; x_wconf 91' lang='lat' dir='ltr'><strong>me</strong></span> <span class='ocrx_word' id='word_1_505' title='bbox 1235 2214 1297 2252; x_wconf 45' lang='lat' dir='ltr'><strong>non*</strong></span> <span class='ocrx_word' id='word_1_506' title='bbox 1313 2210 1445 2267; x_wconf 86' lang='lat' dir='ltr'><strong>repente,</strong></span> <span class='ocrx_word' id='word_1_507' title='bbox 1466 2218 1518 2254; x_wconf 93' lang='lat' dir='ltr'><strong>non</strong></span> <span class='ocrx_word' id='word_1_508' title='bbox 1543 2209 1762 2269; x_wconf 89' lang='lat' dir='ltr'><strong>praecipitanter,</strong></span> <span class='ocrx_word' id='word_1_509' title='bbox 1787 2222 1839 2259; x_wconf 91' lang='lat' dir='ltr'><strong>non</strong></span> <span class='ocrx_word' id='word_1_510' title='bbox 1862 2210 1974 2261; x_wconf 59' lang='lat' dir='ltr'><strong>levitem</strong></span> 
     </span>
     <span class='ocr_line' id='line_1_77' title="bbox 1168 2283 1957 2350; baseline 0.014 -20"><span class='ocrx_word' id='word_1_511' title='bbox 1168 2286 1267 2331; x_wconf 92' lang='lat' dir='ltr'><strong>motum</strong></span> <span class='ocrx_word' id='word_1_512' title='bbox 1282 2283 1374 2333; x_wconf 78' lang='lat' dir='ltr'><strong>tuisse·</strong></span> <span class='ocrx_word' id='word_1_513' title='bbox 1391 2284 1445 2336; x_wconf 85' lang='lat' dir='ltr'><strong>Nec</strong></span> <span class='ocrx_word' id='word_1_514' title='bbox 1462 2284 1542 2335; x_wconf 90' lang='lat' dir='ltr'><strong>debet</strong></span> <span class='ocrx_word' id='word_1_515' title='bbox 1560 2287 1649 2335; x_wconf 88' lang='lat' dir='ltr'><strong>mirari</strong></span> <span class='ocrx_word' id='word_1_516' title='bbox 1671 2289 1825 2350; x_wconf 89' lang='lat' dir='ltr'><strong>quisquam,</strong></span> <span class='ocrx_word' id='word_1_517' title='bbox 1841 2302 1889 2339; x_wconf 91' lang='lat' dir='ltr'><strong>nec</strong></span> <span class='ocrx_word' id='word_1_518' title='bbox 1907 2302 1957 2341; x_wconf 90' lang='lat' dir='ltr'><strong>no·</strong></span> 
     </span>
     <span class='ocr_line' id='line_1_78' title="bbox 1169 2364 1954 2429; baseline 0.01 -20"><span class='ocrx_word' id='word_1_519' title='bbox 1169 2372 1245 2420; x_wconf 85' lang='lat' dir='ltr'><strong>tum,</strong></span> <span class='ocrx_word' id='word_1_520' title='bbox 1262 2367 1306 2412; x_wconf 92' lang='lat' dir='ltr'><strong>eut</strong></span> <span class='ocrx_word' id='word_1_521' title='bbox 1330 2365 1500 2413; x_wconf 80' lang='lat' dir='ltr'><strong>temerarium</strong></span> <span class='ocrx_word' id='word_1_522' title='bbox 1526 2364 1553 2413; x_wconf 93' lang='lat' dir='ltr'><strong>id</strong></span> <span class='ocrx_word' id='word_1_523' title='bbox 1580 2367 1750 2427; x_wconf 88' lang='lat' dir='ltr'><strong>existimare,</strong></span> <span class='ocrx_word' id='word_1_524' title='bbox 1772 2380 1852 2429; x_wconf 92' lang='lat' dir='ltr'><strong>quum</strong></span> <span class='ocrx_word' id='word_1_525' title='bbox 1875 2368 1954 2418; x_wconf 88' lang='lat' dir='ltr'><strong>etlam</strong></span> 
     </span>
     <span class='ocr_line' id='line_1_79' title="bbox 1168 2436 1954 2497; baseline 0.013 -10"><span class='ocrx_word' id='word_1_526' title='bbox 1168 2436 1238 2489; x_wconf 89' lang='lat' dir='ltr'><strong>luter</strong></span> <span class='ocrx_word' id='word_1_527' title='bbox 1264 2440 1392 2491; x_wconf 78' lang='lat' dir='ltr'><strong>Romanos</strong></span> <span class='ocrx_word' id='word_1_528' title='bbox 1419 2441 1557 2493; x_wconf 80' lang='lat' dir='ltr'><strong>t’outrltces</strong></span> <span class='ocrx_word' id='word_1_529' title='bbox 1579 2444 1613 2492; x_wconf 88' lang='lat' dir='ltr'><strong>ab</strong></span> <span class='ocrx_word' id='word_1_530' title='bbox 1640 2443 1755 2495; x_wconf 85' lang='lat' dir='ltr'><strong>Ecclesia</strong></span> <span class='ocrx_word' id='word_1_531' title='bbox 1779 2444 1954 2497; x_wconf 84' lang='lat' dir='ltr'><strong>canonicales</strong></span> 
     </span>
     <span class='ocr_line' id='line_1_80' title="bbox 1168 2518 1953 2588; baseline 0.011 -22"><span class='ocrx_word' id='word_1_532' title='bbox 1168 2518 1332 2580; x_wconf 85' lang='lat' dir='ltr'><strong>reperiatur,</strong></span> <span class='ocrx_word' id='word_1_533' title='bbox 1360 2521 1403 2582; x_wconf 93' lang='lat' dir='ltr'><strong>qut</strong></span> <span class='ocrx_word' id='word_1_534' title='bbox 1432 2520 1501 2571; x_wconf 89' lang='lat' dir='ltr'><strong>idem</strong></span> <span class='ocrx_word' id='word_1_535' title='bbox 1531 2521 1640 2581; x_wconf 84' lang='lat' dir='ltr'><strong>tecerlt;</strong></span> <span class='ocrx_word' id='word_1_536' title='bbox 1663 2523 1829 2574; x_wconf 87' lang='lat' dir='ltr'><strong>Caelestinus</strong></span> <span class='ocrx_word' id='word_1_537' title='bbox 1855 2523 1882 2572; x_wconf 83' lang='lat' dir='ltr'><strong>V.</strong></span> <span class='ocrx_word' id='word_1_538' title='bbox 1910 2524 1953 2588; x_wconf 89' lang='lat' dir='ltr'><strong>qul</strong></span> 
     </span>
     <span class='ocr_line' id='line_1_81' title="bbox 1167 2595 1952 2666; baseline 0.01 -20"><span class='ocrx_word' id='word_1_539' title='bbox 1167 2595 1276 2647; x_wconf 69' lang='lat' dir='ltr'><strong>&amp;uetus</strong></span> <span class='ocrx_word' id='word_1_540' title='bbox 1292 2598 1384 2650; x_wconf 80' lang='lat' dir='ltr'><strong>Petrus</strong></span> <span class='ocrx_word' id='word_1_541' title='bbox 1401 2600 1435 2650; x_wconf 90' lang='lat' dir='ltr'><strong>de</strong></span> <span class='ocrx_word' id='word_1_542' title='bbox 1451 2602 1559 2652; x_wconf 87' lang='lat' dir='ltr'><strong>ldurone</strong></span> <span class='ocrx_word' id='word_1_543' title='bbox 1570 2607 1751 2665; x_wconf 92' lang='lat' dir='ltr'><strong>nuncupetur,</strong></span> <span class='ocrx_word' id='word_1_544' title='bbox 1763 2604 1857 2666; x_wconf 88' lang='lat' dir='ltr'><strong>legitur</strong></span> <span class='ocrx_word' id='word_1_545' title='bbox 1872 2606 1952 2654; x_wconf 90' lang='lat' dir='ltr'><strong>etiam</strong></span> 
     </span>
    </p>
   </div>
   <div class='ocr_carea' id='block_1_11' title="bbox 1169 2674 2049 2742">
    <p class='ocr_par' dir='ltr' id='par_1_13' title="bbox 1169 2674 2049 2742">
     <span class='ocr_line' id='line_1_82' title="bbox 1169 2674 2049 2742; baseline 0.011 -18"><span class='ocrx_word' id='word_1_546' title='bbox 1169 2676 1202 2724; x_wconf 89' lang='lat' dir='ltr'><strong>ed</strong></span> <span class='ocrx_word' id='word_1_547' title='bbox 1219 2678 1359 2738; x_wconf 86' lang='lat' dir='ltr'><strong>privatam,</strong></span> <span class='ocrx_word' id='word_1_548' title='bbox 1370 2683 1398 2728; x_wconf 90' lang='lat' dir='ltr'><strong>et</strong></span> <span class='ocrx_word' id='word_1_549' title='bbox 1415 2681 1561 2742; x_wconf 89' lang='lat' dir='ltr'><strong>religiosam</strong></span> <span class='ocrx_word' id='word_1_550' title='bbox 1579 2681 1658 2730; x_wconf 85' lang='lat' dir='ltr'><strong>rilem</strong></span> <span class='ocrx_word' id='word_1_551' title='bbox 1676 2683 1825 2742; x_wconf 84' lang='lat' dir='ltr'><strong>trenailase;</strong></span> <span class='ocrx_word' id='word_1_552' title='bbox 1842 2686 1868 2733; x_wconf 91' lang='lat' dir='ltr'><strong>et</strong></span> <span class='ocrx_word' id='word_1_553' title='bbox 1887 2683 1954 2733; x_wconf 89' lang='lat' dir='ltr'><strong>San·</strong></span> <span class='ocrx_word' id='word_1_554' title='bbox 2045 2674 2049 2680; x_wconf 73' lang='grc'><strong>’</strong></span> 
     </span>
    </p>
   </div>
   <div class='ocr_carea' id='block_1_12' title="bbox 1151 2755 1955 5732">
    <p class='ocr_par' dir='ltr' id='par_1_14' title="bbox 1151 2755 1955 5732">
     <span class='ocr_line' id='line_1_83' title="bbox 1167 2755 1952 2823; baseline 0.009 -20"><span class='ocrx_word' id='word_1_555' title='bbox 1167 2758 1226 2805; x_wconf 90' lang='lat' dir='ltr'><strong>ctos</strong></span> <span class='ocrx_word' id='word_1_556' title='bbox 1246 2755 1422 2820; x_wconf 80' lang='lat' dir='ltr'><strong>Hieronymus</strong></span> <span class='ocrx_word' id='word_1_557' title='bbox 1445 2757 1471 2806; x_wconf 88' lang='lat' dir='ltr'><strong>S.</strong></span> <span class='ocrx_word' id='word_1_558' title='bbox 1493 2759 1521 2809; x_wconf 87' lang='lat' dir='ltr'><strong>u.</strong></span> <span class='ocrx_word' id='word_1_559' title='bbox 1543 2758 1570 2807; x_wconf 91' lang='lat' dir='ltr'><strong>E.</strong></span> <span class='ocrx_word' id='word_1_560' title='bbox 1587 2758 1746 2823; x_wconf 81' lang='lat' dir='ltr'><strong>Presbyter,</strong></span> <span class='ocrx_word' id='word_1_561' title='bbox 1763 2772 1840 2823; x_wconf 88' lang='lat' dir='ltr'><strong>quem</strong></span> <span class='ocrx_word' id='word_1_562' title='bbox 1865 2760 1952 2811; x_wconf 89' lang='lat' dir='ltr'><strong>terunt</strong></span> 
     </span>
     <span class='ocr_line' id='line_1_84' title="bbox 1168 2830 1951 2901; baseline 0.009 -20"><span class='ocrx_word' id='word_1_563' title='bbox 1168 2830 1332 2884; x_wconf 88' lang='lat' dir='ltr'><strong>cardinalem</strong></span> <span class='ocrx_word' id='word_1_564' title='bbox 1349 2835 1446 2885; x_wconf 71' lang='lat' dir='ltr'><strong>luisses</strong></span> <span class='ocrx_word' id='word_1_565' title='bbox 1459 2836 1495 2886; x_wconf 81' lang='lat' dir='ltr'><strong>lte</strong></span> <span class='ocrx_word' id='word_1_566' title='bbox 1514 2835 1590 2886; x_wconf 76' lang='lat' dir='ltr'><strong>Petro</strong></span> <span class='ocrx_word' id='word_1_567' title='bbox 1605 2836 1741 2894; x_wconf 78' lang='lat' dir='ltr'><strong>cumiani,</strong></span> <span class='ocrx_word' id='word_1_568' title='bbox 1758 2838 1803 2901; x_wconf 90' lang='lat' dir='ltr'><strong>qui</strong></span> <span class='ocrx_word' id='word_1_569' title='bbox 1821 2838 1882 2888; x_wconf 89' lang='lat' dir='ltr'><strong>licet</strong></span> <span class='ocrx_word' id='word_1_570' title='bbox 1899 2851 1951 2889; x_wconf 91' lang='lat' dir='ltr'><strong>nou</strong></span> 
     </span>
     <span class='ocr_line' id='line_1_85' title="bbox 1168 2912 1955 2979; baseline 0.005 -17"><span class='ocrx_word' id='word_1_571' title='bbox 1168 2913 1202 2962; x_wconf 87' lang='lat' dir='ltr'><strong>sit</strong></span> <span class='ocrx_word' id='word_1_572' title='bbox 1226 2912 1296 2962; x_wconf 89' lang='lat' dir='ltr'><strong>inter</strong></span> <span class='ocrx_word' id='word_1_573' title='bbox 1318 2913 1426 2963; x_wconf 86' lang='lat' dir='ltr'><strong>Sanctus</strong></span> <span class='ocrx_word' id='word_1_574' title='bbox 1445 2914 1559 2973; x_wconf 86' lang='lat' dir='ltr'><strong>relatus,</strong></span> <span class='ocrx_word' id='word_1_575' title='bbox 1577 2918 1664 2965; x_wconf 90' lang='lat' dir='ltr'><strong>temen</strong></span> <span class='ocrx_word' id='word_1_576' title='bbox 1681 2929 1730 2979; x_wconf 89' lang='lat' dir='ltr'><strong>pro</strong></span> <span class='ocrx_word' id='word_1_577' title='bbox 1750 2915 1846 2967; x_wconf 86' lang='lat' dir='ltr'><strong>Sancto</strong></span> <span class='ocrx_word' id='word_1_578' title='bbox 1872 2917 1955 2966; x_wconf 86' lang='lat' dir='ltr'><strong>bono·</strong></span> 
     </span>
     <span class='ocr_line' id='line_1_86' title="bbox 1167 2990 1952 3057; baseline 0.006 -18"><span class='ocrx_word' id='word_1_579' title='bbox 1167 2996 1253 3050; x_wconf 91' lang='lat' dir='ltr'><strong>ratur,</strong></span> <span class='ocrx_word' id='word_1_580' title='bbox 1270 2990 1383 3041; x_wconf 88' lang='lat' dir='ltr'><strong>babetur</strong></span> <span class='ocrx_word' id='word_1_581' title='bbox 1399 3004 1431 3041; x_wconf 82' lang='lat' dir='ltr'><strong>ex</strong></span> <span class='ocrx_word' id='word_1_582' title='bbox 1450 2992 1526 3042; x_wconf 86' lang='lat' dir='ltr'><strong>libris</strong></span> <span class='ocrx_word' id='word_1_583' title='bbox 1543 3005 1592 3055; x_wconf 91' lang='lat' dir='ltr'><strong>per</strong></span> <span class='ocrx_word' id='word_1_584' title='bbox 1607 3006 1667 3044; x_wconf 91' lang='lat' dir='ltr'><strong>eum</strong></span> <span class='ocrx_word' id='word_1_585' title='bbox 1689 2994 1786 3054; x_wconf 88' lang='lat' dir='ltr'><strong>editis,</strong></span> <span class='ocrx_word' id='word_1_586' title='bbox 1804 3006 1871 3057; x_wconf 89' lang='lat' dir='ltr'><strong>quoe</strong></span> <span class='ocrx_word' id='word_1_587' title='bbox 1893 2996 1952 3056; x_wconf 87' lang='lat' dir='ltr'><strong>ipse</strong></span> 
     </span>
     <span class='ocr_line' id='line_1_87' title="bbox 1167 3068 1954 3135; baseline 0.005 -18"><span class='ocrx_word' id='word_1_588' title='bbox 1167 3068 1230 3132; x_wconf 89' lang='lat' dir='ltr'><strong>legi,</strong></span> <span class='ocrx_word' id='word_1_589' title='bbox 1248 3071 1332 3132; x_wconf 89' lang='lat' dir='ltr'><strong>ipaum</strong></span> <span class='ocrx_word' id='word_1_590' title='bbox 1348 3083 1383 3120; x_wconf 84' lang='lat' dir='ltr'><strong>ex</strong></span> <span class='ocrx_word' id='word_1_591' title='bbox 1400 3069 1560 3131; x_wconf 86' lang='lat' dir='ltr'><strong>Cardlnalc,</strong></span> <span class='ocrx_word' id='word_1_592' title='bbox 1577 3074 1614 3131; x_wconf 91' lang='lat' dir='ltr'><strong>et,</strong></span> <span class='ocrx_word' id='word_1_593' title='bbox 1629 3072 1656 3121; x_wconf 93' lang='lat' dir='ltr'><strong>nl</strong></span> <span class='ocrx_word' id='word_1_594' title='bbox 1676 3073 1774 3133; x_wconf 87' lang='lat' dir='ltr'><strong>tallcr,</strong></span> <span class='ocrx_word' id='word_1_595' title='bbox 1789 3075 1868 3124; x_wconf 87' lang='lat' dir='ltr'><strong>etlam</strong></span> <span class='ocrx_word' id='word_1_596' title='bbox 1891 3072 1954 3135; x_wconf 92' lang='lat' dir='ltr'><strong>Epi·</strong></span> 
     </span>
     <span class='ocr_line' id='line_1_88' title="bbox 1167 3147 1953 3211; baseline 0.005 -15"><span class='ocrx_word' id='word_1_597' title='bbox 1167 3158 1248 3209; x_wconf 91' lang='lat' dir='ltr'><strong>scopo</strong></span> <span class='ocrx_word' id='word_1_598' title='bbox 1265 3147 1396 3206; x_wconf 87' lang='lat' dir='ltr'><strong>Ostiensi,</strong></span> <span class='ocrx_word' id='word_1_599' title='bbox 1412 3148 1508 3200; x_wconf 89' lang='lat' dir='ltr'><strong>lactum</strong></span> <span class='ocrx_word' id='word_1_600' title='bbox 1525 3151 1680 3201; x_wconf 86' lang='lat' dir='ltr'><strong>llouacbum</strong></span> <span class='ocrx_word' id='word_1_601' title='bbox 1698 3151 1788 3211; x_wconf 89' lang='lat' dir='ltr'><strong>lutase,</strong></span> <span class='ocrx_word' id='word_1_602' title='bbox 1804 3151 1837 3200; x_wconf 91' lang='lat' dir='ltr'><strong>de</strong></span> <span class='ocrx_word' id='word_1_603' title='bbox 1854 3151 1953 3201; x_wconf 82' lang='lat' dir='ltr'><strong>Eamml</strong></span> 
     </span>
     <span class='ocr_line' id='line_1_89' title="bbox 1163 3223 1952 3291; baseline 0.008 -18"><span class='ocrx_word' id='word_1_604' title='bbox 1163 3223 1293 3275; x_wconf 79' lang='lat' dir='ltr'><strong>Pontificis</strong></span> <span class='ocrx_word' id='word_1_605' title='bbox 1318 3227 1433 3276; x_wconf 84' lang='lat' dir='ltr'><strong>licentie-</strong></span> <span class='ocrx_word' id='word_1_606' title='bbox 1461 3227 1501 3277; x_wconf 82' lang='lat' dir='ltr'><strong>hn</strong></span> <span class='ocrx_word' id='word_1_607' title='bbox 1519 3240 1584 3278; x_wconf 84' lang='lat' dir='ltr'><strong>vero</strong></span> <span class='ocrx_word' id='word_1_608' title='bbox 1608 3230 1758 3291; x_wconf 73' lang='lat' dir='ltr'><strong>huiuamodi</strong></span> <span class='ocrx_word' id='word_1_609' title='bbox 1783 3230 1914 3280; x_wconf 88' lang='lat' dir='ltr'><strong>licentiam</strong></span> <span class='ocrx_word' id='word_1_610' title='bbox 1936 3242 1952 3279; x_wconf 91' lang='lat' dir='ltr'><strong>a</strong></span> 
     </span>
     <span class='ocr_line' id='line_1_90' title="bbox 1164 3302 1952 3371; baseline 0.009 -19"><span class='ocrx_word' id='word_1_611' title='bbox 1164 3302 1243 3353; x_wconf 82' lang='lat' dir='ltr'><strong>Sacro</strong></span> <span class='ocrx_word' id='word_1_612' title='bbox 1261 3304 1378 3367; x_wconf 89' lang='lat' dir='ltr'><strong>collegio</strong></span> <span class='ocrx_word' id='word_1_613' title='bbox 1394 3303 1599 3365; x_wconf 89' lang='lat' dir='ltr'><strong>babuerit,nou</strong></span> <span class='ocrx_word' id='word_1_614' title='bbox 1617 3308 1732 3357; x_wconf 87' lang='lat' dir='ltr'><strong>memini.</strong></span> <span class='ocrx_word' id='word_1_615' title='bbox 1749 3307 1802 3371; x_wconf 86' lang='lat' dir='ltr'><strong>Ego</strong></span> <span class='ocrx_word' id='word_1_616' title='bbox 1814 3308 1847 3357; x_wconf 92' lang='lat' dir='ltr'><strong>ab</strong></span> <span class='ocrx_word' id='word_1_617' title='bbox 1858 3308 1952 3359; x_wconf 85' lang='lat' dir='ltr'><strong>ecdem</strong></span> 
     </span>
     <span class='ocr_line' id='line_1_91' title="bbox 1164 3382 1950 3449; baseline 0.008 -18"><span class='ocrx_word' id='word_1_618' title='bbox 1164 3382 1278 3446; x_wconf 88' lang='lat' dir='ltr'><strong>collegio</strong></span> <span class='ocrx_word' id='word_1_619' title='bbox 1297 3384 1363 3434; x_wconf 89' lang='lat' dir='ltr'><strong>hauc</strong></span> <span class='ocrx_word' id='word_1_620' title='bbox 1374 3385 1506 3435; x_wconf 89' lang='lat' dir='ltr'><strong>licentiam</strong></span> <span class='ocrx_word' id='word_1_621' title='bbox 1524 3399 1576 3435; x_wconf 93' lang='lat' dir='ltr'><strong>non</strong></span> <span class='ocrx_word' id='word_1_622' title='bbox 1593 3388 1673 3449; x_wconf 90' lang='lat' dir='ltr'><strong>petii,</strong></span> <span class='ocrx_word' id='word_1_623' title='bbox 1686 3392 1713 3438; x_wconf 90' lang='lat' dir='ltr'><strong>et</strong></span> <span class='ocrx_word' id='word_1_624' title='bbox 1729 3399 1782 3437; x_wconf 88' lang='lat' dir='ltr'><strong>non</strong></span> <span class='ocrx_word' id='word_1_625' title='bbox 1799 3400 1857 3437; x_wconf 93' lang='lat' dir='ltr'><strong>sum</strong></span> <span class='ocrx_word' id='word_1_626' title='bbox 1875 3392 1950 3437; x_wconf 89' lang='lat' dir='ltr'><strong>ratus</strong></span> 
     </span>
     <span class='ocr_line' id='line_1_92' title="bbox 1165 3461 1950 3529; baseline 0.008 -18"><span class='ocrx_word' id='word_1_627' title='bbox 1165 3461 1231 3512; x_wconf 91' lang='lat' dir='ltr'><strong>adeo</strong></span> <span class='ocrx_word' id='word_1_628' title='bbox 1249 3462 1420 3523; x_wconf 90' lang='lat' dir='ltr'><strong>imbecillem,</strong></span> <span class='ocrx_word' id='word_1_629' title='bbox 1437 3469 1464 3515; x_wconf 89' lang='lat' dir='ltr'><strong>et</strong></span> <span class='ocrx_word' id='word_1_630' title='bbox 1485 3464 1615 3515; x_wconf 85' lang='lat' dir='ltr'><strong>ladrmam</strong></span> <span class='ocrx_word' id='word_1_631' title='bbox 1636 3466 1730 3516; x_wconf 81' lang='lat' dir='ltr'><strong>vicarii</strong></span> <span class='ocrx_word' id='word_1_632' title='bbox 1754 3466 1851 3517; x_wconf 90' lang='lat' dir='ltr'><strong>christi</strong></span> <span class='ocrx_word' id='word_1_633' title='bbox 1872 3471 1950 3529; x_wconf 90' lang='lat' dir='ltr'><strong>pote·</strong></span> 
     </span>
     <span class='ocr_line' id='line_1_93' title="bbox 1164 3542 1948 3608; baseline 0.006 -19"><span class='ocrx_word' id='word_1_634' title='bbox 1164 3543 1272 3598; x_wconf 88' lang='lat' dir='ltr'><strong>atatem,</strong></span> <span class='ocrx_word' id='word_1_635' title='bbox 1283 3544 1312 3590; x_wconf 94' lang='lat' dir='ltr'><strong>ut</strong></span> <span class='ocrx_word' id='word_1_636' title='bbox 1323 3554 1375 3591; x_wconf 90' lang='lat' dir='ltr'><strong>nou</strong></span> <span class='ocrx_word' id='word_1_637' title='bbox 1391 3545 1477 3604; x_wconf 89' lang='lat' dir='ltr'><strong>possit</strong></span> <span class='ocrx_word' id='word_1_638' title='bbox 1493 3542 1636 3606; x_wconf 84' lang='lat' dir='ltr'><strong>praebere,</strong></span> <span class='ocrx_word' id='word_1_639' title='bbox 1648 3555 1678 3593; x_wconf 93' lang='lat' dir='ltr'><strong>ac</strong></span> <span class='ocrx_word' id='word_1_640' title='bbox 1695 3546 1831 3608; x_wconf 78' lang='lat' dir='ltr'><strong>porrigere</strong></span> <span class='ocrx_word' id='word_1_641' title='bbox 1844 3556 1948 3594; x_wconf 89' lang='lat' dir='ltr'><strong>menum</strong></span> 
     </span>
     <span class='ocr_line' id='line_1_94' title="bbox 1164 3620 1951 3681; baseline 0.008 -15"><span class='ocrx_word' id='word_1_642' title='bbox 1164 3620 1262 3669; x_wconf 83' lang='lat' dir='ltr'><strong>volenti</strong></span> <span class='ocrx_word' id='word_1_643' title='bbox 1280 3620 1357 3670; x_wconf 91' lang='lat' dir='ltr'><strong>saluti</strong></span> <span class='ocrx_word' id='word_1_644' title='bbox 1374 3620 1477 3670; x_wconf 86' lang='lat' dir='ltr'><strong>animae</strong></span> <span class='ocrx_word' id='word_1_645' title='bbox 1494 3633 1573 3681; x_wconf 91' lang='lat' dir='ltr'><strong>suae,</strong></span> <span class='ocrx_word' id='word_1_646' title='bbox 1591 3621 1776 3674; x_wconf 87' lang='lat' dir='ltr'><strong>honestissimo</strong></span> <span class='ocrx_word' id='word_1_647' title='bbox 1793 3622 1870 3673; x_wconf 92' lang='lat' dir='ltr'><strong>modo</strong></span> <span class='ocrx_word' id='word_1_648' title='bbox 1887 3635 1951 3673; x_wconf 86' lang='lat' dir='ltr'><strong>con·</strong></span> 
     </span>
     <span class='ocr_line' id='line_1_95' title="bbox 1162 3698 1949 3765; baseline 0.005 -17"><span class='ocrx_word' id='word_1_649' title='bbox 1162 3699 1259 3749; x_wconf 86' lang='lat' dir='ltr'><strong>solere.</strong></span> <span class='ocrx_word' id='word_1_650' title='bbox 1276 3698 1328 3761; x_wconf 81' lang='lat' dir='ltr'><strong>Ego</strong></span> <span class='ocrx_word' id='word_1_651' title='bbox 1345 3701 1430 3756; x_wconf 89' lang='lat' dir='ltr'><strong>enim,</strong></span> <span class='ocrx_word' id='word_1_652' title='bbox 1449 3700 1521 3764; x_wconf 91' lang='lat' dir='ltr'><strong>quod</strong></span> <span class='ocrx_word' id='word_1_653' title='bbox 1538 3702 1563 3750; x_wconf 91' lang='lat' dir='ltr'><strong>tn</strong></span> <span class='ocrx_word' id='word_1_654' title='bbox 1581 3700 1672 3750; x_wconf 88' lang='lat' dir='ltr'><strong>arduis</strong></span> <span class='ocrx_word' id='word_1_655' title='bbox 1692 3701 1834 3765; x_wconf 87' lang='lat' dir='ltr'><strong>collegium</strong></span> <span class='ocrx_word' id='word_1_656' title='bbox 1857 3704 1949 3752; x_wconf 91' lang='lat' dir='ltr'><strong>tenea·</strong></span> 
     </span>
     <span class='ocr_line' id='line_1_96' title="bbox 1164 3775 1949 3842; baseline 0.005 -18"><span class='ocrx_word' id='word_1_657' title='bbox 1164 3777 1207 3826; x_wconf 87' lang='lat' dir='ltr'><strong>tur</strong></span> <span class='ocrx_word' id='word_1_658' title='bbox 1227 3775 1344 3826; x_wconf 79' lang='lat' dir='ltr'><strong>l’ontltex</strong></span> <span class='ocrx_word' id='word_1_659' title='bbox 1362 3778 1517 3837; x_wconf 89' lang='lat' dir='ltr'><strong>consulere,</strong></span> <span class='ocrx_word' id='word_1_660' title='bbox 1533 3790 1585 3828; x_wconf 89' lang='lat' dir='ltr'><strong>non</strong></span> <span class='ocrx_word' id='word_1_661' title='bbox 1610 3778 1727 3840; x_wconf 87' lang='lat' dir='ltr'><strong>indclor,</strong></span> <span class='ocrx_word' id='word_1_662' title='bbox 1743 3784 1831 3830; x_wconf 90' lang='lat' dir='ltr'><strong>tamen</strong></span> <span class='ocrx_word' id='word_1_663' title='bbox 1847 3782 1949 3842; x_wconf 88' lang='lat' dir='ltr'><strong>petenti</strong></span> 
     </span>
     <span class='ocr_line' id='line_1_97' title="bbox 1163 3853 1947 3918; baseline 0.006 -16"><span class='ocrx_word' id='word_1_664' title='bbox 1163 3853 1231 3913; x_wconf 89' lang='lat' dir='ltr'><strong>atbl,</strong></span> <span class='ocrx_word' id='word_1_665' title='bbox 1248 3856 1296 3904; x_wconf 93' lang='lat' dir='ltr'><strong>nisi</strong></span> <span class='ocrx_word' id='word_1_666' title='bbox 1312 3856 1384 3917; x_wconf 85' lang='lat' dir='ltr'><strong>qued</strong></span> <span class='ocrx_word' id='word_1_667' title='bbox 1400 3856 1433 3905; x_wconf 87' lang='lat' dir='ltr'><strong>ad</strong></span> <span class='ocrx_word' id='word_1_668' title='bbox 1449 3858 1560 3906; x_wconf 90' lang='lat' dir='ltr'><strong>salutem</strong></span> <span class='ocrx_word' id='word_1_669' title='bbox 1577 3857 1654 3906; x_wconf 89' lang='lat' dir='ltr'><strong>eniml</strong></span> <span class='ocrx_word' id='word_1_670' title='bbox 1672 3861 1789 3918; x_wconf 87' lang='lat' dir='ltr'><strong>spectet,</strong></span> <span class='ocrx_word' id='word_1_671' title='bbox 1807 3857 1888 3907; x_wconf 91' lang='lat' dir='ltr'><strong>credo</strong></span> <span class='ocrx_word' id='word_1_672' title='bbox 1904 3870 1947 3907; x_wconf 89' lang='lat' dir='ltr'><strong>so-</strong></span> 
     </span>
     <span class='ocr_line' id='line_1_98' title="bbox 1162 3930 1947 3996; baseline 0.008 -17"><span class='ocrx_word' id='word_1_673' title='bbox 1162 3931 1211 3980; x_wconf 90' lang='lat' dir='ltr'><strong>tiua</strong></span> <span class='ocrx_word' id='word_1_674' title='bbox 1227 3930 1356 3984; x_wconf 78' lang='lat' dir='ltr'><strong>Pontificis</strong></span> <span class='ocrx_word' id='word_1_675' title='bbox 1373 3936 1552 3984; x_wconf 85' lang='lat' dir='ltr'><strong>auctoritatam</strong></span> <span class='ocrx_word' id='word_1_676' title='bbox 1578 3932 1707 3983; x_wconf 82' lang='lat' dir='ltr'><strong>sufficere.</strong></span> <span class='ocrx_word' id='word_1_677' title='bbox 1726 3935 1793 3995; x_wconf 86' lang='lat' dir='ltr'><strong>Quid</strong></span> <span class='ocrx_word' id='word_1_678' title='bbox 1810 3938 1851 3984; x_wconf 90' lang='lat' dir='ltr'><strong>est</strong></span> <span class='ocrx_word' id='word_1_679' title='bbox 1868 3936 1947 3996; x_wconf 90' lang='lat' dir='ltr'><strong>enim,</strong></span> 
     </span>
     <span class='ocr_line' id='line_1_99' title="bbox 1161 4008 1947 4075; baseline 0.005 -17"><span class='ocrx_word' id='word_1_680' title='bbox 1161 4008 1319 4059; x_wconf 88' lang='lat' dir='ltr'><strong>Eeatlaalme</strong></span> <span class='ocrx_word' id='word_1_681' title='bbox 1341 4008 1430 4069; x_wconf 79' lang='lat' dir='ltr'><strong>l’ater,</strong></span> <span class='ocrx_word' id='word_1_682' title='bbox 1448 4011 1566 4073; x_wconf 87' lang='lat' dir='ltr'><strong>ingredi,</strong></span> <span class='ocrx_word' id='word_1_683' title='bbox 1584 4015 1610 4061; x_wconf 89' lang='lat' dir='ltr'><strong>et</strong></span> <span class='ocrx_word' id='word_1_684' title='bbox 1636 4012 1753 4074; x_wconf 88' lang='lat' dir='ltr'><strong>protiterl</strong></span> <span class='ocrx_word' id='word_1_685' title='bbox 1781 4014 1947 4075; x_wconf 90' lang='lat' dir='ltr'><strong>religionem,</strong></span> 
     </span>
     <span class='ocr_line' id='line_1_100' title="bbox 1160 4088 1946 4152; baseline 0.004 -15"><span class='ocrx_word' id='word_1_686' title='bbox 1160 4088 1210 4138; x_wconf 91' lang='lat' dir='ltr'><strong>nial</strong></span> <span class='ocrx_word' id='word_1_687' title='bbox 1228 4089 1381 4141; x_wconf 87' lang='lat' dir='ltr'><strong>humiliare.</strong></span> <span class='ocrx_word' id='word_1_688' title='bbox 1398 4092 1425 4138; x_wconf 91' lang='lat' dir='ltr'><strong>et</strong></span> <span class='ocrx_word' id='word_1_689' title='bbox 1441 4089 1577 4139; x_wconf 83' lang='lat' dir='ltr'><strong>exinanire</strong></span> <span class='ocrx_word' id='word_1_690' title='bbox 1594 4092 1765 4152; x_wconf 90' lang='lat' dir='ltr'><strong>semetipsum</strong></span> <span class='ocrx_word' id='word_1_691' title='bbox 1776 4128 1784 4150; x_wconf 97' lang='lat'><strong>,</strong></span> <span class='ocrx_word' id='word_1_692' title='bbox 1796 4094 1823 4140; x_wconf 90' lang='lat' dir='ltr'><strong>et</strong></span> <span class='ocrx_word' id='word_1_693' title='bbox 1836 4091 1946 4140; x_wconf 87' lang='lat' dir='ltr'><strong>turmam</strong></span> 
     </span>
     <span class='ocr_line' id='line_1_101' title="bbox 1160 4166 1945 4230; baseline 0.005 -15"><span class='ocrx_word' id='word_1_694' title='bbox 1160 4167 1231 4216; x_wconf 84' lang='lat' dir='ltr'><strong>scral</strong></span> <span class='ocrx_word' id='word_1_695' title='bbox 1257 4166 1425 4229; x_wconf 87' lang='lat' dir='ltr'><strong>accipiendo,</strong></span> <span class='ocrx_word' id='word_1_696' title='bbox 1441 4178 1470 4218; x_wconf 92' lang='lat' dir='ltr'><strong>se</strong></span> <span class='ocrx_word' id='word_1_697' title='bbox 1494 4179 1578 4230; x_wconf 90' lang='lat' dir='ltr'><strong>usque</strong></span> <span class='ocrx_word' id='word_1_698' title='bbox 1596 4168 1629 4218; x_wconf 86' lang='lat' dir='ltr'><strong>ed</strong></span> <span class='ocrx_word' id='word_1_699' title='bbox 1646 4175 1756 4220; x_wconf 91' lang='lat' dir='ltr'><strong>mortem</strong></span> <span class='ocrx_word' id='word_1_700' title='bbox 1777 4168 1945 4222; x_wconf 89' lang='lat' dir='ltr'><strong>obedientem</strong></span> 
     </span>
     <span class='ocr_line' id='line_1_102' title="bbox 1160 4246 1945 4312; baseline 0.004 -16"><span class='ocrx_word' id='word_1_701' title='bbox 1160 4246 1258 4308; x_wconf 88' lang='lat' dir='ltr'><strong>lacere,</strong></span> <span class='ocrx_word' id='word_1_702' title='bbox 1274 4249 1397 4312; x_wconf 87' lang='lat' dir='ltr'><strong>exemplo</strong></span> <span class='ocrx_word' id='word_1_703' title='bbox 1413 4248 1559 4298; x_wconf 85' lang='lat' dir='ltr'><strong>Salvatcria</strong></span> <span class='ocrx_word' id='word_1_704' title='bbox 1576 4248 1673 4310; x_wconf 87' lang='lat' dir='ltr'><strong>nostrl,</strong></span> <span class='ocrx_word' id='word_1_705' title='bbox 1691 4248 1735 4312; x_wconf 90' lang='lat' dir='ltr'><strong>qul</strong></span> <span class='ocrx_word' id='word_1_706' title='bbox 1752 4249 1813 4299; x_wconf 90' lang='lat' dir='ltr'><strong>dum</strong></span> <span class='ocrx_word' id='word_1_707' title='bbox 1832 4250 1857 4299; x_wconf 90' lang='lat' dir='ltr'><strong>id</strong></span> <span class='ocrx_word' id='word_1_708' title='bbox 1874 4249 1945 4307; x_wconf 84' lang='lat' dir='ltr'><strong>tecit,</strong></span> 
     </span>
     <span class='ocr_line' id='line_1_103' title="bbox 1158 4325 1944 4391; baseline 0.004 -16"><span class='ocrx_word' id='word_1_709' title='bbox 1158 4326 1307 4388; x_wconf 89' lang='lat' dir='ltr'><strong>exemplum</strong></span> <span class='ocrx_word' id='word_1_710' title='bbox 1335 4325 1411 4376; x_wconf 88' lang='lat' dir='ltr'><strong>nubta</strong></span> <span class='ocrx_word' id='word_1_711' title='bbox 1438 4326 1567 4389; x_wconf 90' lang='lat' dir='ltr'><strong>praebuit.</strong></span> <span class='ocrx_word' id='word_1_712' title='bbox 1594 4328 1736 4391; x_wconf 83' lang='lat' dir='ltr'><strong>Gregorius</strong></span> <span class='ocrx_word' id='word_1_713' title='bbox 1761 4328 1944 4381; x_wconf 80' lang='lat' dir='ltr'><strong>Nazianzenus</strong></span> 
     </span>
     <span class='ocr_line' id='line_1_104' title="bbox 1157 4403 1945 4469; baseline 0.005 -16"><span class='ocrx_word' id='word_1_714' title='bbox 1157 4403 1321 4467; x_wconf 79' lang='lat' dir='ltr'><strong>Episcopus,</strong></span> <span class='ocrx_word' id='word_1_715' title='bbox 1344 4409 1373 4455; x_wconf 88' lang='lat' dir='ltr'><strong>ut</strong></span> <span class='ocrx_word' id='word_1_716' title='bbox 1388 4407 1530 4464; x_wconf 87' lang='lat' dir='ltr'><strong>scientiae,</strong></span> <span class='ocrx_word' id='word_1_717' title='bbox 1547 4410 1573 4456; x_wconf 89' lang='lat' dir='ltr'><strong>et</strong></span> <span class='ocrx_word' id='word_1_718' title='bbox 1590 4408 1804 4469; x_wconf 89' lang='lat' dir='ltr'><strong>contemplationi</strong></span> <span class='ocrx_word' id='word_1_719' title='bbox 1821 4411 1945 4466; x_wconf 84' lang='lat' dir='ltr'><strong>vacaret,</strong></span> 
     </span>
     <span class='ocr_line' id='line_1_105' title="bbox 1156 4484 1943 4548; baseline 0.003 -15"><span class='ocrx_word' id='word_1_720' title='bbox 1156 4484 1343 4547; x_wconf 91' lang='lat' dir='ltr'><strong>Episcopatum</strong></span> <span class='ocrx_word' id='word_1_721' title='bbox 1359 4484 1468 4535; x_wconf 86' lang='lat' dir='ltr'><strong>dimisit.</strong></span> <span class='ocrx_word' id='word_1_722' title='bbox 1483 4486 1570 4545; x_wconf 83' lang='lat' dir='ltr'><strong>Quare</strong></span> <span class='ocrx_word' id='word_1_723' title='bbox 1586 4486 1631 4548; x_wconf 91' lang='lat' dir='ltr'><strong>qui</strong></span> <span class='ocrx_word' id='word_1_724' title='bbox 1647 4498 1688 4536; x_wconf 89' lang='lat' dir='ltr'><strong>me</strong></span> <span class='ocrx_word' id='word_1_725' title='bbox 1705 4490 1892 4548; x_wconf 88' lang='lat' dir='ltr'><strong>properantem</strong></span> <span class='ocrx_word' id='word_1_726' title='bbox 1910 4485 1943 4535; x_wconf 92' lang='lat' dir='ltr'><strong>ad</strong></span> 
     </span>
     <span class='ocr_line' id='line_1_106' title="bbox 1157 4562 1943 4627; baseline 0.004 -15"><span class='ocrx_word' id='word_1_727' title='bbox 1157 4562 1310 4626; x_wconf 89' lang='lat' dir='ltr'><strong>religionem</strong></span> <span class='ocrx_word' id='word_1_728' title='bbox 1320 4566 1540 4624; x_wconf 89' lang='lat' dir='ltr'><strong>eccuaaut,ctlem</strong></span> <span class='ocrx_word' id='word_1_729' title='bbox 1558 4564 1605 4615; x_wconf 89' lang='lat' dir='ltr'><strong>boa</strong></span> <span class='ocrx_word' id='word_1_730' title='bbox 1622 4568 1755 4623; x_wconf 67' lang='lat' dir='ltr'><strong>accusem</strong></span> <span class='ocrx_word' id='word_1_731' title='bbox 1772 4565 1794 4614; x_wconf 89' lang='lat' dir='ltr'><strong>sl</strong></span> <span class='ocrx_word' id='word_1_732' title='bbox 1811 4564 1861 4627; x_wconf 87' lang='lat' dir='ltr'><strong>ipsi</strong></span> <span class='ocrx_word' id='word_1_733' title='bbox 1878 4577 1943 4627; x_wconf 91' lang='lat' dir='ltr'><strong>pec·</strong></span> 
     </span>
     <span class='ocr_line' id='line_1_107' title="bbox 1156 4642 1942 4705; baseline 0.005 -16"><span class='ocrx_word' id='word_1_734' title='bbox 1156 4645 1266 4700; x_wconf 92' lang='lat' dir='ltr'><strong>cerunt,</strong></span> <span class='ocrx_word' id='word_1_735' title='bbox 1282 4644 1366 4691; x_wconf 86' lang='lat' dir='ltr'><strong>tatecr</strong></span> <span class='ocrx_word' id='word_1_736' title='bbox 1383 4654 1424 4691; x_wconf 92' lang='lat' dir='ltr'><strong>me</strong></span> <span class='ocrx_word' id='word_1_737' title='bbox 1440 4642 1600 4705; x_wconf 84' lang='lat' dir='ltr'><strong>deliquisse,</strong></span> <span class='ocrx_word' id='word_1_738' title='bbox 1616 4643 1678 4693; x_wconf 90' lang='lat' dir='ltr'><strong>licet</strong></span> <span class='ocrx_word' id='word_1_739' title='bbox 1699 4644 1786 4693; x_wconf 90' lang='lat' dir='ltr'><strong>lorean</strong></span> <span class='ocrx_word' id='word_1_740' title='bbox 1809 4647 1942 4693; x_wconf 88' lang='lat' dir='ltr'><strong>tentorum</strong></span> 
     </span>
     <span class='ocr_line' id='line_1_108' title="bbox 1155 4717 1943 4778; baseline 0.006 -10"><span class='ocrx_word' id='word_1_741' title='bbox 1155 4717 1259 4769; x_wconf 78' lang='lat' dir='ltr'><strong>l’atrum</strong></span> <span class='ocrx_word' id='word_1_742' title='bbox 1276 4722 1433 4778; x_wconf 87' lang='lat' dir='ltr'><strong>testimonia,</strong></span> <span class='ocrx_word' id='word_1_743' title='bbox 1445 4725 1472 4770; x_wconf 90' lang='lat' dir='ltr'><strong>et</strong></span> <span class='ocrx_word' id='word_1_744' title='bbox 1487 4721 1616 4771; x_wconf 89' lang='lat' dir='ltr'><strong>adductas</strong></span> <span class='ocrx_word' id='word_1_745' title='bbox 1633 4723 1747 4773; x_wconf 87' lang='lat' dir='ltr'><strong>rationes</strong></span> <span class='ocrx_word' id='word_1_746' title='bbox 1758 4734 1800 4773; x_wconf 91' lang='lat' dir='ltr'><strong>me</strong></span> <span class='ocrx_word' id='word_1_747' title='bbox 1815 4735 1943 4773; x_wconf 86' lang='lat' dir='ltr'><strong>execuaa-</strong></span> 
     </span>
     <span class='ocr_line' id='line_1_109' title="bbox 1156 4797 1942 4861; baseline 0.005 -14"><span class='ocrx_word' id='word_1_748' title='bbox 1156 4797 1234 4848; x_wconf 91' lang='lat' dir='ltr'><strong>bilem</strong></span> <span class='ocrx_word' id='word_1_749' title='bbox 1251 4799 1364 4849; x_wconf 89' lang='lat' dir='ltr'><strong>reddere</strong></span> <span class='ocrx_word' id='word_1_750' title='bbox 1380 4801 1491 4861; x_wconf 88' lang='lat' dir='ltr'><strong>possint.</strong></span> <span class='ocrx_word' id='word_1_751' title='bbox 1514 4801 1590 4861; x_wconf 89' lang='lat' dir='ltr'><strong>Quod</strong></span> <span class='ocrx_word' id='word_1_752' title='bbox 1614 4806 1701 4852; x_wconf 89' lang='lat' dir='ltr'><strong>eutem</strong></span> <span class='ocrx_word' id='word_1_753' title='bbox 1718 4802 1827 4852; x_wconf 88' lang='lat' dir='ltr'><strong>dimisso</strong></span> <span class='ocrx_word' id='word_1_754' title='bbox 1849 4802 1942 4852; x_wconf 90' lang='lat' dir='ltr'><strong>cardi·</strong></span> 
     </span>
     <span class='ocr_line' id='line_1_110' title="bbox 1154 4877 1941 4941; baseline 0.003 -14"><span class='ocrx_word' id='word_1_755' title='bbox 1154 4880 1258 4928; x_wconf 85' lang='lat' dir='ltr'><strong>nalatus</strong></span> <span class='ocrx_word' id='word_1_756' title='bbox 1275 4877 1384 4938; x_wconf 88' lang='lat' dir='ltr'><strong>habitu,</strong></span> <span class='ocrx_word' id='word_1_757' title='bbox 1400 4877 1564 4929; x_wconf 86' lang='lat' dir='ltr'><strong>dissimulato</strong></span> <span class='ocrx_word' id='word_1_758' title='bbox 1581 4879 1684 4941; x_wconf 87' lang='lat' dir='ltr'><strong>habitu,</strong></span> <span class='ocrx_word' id='word_1_759' title='bbox 1702 4893 1744 4930; x_wconf 91' lang='lat' dir='ltr'><strong>me</strong></span> <span class='ocrx_word' id='word_1_760' title='bbox 1762 4881 1849 4930; x_wconf 88' lang='lat' dir='ltr'><strong>itineri</strong></span> <span class='ocrx_word' id='word_1_761' title='bbox 1865 4892 1941 4929; x_wconf 90' lang='lat' dir='ltr'><strong>com·</strong></span> 
     </span>
     <span class='ocr_line' id='line_1_111' title="bbox 1155 4958 1939 5020; baseline 0 -12"><span class='ocrx_word' id='word_1_762' title='bbox 1155 4958 1288 5018; x_wconf 89' lang='lat' dir='ltr'><strong>miserim,</strong></span> <span class='ocrx_word' id='word_1_763' title='bbox 1315 4970 1367 5007; x_wconf 91' lang='lat' dir='ltr'><strong>nou</strong></span> <span class='ocrx_word' id='word_1_764' title='bbox 1392 4958 1486 5020; x_wconf 90' lang='lat' dir='ltr'><strong>opinor</strong></span> <span class='ocrx_word' id='word_1_765' title='bbox 1512 4962 1655 5020; x_wconf 90' lang='lat' dir='ltr'><strong>propterea</strong></span> <span class='ocrx_word' id='word_1_766' title='bbox 1680 4971 1721 5008; x_wconf 88' lang='lat' dir='ltr'><strong>me</strong></span> <span class='ocrx_word' id='word_1_767' title='bbox 1745 4961 1834 5007; x_wconf 87' lang='lat' dir='ltr'><strong>notem</strong></span> <span class='ocrx_word' id='word_1_768' title='bbox 1862 4959 1939 5008; x_wconf 91' lang='lat' dir='ltr'><strong>ullam</strong></span> 
     </span>
     <span class='ocr_line' id='line_1_112' title="bbox 1155 5036 1940 5100; baseline 0.003 -15"><span class='ocrx_word' id='word_1_769' title='bbox 1155 5036 1225 5098; x_wconf 90' lang='lat' dir='ltr'><strong>apud</strong></span> <span class='ocrx_word' id='word_1_770' title='bbox 1250 5049 1359 5100; x_wconf 82' lang='lat' dir='ltr'><strong>gravas,</strong></span> <span class='ocrx_word' id='word_1_771' title='bbox 1383 5040 1410 5086; x_wconf 91' lang='lat' dir='ltr'><strong>et</strong></span> <span class='ocrx_word' id='word_1_772' title='bbox 1436 5036 1580 5099; x_wconf 89' lang='lat' dir='ltr'><strong>prudentes</strong></span> <span class='ocrx_word' id='word_1_773' title='bbox 1605 5038 1678 5087; x_wconf 83' lang='lat' dir='ltr'><strong>viros</strong></span> <span class='ocrx_word' id='word_1_774' title='bbox 1704 5037 1863 5087; x_wconf 84' lang='lat' dir='ltr'><strong>contrahere</strong></span> <span class='ocrx_word' id='word_1_775' title='bbox 1890 5049 1940 5100; x_wconf 92' lang='lat' dir='ltr'><strong>po·</strong></span> 
     </span>
     <span class='ocr_line' id='line_1_113' title="bbox 1155 5115 1940 5179; baseline 0.003 -16"><span class='ocrx_word' id='word_1_776' title='bbox 1155 5115 1325 5167; x_wconf 75' lang='lat' dir='ltr'><strong>intercidam</strong></span> <span class='ocrx_word' id='word_1_777' title='bbox 1342 5127 1422 5179; x_wconf 87' lang='lat' dir='ltr'><strong>quum</strong></span> <span class='ocrx_word' id='word_1_778' title='bbox 1439 5116 1548 5173; x_wconf 81' lang='lat' dir='ltr'><strong>vellem,</strong></span> <span class='ocrx_word' id='word_1_779' title='bbox 1567 5116 1638 5178; x_wconf 89' lang='lat' dir='ltr'><strong>quod</strong></span> <span class='ocrx_word' id='word_1_780' title='bbox 1654 5117 1782 5165; x_wconf 88' lang='lat' dir='ltr'><strong>hactenus</strong></span> <span class='ocrx_word' id='word_1_781' title='bbox 1798 5119 1873 5172; x_wconf 86' lang='lat' dir='ltr'><strong>erat,</strong></span> <span class='ocrx_word' id='word_1_782' title='bbox 1894 5127 1940 5165; x_wconf 87' lang='lat' dir='ltr'><strong>ae-</strong></span> 
     </span>
     <span class='ocr_line' id='line_1_114' title="bbox 1153 5194 1939 5258; baseline 0.001 -15"><span class='ocrx_word' id='word_1_783' title='bbox 1153 5195 1329 5245; x_wconf 89' lang='lat' dir='ltr'><strong>crctissimum</strong></span> <span class='ocrx_word' id='word_1_784' title='bbox 1347 5195 1512 5258; x_wconf 89' lang='lat' dir='ltr'><strong>esse,idque</strong></span> <span class='ocrx_word' id='word_1_785' title='bbox 1524 5197 1632 5257; x_wconf 88' lang='lat' dir='ltr'><strong>proprio</strong></span> <span class='ocrx_word' id='word_1_786' title='bbox 1644 5196 1720 5245; x_wconf 87' lang='lat' dir='ltr'><strong>tratri</strong></span> <span class='ocrx_word' id='word_1_787' title='bbox 1737 5196 1797 5244; x_wconf 87' lang='lat' dir='ltr'><strong>mihi</strong></span> <span class='ocrx_word' id='word_1_788' title='bbox 1814 5194 1939 5244; x_wconf 88' lang='lat' dir='ltr'><strong>ildlssimo</strong></span> 
     </span>
     <span class='ocr_line' id='line_1_115' title="bbox 1154 5272 1939 5335; baseline 0 -12"><span class='ocrx_word' id='word_1_789' title='bbox 1154 5274 1343 5335; x_wconf 86' lang='lat' dir='ltr'><strong>occultassem,</strong></span> <span class='ocrx_word' id='word_1_790' title='bbox 1359 5273 1508 5325; x_wconf 86' lang='lat' dir='ltr'><strong>existimari</strong></span> <span class='ocrx_word' id='word_1_791' title='bbox 1521 5273 1628 5333; x_wconf 90' lang='lat' dir='ltr'><strong>melius,</strong></span> <span class='ocrx_word' id='word_1_792' title='bbox 1644 5273 1723 5323; x_wconf 87' lang='lat' dir='ltr'><strong>ctiam</strong></span> <span class='ocrx_word' id='word_1_793' title='bbox 1737 5276 1761 5322; x_wconf 92' lang='lat' dir='ltr'><strong>iu</strong></span> <span class='ocrx_word' id='word_1_794' title='bbox 1775 5272 1939 5323; x_wconf 86' lang='lat' dir='ltr'><strong>dissimulato</strong></span> 
     </span>
     <span class='ocr_line' id='line_1_116' title="bbox 1154 5352 1938 5417; baseline -0.003 -14"><span class='ocrx_word' id='word_1_795' title='bbox 1154 5352 1244 5404; x_wconf 88' lang='lat' dir='ltr'><strong>babitu</strong></span> <span class='ocrx_word' id='word_1_796' title='bbox 1264 5354 1334 5404; x_wconf 89' lang='lat' dir='ltr'><strong>iuter</strong></span> <span class='ocrx_word' id='word_1_797' title='bbox 1356 5356 1475 5417; x_wconf 88' lang='lat' dir='ltr'><strong>ignotos,</strong></span> <span class='ocrx_word' id='word_1_798' title='bbox 1491 5364 1568 5415; x_wconf 87' lang='lat' dir='ltr'><strong>quam</strong></span> <span class='ocrx_word' id='word_1_799' title='bbox 1590 5365 1648 5401; x_wconf 91' lang='lat' dir='ltr'><strong>cum</strong></span> <span class='ocrx_word' id='word_1_800' title='bbox 1667 5364 1731 5401; x_wconf 82' lang='lat' dir='ltr'><strong>aero</strong></span> <span class='ocrx_word' id='word_1_801' title='bbox 1752 5352 1843 5402; x_wconf 88' lang='lat' dir='ltr'><strong>habitu</strong></span> <span class='ocrx_word' id='word_1_802' title='bbox 1865 5352 1938 5401; x_wconf 89' lang='lat' dir='ltr'><strong>lnce·</strong></span> 
     </span>
     <span class='ocr_line' id='line_1_117' title="bbox 1153 5429 1937 5495; baseline -0.008 -11"><span class='ocrx_word' id='word_1_803' title='bbox 1153 5432 1233 5484; x_wconf 77' lang='lat' dir='ltr'><strong>dere:</strong></span> <span class='ocrx_word' id='word_1_804' title='bbox 1249 5438 1276 5483; x_wconf 90' lang='lat' dir='ltr'><strong>et</strong></span> <span class='ocrx_word' id='word_1_805' title='bbox 1292 5435 1434 5495; x_wconf 87' lang='lat' dir='ltr'><strong>propterca</strong></span> <span class='ocrx_word' id='word_1_806' title='bbox 1450 5443 1465 5479; x_wconf 93' lang='lat' dir='ltr'><strong>a</strong></span> <span class='ocrx_word' id='word_1_807' title='bbox 1482 5442 1579 5493; x_wconf 91' lang='lat' dir='ltr'><strong>poena,</strong></span> <span class='ocrx_word' id='word_1_808' title='bbox 1591 5434 1618 5480; x_wconf 92' lang='lat' dir='ltr'><strong>et</strong></span> <span class='ocrx_word' id='word_1_809' title='bbox 1634 5444 1649 5480; x_wconf 90' lang='lat' dir='ltr'><strong>a</strong></span> <span class='ocrx_word' id='word_1_810' title='bbox 1665 5430 1758 5492; x_wconf 90' lang='lat' dir='ltr'><strong>culpe,</strong></span> <span class='ocrx_word' id='word_1_811' title='bbox 1770 5429 1937 5481; x_wconf 86' lang='lat' dir='ltr'><strong>atebumnie</strong></span> 
     </span>
     <span class='ocr_line' id='line_1_118' title="bbox 1154 5508 1936 5571; baseline -0.005 -9"><span class='ocrx_word' id='word_1_812' title='bbox 1154 5512 1204 5562; x_wconf 90' lang='lat' dir='ltr'><strong>alia</strong></span> <span class='ocrx_word' id='word_1_813' title='bbox 1228 5514 1306 5571; x_wconf 90' lang='lat' dir='ltr'><strong>nota,</strong></span> <span class='ocrx_word' id='word_1_814' title='bbox 1327 5523 1368 5561; x_wconf 91' lang='lat' dir='ltr'><strong>me</strong></span> <span class='ocrx_word' id='word_1_815' title='bbox 1391 5510 1530 5560; x_wconf 89' lang='lat' dir='ltr'><strong>immunem</strong></span> <span class='ocrx_word' id='word_1_816' title='bbox 1555 5520 1616 5559; x_wconf 89' lang='lat' dir='ltr'><strong>esse</strong></span> <span class='ocrx_word' id='word_1_817' title='bbox 1641 5508 1775 5560; x_wconf 84' lang='lat' dir='ltr'><strong>existimo.</strong></span> <span class='ocrx_word' id='word_1_818' title='bbox 1797 5508 1823 5557; x_wconf 91' lang='lat' dir='ltr'><strong>st</strong></span> <span class='ocrx_word' id='word_1_819' title='bbox 1850 5509 1936 5558; x_wconf 89' lang='lat' dir='ltr'><strong>tamen</strong></span> 
     </span>
     <span class='ocr_line' id='line_1_119' title="bbox 1153 5585 1939 5653; baseline -0.011 -10"><span class='ocrx_word' id='word_1_820' title='bbox 1153 5594 1269 5643; x_wconf 88' lang='lat' dir='ltr'><strong>erratum</strong></span> <span class='ocrx_word' id='word_1_821' title='bbox 1286 5594 1345 5650; x_wconf 89' lang='lat' dir='ltr'><strong>est,</strong></span> <span class='ocrx_word' id='word_1_822' title='bbox 1364 5601 1443 5653; x_wconf 90' lang='lat' dir='ltr'><strong>quum</strong></span> <span class='ocrx_word' id='word_1_823' title='bbox 1461 5586 1488 5639; x_wconf 91' lang='lat' dir='ltr'><strong>ld</strong></span> <span class='ocrx_word' id='word_1_824' title='bbox 1504 5588 1645 5637; x_wconf 90' lang='lat' dir='ltr'><strong>humanum</strong></span> <span class='ocrx_word' id='word_1_825' title='bbox 1662 5588 1713 5647; x_wconf 88' lang='lat' dir='ltr'><strong>ait,</strong></span> <span class='ocrx_word' id='word_1_826' title='bbox 1730 5585 1851 5649; x_wconf 90' lang='lat' dir='ltr'><strong>supplico</strong></span> <span class='ocrx_word' id='word_1_827' title='bbox 1875 5585 1939 5634; x_wconf 88' lang='lat' dir='ltr'><strong>San·</strong></span> 
     </span>
     <span class='ocr_line' id='line_1_120' title="bbox 1151 5664 1936 5732; baseline -0.01 -11"><span class='ocrx_word' id='word_1_828' title='bbox 1151 5673 1234 5723; x_wconf 87' lang='lat' dir='ltr'><strong>ctitati</strong></span> <span class='ocrx_word' id='word_1_829' title='bbox 1250 5669 1376 5732; x_wconf 82' lang='lat' dir='ltr'><strong>Vestrae,</strong></span> <span class='ocrx_word' id='word_1_830' title='bbox 1391 5672 1419 5720; x_wconf 92' lang='lat' dir='ltr'><strong>ut</strong></span> <span class='ocrx_word' id='word_1_831' title='bbox 1435 5680 1503 5732; x_wconf 90' lang='lat' dir='ltr'><strong>quae</strong></span> <span class='ocrx_word' id='word_1_832' title='bbox 1519 5667 1582 5718; x_wconf 91' lang='lat' dir='ltr'><strong>mlbl</strong></span> <span class='ocrx_word' id='word_1_833' title='bbox 1597 5667 1717 5729; x_wconf 84' lang='lat' dir='ltr'><strong>graviora</strong></span> <span class='ocrx_word' id='word_1_834' title='bbox 1735 5668 1844 5730; x_wconf 87' lang='lat' dir='ltr'><strong>peccata</strong></span> <span class='ocrx_word' id='word_1_835' title='bbox 1860 5664 1936 5716; x_wconf 89' lang='lat' dir='ltr'><strong>dimi·</strong></span> 
     </span>
    </p>
   </div>
   <div class='ocr_carea' id='block_1_13' title="bbox 0 0 2250 6859">
    <p class='ocr_par' dir='ltr' id='par_1_15' title="bbox 0 0 2250 6859">
     <span class='ocr_line' id='line_1_121' title="bbox 0 0 2250 6859; baseline 0 2"><span class='ocrx_word' id='word_1_836' title='bbox 0 0 2250 6859; x_wconf 95' lang='lat' dir='ltr'><strong> </strong></span> 
     </span>
    </p>
   </div>
  </div>
 </body>
</html>
