4492 6859
296 626 409 715 (slot)
778 628 1064 700 PONTiFiCA'i'US
1088 627 1314 697 atuxattum
1334 627 1460 690 suxrt.
1690 616 1693 622 ’
1736 651 1738 656 s
1880 625 1942 686 248

298 769 463 831 cardinalis
483 787 513 829 se
534 768 683 829 lecturum
704 766 778 830 dixit
797 782 887 849 prout
907 781 936 833 et
955 772 1034 845 lecit,
1055 790 1089 833 ac
1157 788 1277 852 magnas
1303 768 1398 848 Papae
1428 776 1583 828 tenuerunt
1613 766 1716 830 Comes
1745 768 1872 831 Pitiiiaai
1891 788 1941 831 ea·

297 881 413 949 gentem
435 870 526 948 ipsam
545 867 582 930 ed
603 868 666 947 ipsa
687 868 775 942 loca,
796 881 887 949 prout
920 870 973 931 sibi
996 874 1091 934 visum
1156 872 1289 952 pitaaeus
1312 866 1461 929 Ecclesiae
1481 885 1499 925 a
1516 864 1646 941 dextris,
1666 877 1695 930 et
1714 867 1781 930 Dux
1811 868 1904 932 Sorae
1921 888 1941 929 a

299 979 354 1043 est,
371 967 527 1043 ordinavit,
542 979 572 1031 et
588 970 747 1048 praemisit,
769 972 888 1032 retentis
903 973 982 1032 circs
1002 972 1039 1032 Ι).
1054 970 1090 1034 li.
1157 971 1281 1031 sinistris
1301 968 1416 1049 Papae:
1446 967 1496 1046 qui
1529 978 1703 1047 receperunt
1731 971 1843 1050 palmas
1873 989 1941 1033 suas

300 1070 419 1132 circiter
439 1086 494 1132 xo.
516 1069 659 1149 peditibus
692 1088 760 1129 eum
781 1072 897 1132 ensibus
918 1083 948 1132 et
968 1072 1091 1151 saginis,
1157 1082 1220 1150 post
1241 1070 1394 1150 Oispotum
1425 1079 1491 1128 aute
1517 1069 1661 1147 praelatos
1679 1070 1849 1133 assistentes
1877 1072 1941 1133 lion

300 1171 381 1231 ultra
402 1170 509 1249 pedites
526 1171 606 1230 eirca
628 1186 669 1242 o.,
692 1172 883 1249 qui-erucem
903 1173 931 1232 in
954 1173 1020 1232 loco
1040 1190 1091 1231 so·
1158 1169 1444 1249 Roderieusiiorgia
1458 1169 1629 1248 capitaneus
1648 1170 1760 1244 Palatii,
1778 1192 1813 1233 ex
1829 1173 1945 1253 speciali

298 1271 352 1333 lito
372 1281 595 1353 praecesserunt
615 1289 683 1331 cum
714 1274 894 1335 runeonibus
915 1285 945 1335 et
976 1273 1093 1334 ensibus
1157 1270 1338 1334 ordinatione
1356 1255 1474 1351 Papae,
1493 1269 1603 1349 recepit
1624 1272 1733 1350 palmas
1753 1271 1782 1332 in
1801 1271 1856 1333 line
1877 1283 1941 1353 post

300 1371 363 1434 siue
384 1372 499 1434 lanceis.
518 1371 699 1446 Praeterea,
722 1372 777 1435 88.
800 1372 836 1433 Ι).
862 1372 897 1435 Ν.
918 1393 954 1436 ex
975 1392 1091 1434 camera
1158 1391 1277 1444 omme,
1298 1372 1385 1434 etiam
1399 1379 1464 1450 post
1481 1370 1639 1433 servientes
1656 1389 1822 1446 armorum,
1837 1381 1866 1433 et
1880 1384 1945 1454 post

301 1471 508 1546 dissentiente,
527 1483 562 1532 ut
583 1471 696 1534 debitus
709 1473 783 1535 ordo
797 1474 1018 1547 observaretur,
1033 1474 1092 1535 dixi

299 1571 455 1634 Sanctitati
478 1571 557 1633 Suae
578 1574 653 1643 inter
676 1575 822 1654 ipsamet
843 1574 907 1635 iiii.
928 1574 992 1636 ut).
1014 1573 1091 1637 Car·

299 1674 410 1735 dinales
432 1672 559 1735 medium
581 1674 687 1736 debere
707 1693 768 1736 esse
800 1675 960 1747 neminem,
981 1674 1092 1735 nihilo-

305 1775 403 1836 minus
425 1791 517 1852 nuper
537 1773 728 1854 capitaneum
758 1773 906 1836 Ecclesiae
925 1785 954 1835 et
974 1772 1092 1853 Capita·

304 1891 392 1937 neum
413 1873 518 1934 Palatii
551 1872 660 1935 medios
680 1875 845 1953 equitasse,
866 1893 923 1936 aon
955 1878 1015 1937 siae
1036 1875 1092 1934 aii·

302 1993 361 2053 qua
378 2019 385 2034 .
401 2019 409 2034 .
427 1996 446 2047 ,ς
468 1974 632 2053 supplicavi
646 1987 802 2056 propterea
823 1977 980 2038 sanctitati
1002 1976 1092 2047 Suae,

303 2086 337 2136 ut
356 2094 412 2156 pro
433 2092 487 2134 suo
506 2083 536 2135 et
557 2073 756 2137 cardinalium
779 2077 890 2139 bonore
922 2077 1091 2156 dignaretur

301 2174 386 2236 dictis
407 2173 569 2253 Capitaneis
596 2174 735 2236 mandare
756 2176 835 2253 quod
865 2178 894 2237 in
914 2194 1020 2239 eorum
1041 2174 1093 2237 de·

300 2274 362 2336 bito
383 2277 450 2336 ioco
470 2275 656 2350 equitarent:
681 2274 760 2351 quod
782 2286 815 2337 ut
835 2293 890 2337 suo
911 2277 1025 2338 nomine
1046 2277 1093 2336 la·

302 2395 425 2449 cerem,
457 2388 488 2437 et
507 2375 614 2437 eisdem
635 2375 796 2456 capitaneis
818 2379 915 2438 locum
948 2377 995 2436 ubi
1023 2377 1093 2438 mibi

304 2475 457 2536 videretur
478 2478 667 2554 assignarem,
683 2476 753 2537 mibi
768 2477 922 2537 commisit.
941 2477 1093 2556 designavi

304 2576 395 2655 igitur
415 2574 577 2653 capitaneis
598 2577 666 2655 ipsis
687 2578 786 2637 locum
819 2588 884 2658 post
909 2587 1010 2656 gentes
1037 2596 1091 2658 pe·

302 2676 396 2748 dites,
416 2686 483 2738 ante
504 2695 624 2737 erucem
640 2679 800 2741 insedentes
811 2721 823 2752 ,
845 2680 874 2739 in
896 2697 955 2757 quo
975 2699 1026 2759 per
1045 2690 1094 2739 to·

304 2786 368 2837 tum
388 2778 568 2854 equitarunt.
590 2778 760 2858 Capitaneos
792 2781 868 2859 ipsos
898 2780 1093 2858 sequebantur

304 2888 433 2956 quatuor
449 2876 577 2957 pedites,
599 2878 693 2940 sedem
715 2878 811 2959 Papae
839 2891 996 2960 portantes.
1017 2880 1093 2941 Tum

302 2976 435 3057 Magistri
455 2978 589 3052 ostiarii,
610 2979 711 3039 elerici
735 2981 998 3053 caerimoniarum,
1013 2980 1095 3041 Sub·

304 3078 416 3139 diaconi
437 3096 506 3139 cum
528 3097 617 3141 eruce
630 3091 660 3140 et
674 3079 777 3142 ordine
792 3093 940 3144 consueto.
963 3084 998 3144 [l.
1023 3083 1096 3143 iiie·

304 3199 446 3259 ronymus
466 3180 501 3240 de
522 3179 670 3241 ruentis
690 3182 814 3272 Auditor
829 3183 937 3255 Rotae,
952 3183 987 3243 de
1007 3186 1095 3245 mitra

305 3280 401 3361 Papae
422 3280 573 3354 serviens,
593 3281 736 3358 equitavit
766 3283 840 3345 inter
866 3283 939 3344 duos
970 3295 1096 3346 secretos

304 3382 511 3454 cubicularios,
536 3390 565 3442 et
578 3381 635 3440 alie
653 3399 736 3442 more
748 3383 837 3444 solito
852 3382 1005 3444 observata
1029 3395 1097 3444 sunt

303 3483 411 3545 omnis.
632 3538 638 3556 ,

346 3581 434 3643 Faria
454 3591 572 3659 quarta,
590 3597 695 3643 xxvia.
712 3579 781 3642 dieti
805 3582 911 3642 mensis
930 3582 1042 3654 martii,
1057 3581 1093 3644 tt.

305 3680 339 3745 P.
359 3681 502 3745 Dominus
528 3682 672 3743 Antonius
701 3681 736 3743 de
766 3682 863 3744 Monte
884 3693 1019 3763 receptus
1038 3683 1096 3743 luit

306 3783 337 3843 ln
357 3783 530 3844 Auditorem
555 3782 648 3843 liotne
679 3782 826 3844 inlocum
856 3784 1002 3862 quondam
1032 3783 1095 3845 Oo-

305 3883 377 3944 mini
392 3884 473 3945 Petri
493 3882 527 3944 de
541 3882 681 3944 Ferraria
700 3883 828 3962 perilli.
841 3895 937 3963 patres
956 3883 1094 3945 Dominus

305 3982 495 4046 Coaaditores
523 4000 602 4053 suos,
621 3991 649 4042 et
668 3999 724 4059 pro
742 4000 776 4043 ea
801 3983 846 4042 die
869 3982 941 4043 sedit
959 3984 987 4042 ln
1005 4001 1097 4062 cappe

305 4102 360 4144 sua
387 4085 424 4141 ad
442 4083 587 4142 sinistram
610 4080 646 4141 il.
666 4081 700 4140 P.
720 4079 755 4140 O.
774 4081 944 4162 Hieronymi
964 4082 1000 4143 de
1018 4082 1096 4143 Por·

306 4184 407 4255 curiis,
437 4181 605 4243 vicedecani
634 4181 735 4243 Rotae.
754 4181 862 4245 Deinde
891 4183 936 4243 die
963 4184 1096 4256 rebaris,

308 4300 404 4345 xxsx.
416 4279 549 4358 ejusdem
568 4284 683 4355 mensis,
701 4282 772 4344 sedit
787 4283 817 4344 in
837 4286 902 4346 loco
915 4303 980 4358 suo,
998 4295 1026 4345 et
1042 4303 1095 4346 re-

306 4383 430 4462 sumpsit
452 4400 551 4443 omnes
576 4399 691 4453 sauses,
712 4400 814 4444 coram
833 4383 981 4463 praedicto
998 4401 1097 4464 quon·

307 4483 375 4543 dam
392 4484 482 4544 Petro
500 4482 570 4542 dum
593 4483 717 4556 viveret,
738 4484 901 4563 pendentes,
919 4504 971 4565 per
991 4488 1096 4546 remis·

311 4583 421 4646 sionem
449 4583 584 4653 illarum,
607 4582 713 4660 quibus
732 4603 784 4663 per
813 4584 1021 4662 infirmitatem,
1045 4606 1096 4649 seu

310 4684 422 4744 obitum
442 4682 570 4763 ejusdem
596 4681 676 4744 Petri
694 4683 766 4745 alias
786 4688 957 4748 commissae
977 4687 1097 4750 luerunt

312 4784 348 4844 ad
364 4783 569 4845 cancellariam
587 4783 795 4862 Apostolieam,
809 4787 862 4847 sibi
879 4790 1055 4849 commissas.

350 4885 502 4948 Dominicis
521 4885 687 4965 palmarum
708 4902 803 4948 xxxi.
823 4885 879 4949 88.
897 4887 933 4950 Ι).
953 4888 988 4951 Ν.
1008 4909 1098 4971 para·

311 4995 360 5047 tua
378 5003 461 5046 more
479 4983 579 5058 solito,
599 4986 678 5045 veuit
700 4985 738 5045 ad
752 4988 911 5067 cappellam
936 4987 1095 5067 majorem,

312 5087 363 5148 ubi
381 5084 527 5147 benedixit
542 5085 652 5163 palmas
679 5086 800 5160 ibidem,
826 5106 861 5148 ae
876 5108 973 5151 ramos
1002 5092 1098 5151 oliva·

309 5204 379 5247 rum
402 5196 521 5266 paratos
535 5185 686 5258 similiter,
705 5198 734 5247 et
748 5188 869 5266 pslums,
887 5208 960 5267 quss
972 5194 1098 5271 populus

309 5298 392 5348 extra
422 5285 582 5365 cappellam
610 5287 738 5361 tenebst3
767 5291 876 5369 recepit
900 5290 999 5351 deinde
1011 5335 1020 5366 ,
1038 5294 1098 5354 sine

312 5388 400 5447 mitra
417 5384 528 5459 sedens,
544 5404 561 5444 a
577 5384 724 5447 Cardioali
738 5385 925 5469 Neapolitano
939 5392 1098 5455 sueeeuise

1157 1474 1340 1554 cumplures
1357 1471 1407 1531 alii
1423 1471 1628 1549 consanguinei
1644 1470 1754 1552 Papae,
1772 1484 1802 1533 et
1819 1473 1943 1553 hispani,

1159 1593 1214 1655 pro
1236 1572 1340 1653 quibus
1358 1571 1438 1651 Papa
1453 1571 1596 1633 reservari
1612 1572 1678 1632 iecit
1692 1575 1802 1653 palmes
1816 1591 1874 1647 vn,
1887 1592 1944 1654 pro

1159 1673 1323 1753 capitaneo,
1343 1682 1372 1734 et
1391 1670 1505 1732 duobus
1523 1673 1616 1751 ipsum
1635 1673 1817 1750 sequentibus
1835 1673 1945 1754 palmas

1159 1772 1371 1845 Cardinsiares,
1387 1771 1451 1834 aliis
1462 1770 1587 1833 minores
1602 1771 1640 1832 ad
1656 1773 1835 1834 voluntatem
1848 1791 1943 1834 suam:

1159 1893 1259 1936 omnes
1276 1874 1397 1954 praelati
1416 1874 1501 1935 etiam
1523 1874 1740 1954 poenitentiarii,
1755 1884 1784 1937 et
1801 1872 1943 1937 Oratores

1160 1976 1328 2055 Principum
1357 1975 1423 2035 iaici
1440 1986 1470 2035 et
1488 1992 1544 2036 non
1565 1976 1684 2055 praelati
1701 1975 1864 2051 babuerunt
1881 1978 1947 2057 pal·

1159 2094 1243 2149 naas,
1262 2086 1356 2137 tamen
1373 2075 1581 2155 poenitentiarii
1608 2076 1712 2138 ceteris
1733 2078 1878 2150 minores3
1894 2077 1945 2139 aiii

1158 2195 1258 2239 omnes
1279 2195 1376 2237 ramos
1396 2176 1552 2237 olivarum.
1572 2176 1695 2238 Paratae
1714 2190 1811 2240 autem
1826 2180 1946 2240 luerunt

1160 2279 1271 2357 palmae
1302 2294 1427 2337 numero
1449 2293 1554 2339 ctxxs.
1578 2277 1625 2338 vel
1649 2279 1751 2350 eirea,
1772 2278 1807 2340 de
1840 2279 1946 2356 quibus

1160 2376 1371 2458 superfuerunt
1387 2375 1467 2437 circs
1489 2393 1544 2438 xrs.
1565 2395 1638 2455 quas
1658 2376 1736 2457 Papa
1755 2376 1824 2439 lecit
1844 2379 1872 2438 in
1894 2398 1947 2440 ea·

1161 2495 1256 2538 meras
1275 2495 1343 2537 suas
1361 2476 1496 2538 distribui
1517 2497 1572 2557 pro
1590 2479 1808 2541 comerratioue
1826 2479 1862 2539 ab
1885 2483 1947 2542 ictu

1161 2578 1341 2649 tonitruum3
1357 2578 1472 2637 lucrant
1487 2586 1584 2638 autem
1600 2579 1766 2657 palmarum
1782 2565 1951 2657 hujusmodi

1161 2680 1269 2738 multae
1290 2674 1412 2736 liovibus
1438 2686 1577 2747 ornatae,
1596 2676 1676 2754 quod
1697 2696 1752 2757 ego
1771 2679 1800 2737 iu
1830 2680 1949 2741 benedi·

1161 2777 1258 2838 ctione
1287 2794 1389 2838 earum
1423 2775 1537 2849 videns,
1556 2776 1610 2837 leci
1641 2776 1726 2838 liores
1746 2778 1784 2839 ab
1814 2781 1949 2840 omnibus
1975 2787 1977 2791 ’

1160 2879 1276 2959 deponi,
1291 2877 1413 2957 demptis
1430 2889 1543 2938 tantum
1558 2877 1672 2939 duabus
1690 2880 1801 2959 magnis
1814 2890 1843 2941 et
1857 2900 1948 2960 parva

1161 3000 1216 3060 pro
1237 2978 1396 3051 Pontifice,
1416 2981 1446 3040 in
1468 2978 1571 3058 quibus
1593 2978 1700 3040 dimissi
1718 2980 1848 3042 luerunt.
1868 2981 1942 3042 iles.

1162 3080 1197 3141 O.
1213 3079 1373 3143 Cardinalis
1387 3080 1536 3140 leonensis
1556 3080 1659 3140 habuit
1675 3082 1753 3144 ultra
1775 3100 1853 3155 suas,
1872 3081 1944 3143 duas

1162 3183 1272 3262 palmas
1286 3200 1340 3262 pro
1351 3179 1502 3242 Cardinale
1517 3180 1548 3240 S.
1568 3180 1648 3241 Petri
1662 3182 1698 3241 ad
1713 3183 1849 3257 Vincula,
1868 3181 1946 3263 Papa

1161 3283 1198 3342 ab
1218 3303 1255 3345 eo
1275 3284 1473 3361 interrogante
1494 3281 1518 3341 si
1531 3277 1579 3343 e'as
1601 3283 1730 3362 recipere
1749 3284 1844 3344 vellet.
1868 3285 1946 3347 Car·

1162 3383 1266 3445 dinaiis
1278 3384 1504 3454 Beneventanus,
1526 3393 1641 3461 recepta
1662 3400 1713 3441 sua
1733 3385 1842 3463 psima,
1861 3384 1948 3446 rediit

1161 3479 1199 3538 ad
1219 3480 1318 3540 locum
1347 3494 1432 3536 suum
1454 3495 1506 3555 per
1538 3475 1777 3537 inadvertentiam
1798 3489 1948 3552 nostram,

1162 3578 1262 3649 deiude
1282 3596 1388 3658 parum
1404 3588 1469 3656 post
1489 3576 1525 3635 ad
1538 3575 1748 3650 faldistorium,
1764 3577 1813 3637 ubi
1832 3577 1949 3639 dimisa

1162 3680 1277 3759 planeta
1298 3678 1407 3759 recepit
1422 3695 1553 3758 cappam,
1575 3677 1713 3751 sandalia,
1734 3688 1762 3739 et
1783 3690 1949 3758 paramenta

1162 3799 1244 3842 more
1265 3779 1358 3839 solito.
1379 3777 1450 3837 Post
1463 3776 1693 3837 distributionem
1715 3779 1877 3856 palmarum
1892 3778 1951 3840 Se·

1161 3893 1245 3941 nator
1267 3877 1355 3941 Urbis
1376 3877 1454 3938 dedit
1474 3894 1579 3953 aquam
1594 3875 1725 3935 manibus
1745 3877 1850 3958 Papae,
1871 3878 1948 3941 Car.

1162 3980 1256 4041 dinale
1276 3977 1461 4059 Neapolitano
1481 3976 1575 4054 ipsum
1590 3972 1755 4050 adjuvante.
1776 3976 1855 4056 Papa
1875 3997 1950 4058 pro·

1162 4080 1356 4142 cessionaliter
1376 4075 1413 4136 ad
1427 4077 1526 4137 iocum
1542 4075 1593 4135 ubi
1615 4093 1712 4136 ramae
1727 4076 1876 4140 olivarum
1893 4097 1947 4158 po·

1163 4183 1235 4262 pulo
1250 4177 1444 4261 proliciendae
1456 4188 1540 4240 eraut
1549 4186 1637 4239 eunte
1649 4188 1677 4237 et
1688 4175 1788 4238 deiude
1802 4178 1950 4252 redeunte,

1161 4282 1198 4342 D.
1215 4282 1436 4343 Protonotarius
1462 4278 1496 4340 de
1523 4277 1692 4340 Sermoneta
1705 4277 1837 4338 assistens
1853 4278 1948 4357 Papae

1163 4383 1292 4464 portavit
1319 4380 1449 4443 fimbrias
1481 4381 1655 4460 posteriores
1687 4379 1782 4458 Papae
1815 4396 1861 4440 me
1893 4377 1947 4438 sibi

1163 4486 1265 4560 darete,
1285 4486 1354 4562 quia
1375 4484 1490 4543 nulium
1506 4482 1612 4541 laicum
1633 4480 1671 4540 ad
1693 4478 1747 4540 boc
1772 4498 1946 4541 vocaveram

1163 4608 1215 4669 per
1237 4571 1487 4648 inadvertentiam.
1508 4585 1572 4644 Alia
1593 4583 1686 4643 omnis
1708 4581 1860 4643 observata
1882 4592 1951 4643 sunt

1164 4707 1246 4750 more
1267 4696 1414 4749 consueto.
1443 4684 1506 4745 Hoc
1532 4702 1627 4757 mane,
1656 4682 1735 4763 Papa
1756 4700 1872 4744 camma
1893 4702 1948 4744 sua

1163 4787 1501 4869 exeunte,praeseutavit
1520 4804 1550 4847 se
1571 4785 1724 4846 Sanctitati
1745 4783 1824 4845 Suae
1844 4783 1950 4844 Domi·

1148 4902 1218 4951 'nus
1231 4888 1408 4951 Laurentius
1424 4886 1459 4946 de
1471 4885 1560 4949 Bibra
1581 4884 1743 4946 canonieus
1760 4882 1948 4963 maguntinus

1164 4991 1202 5051 lt.
1216 4991 1252 5052 1).
1270 4989 1486 5070 Arcbiepiseopi
1498 4984 1674 5049 coloniensis
1691 4982 1813 5056 Orator,
1826 4984 1878 5063 qui
1894 5002 1946 5045 eo-

1165 5103 1250 5152 natus
1261 5102 1305 5153 est
1315 5090 1491 5152 contendere
1505 5106 1574 5150 cam
1586 5086 1622 5146 O.
1632 5085 1759 5147 Antonio
1777 5083 1819 5145 Oe
1833 5083 1949 5163 Cleppis

1164 5192 1333 5273 Praeposito
1339 5190 1549 5255 Wormaciensi
1559 5188 1596 5248 ii.
1608 5187 1645 5248 Ι).
1653 5186 1869 5267 Arebiepiscopi
1883 5184 1949 5245 iia·

1163 5293 1277 5373 guatini
1292 5289 1419 5353 Oratore
1432 5308 1520 5370 saper
1537 5286 1747 5369 praecedentis,
1763 5287 1828 5347 licet
1843 5305 1859 5345 a
1874 5303 1951 5365 qua·

1166 5404 1234 5454 tuor
1244 5382 1389 5455 mensibus
1399 5393 1521 5454 etuitra
1532 5390 1671 5452 Dominus
1686 5387 1831 5449 Jobanues
1845 5431 1950 5448 .....
2058 5385 2061 5392 ‘

312 5500 372 5550 tres
392 5487 512 5568 palmas.
535 5485 624 5561 Tum,
645 5497 762 5567 recepta
795 5491 881 5551 mitra
909 5501 940 5553 et
965 5492 1098 5572 gremiali
1165 5511 1219 5575 pro
1238 5491 1304 5570 ejus
1320 5493 1434 5556 Domini
1451 5490 1627 5554 coloniensis
1645 5486 1773 5550 Oratore
1793 5506 1824 5549 se
1844 5504 1950 5566 gerens

314 5589 371 5650 sibi
392 5589 537 5668 imposito,
553 5586 709 5662 distribuit,
729 5607 812 5651 more
825 5592 912 5653 solito
933 5593 1099 5655 cantoribus
1164 5595 1325 5674 praelatum
1353 5591 1511 5656 Dominum
1532 5589 1690 5652 Antonium
1720 5606 1751 5649 se
1780 5586 1953 5667 praesedere

311 5690 484 5751 dicentibus:
498 5689 885 5753 PueriHuebreorumetc.
900 5693 1013 5755 Palmae
1027 5694 1098 5755 duas
1165 5692 1283 5775 paciflua
1310 5693 1495 5776 permiserit,
1524 5701 1553 5754 et
1585 5688 1621 5753 de
1650 5688 1736 5750 simili
1770 5687 1952 5750 eontmtions

1951 6041 2025 6155 A
