4492 6859
302 683 413 768 (⁴⁴85)

303 821 379 895 bern,
393 832 421 882 et
433 839 484 901 per
494 837 557 881 cam
574 820 740 898 equitando,
754 824 865 903 primus
883 811 993 883 Orator
1005 822 1091 899 equi·

303 922 375 982 tavit
397 922 506 982 medius
530 921 606 981 inter
608 966 1088 984 ..........

301 1022 646 1102 constantinopolitanum
665 1042 681 1082 a
698 1024 806 1084 dextris
821 1034 850 1084 et
863 1024 1089 1103 gubernatorem

298 1121 390 1182 Orbis
410 1140 427 1181 a
454 1123 583 1182 sinistris.
602 1123 719 1184 Primus
743 1121 853 1185 Orator
870 1123 960 1185 Ducis
978 1122 1090 1183 lledio-

299 1220 420 1282 lanensis
439 1224 584 1300 equitavit
603 1224 713 1284 medius
735 1226 810 1285 inter
839 1224 1087 1303 archiepiscopum

297 1322 534 1384 beneventanum
555 1326 745 1385 secretarium
766 1325 860 1405 Papae
879 1321 1039 1395 adextria,
1059 1333 1089 1383 at

299 1423 344 1484 lll.
360 1423 397 1483 D.
414 1423 458 1485 lu.
474 1424 509 1485 de
525 1424 672 1505 dragonis
695 1424 788 1487 alutae
803 1425 891 1488 Urbis
905 1425 1087 1485 Praefectum

301 1521 451 1584 Romanae
479 1523 625 1585 Ecclesiae
653 1525 839 1606 Capitoneum
861 1525 1026 1604 generalem
1048 1523 1084 1584 ll.

298 1625 333 1686 Ι).
346 1624 506 1686 Cardinalis
517 1626 613 1687 Sancti
628 1627 707 1688 Petri
719 1627 755 1688 ad
770 1628 892 1688 Vincula
903 1642 1086 1706 germanum,

298 1744 316 1783 a
334 1727 461 1785 sinistris.
476 1724 591 1786 Primus
607 1723 719 1788 Orator
738 1728 931 1789 Perrurieusis
947 1726 1088 1805 equitavit

299 1827 411 1886 medius
423 1830 494 1887 inter
510 1827 598 1886 alium
613 1828 793 1907 praedictum
808 1829 969 1907 praelatum
984 1814 1086 1887 Palatii

297 1945 314 1985 a
337 1927 445 1989 dextris
466 1936 493 1988 et
515 1924 671 1988 Oratorem
683 1928 771 2007 llegis
786 1929 906 2007 Arapliac
922 1946 939 1988 a
958 1928 1086 1988 sinistris.

297 2026 450 2087 Secundus
470 2024 583 2087 Orator
597 2029 780 2089 venetiarum
797 2029 872 2089 inter
886 2029 975 2090 alium
998 2045 1088 2108 prae·

297 2127 388 2186 latum
414 2127 514 2188 Palatii
541 2146 558 2186 a
583 2128 700 2197 dextris,
722 2138 749 2189 et
768 2126 928 2190 Oratorem
958 2129 1086 2207 regalem

295 2245 312 2286 a
340 2227 473 2288 sinistris.
505 2228 612 2289 Deinde
639 2230 713 2288 allus
734 2225 844 2289 Orator·
872 2225 1087 2288 Mediolanensis

293 2338 324 2389 ct
342 2327 383 2387 sic
398 2329 445 2387 alli
464 2321 521 2387 boc¹
538 2329 637 2389 ordine
651 2344 718 2388 suut
732 2332 833 2403 secuti,
849 2330 979 2391 amoeiati
994 2347 1086 2408 usque

295 2428 334 2488 ad
356 2428 475 2488 tiotnum
503 2427 538 2486 D.
567 2425 645 2488 Petri
674 2428 709 2489 dc
735 2425 828 2488 Roma
855 2445 911 2490 non
939 2431 1024 2508 longe
1049 2431 1086 2489 ab

294 2531 414 2591 ccclesia
436 2528 541 2588 beatae
562 2528 670 2589 blaciae
691 2527 725 2589 de
747 2527 876 2590 blinerra
897 2531 1030 2609 positam,
1056 2530 1085 2590 in

294 2647 357 2707 qtta
380 2627 539 2707 hospitatus
560 2640 602 2688 est
622 2630 732 2707 primus
752 2626 862 2691 Orator
878 2633 1015 2703 Venetus,
1038 2633 1087 2693 ubl

293 2747 393 2790 omues
416 2723 557 2789 Oratores
581 2745 615 2787 ex
635 2745 712 2806 equo
740 2728 956 2791 descenderunt.
978 2730 1086 2792 Deinde

296 2826 438 2890 Oratores
458 2827 548 2888 Ducis
569 2827 786 2889 Mediolattensis
805 2829 854 2907 qui
870 2832 1003 2910 lsospitati
1019 2830 1085 2891 iuc-

296 2942 368 2990 ruut
391 2931 418 2990 in
441 2929 548 3007 palatio
569 2929 698 3008 ipsorum
719 2929 755 2990 de
776 2929 882 2991 Sancta
911 2931 1007 2993 Cruce
1029 2949 1086 2991 non

297 3033 384 3111 louge
404 3050 421 3090 a
441 3031 552 3110 Campo
572 3031 676 3091 Florae
695 3047 785 3109 usque
803 3032 840 3091 ad
856 3032 930 3092 idern
945 3034 1086 3112 palatium

295 3143 327 3193 ct
348 3150 365 3190 a
392 3132 588 3191 Ferrariensis
614 3128 787 3191 Oratoribus
808 3131 927 3192 luerunt
947 3134 1087 3193 associati.

293 3231 372 3291 Tum
385 3229 469 3291 iidem
487 3228 628 3291 Oratores
646 3230 845 3291 Ferrarieuses
865 3248 957 3309 usque
976 3233 1014 3291 ad
1033 3232 1088 3293 do·

295 3348 378 3391 mum
404 3330 555 3411 cujusdam
582 3329 722 3390 Joaclsimi
753 3331 787 3391 de
816 3331 925 3392 Harma
946 3334 1087 3397 Advocati

777 679 1059 749 conculcastis
1076 679 1300 747 inuocaurtt
1319 679 1471 746 uultu.
1901 685 1941 746 'll

1157 819 1354 884 infirmitatem
1370 821 1397 882 ln
1412 819 1562 903 pubiicum
1573 822 1671 884 venire
1686 838 1742 883 uon
1756 835 1860 903 ponet,
1870 823 1944 885 obes·

1151 913 1296 984 dleutiam
1327 921 1441 983 scillam
1473 933 1503 983 et
1536 931 1704 983 cousuetam
1738 924 1944 1003 praestiterunt

1156 1022 1251 1084 tribus
1266 1021 1454 1096 orationibus,
1471 1037 1600 1101 quarum
1612 1016 1735 1102 primatu
1750 1022 1816 1083 lecit
1832 1019 1943 1084 Orator

1157 1123 1293 1194 Venetus,
1312 1121 1466 1182 secundam
1489 1118 1599 1183 Orator
1624 1123 1853 1198 illediolauensis,
1879 1134 1942 1185 ter·

1151 1213 1225 1286 ctam
1240 1221 1351 1287 Orator
1361 1224 1554 1287 Perrariensis
1563 1228 1942 1307 siminternedtnattqaati

1156 1341 1245 1405 pausa
1267 1325 1389 1405 deapta.
1411 1325 1508 1386 Tertia
1528 1325 1658 1388 oratione
1676 1327 1764 1399 lacta,
1790 1328 1821 1388 8.
1843 1327 1879 1388 Ι).
1901 1327 1936 1388 ii.

1157 1417 1238 1486 brevi
1259 1425 1388 1487 credone
1418 1416 1563 1505 respondit
1583 1427 1715 1488 omuibus
1741 1431 1769 1487 ltt
1793 1429 1943 1489 communi

1156 1536 1184 1585 et
1202 1538 1381 1588 recesserunt
1400 1542 1508 1587 omnes.
1561 1547 1569 1560 ·
1852 1517 1855 1524 ’

1197 1628 1282 1688 Faria
1297 1626 1433 1700 secunda,
1448 1629 1478 1688 Ι.
1492 1619 1675 1705 mensts'jntit
1689 1629 1808 1691 luerunt
1821 1627 1944 1688 indictae
2015 1634 2021 1656 ⁸

1154 1728 1319 1788 vacationes
1345 1727 1495 1806 generales
1515 1726 1551 1787 ab
1572 1727 1627 1790 ltac
1649 1728 1693 1790 die
1714 1727 1863 1807 usquead
1885 1727 1946 1787 ital.-

1156 1826 1285 1887 ociobrls
1306 1826 1460 1888 exclusive.

1196 1928 1281 1989 Faria
1306 1943 1359 2000 tv,
1380 1925 1425 1987 die
1446 1927 1477 1987 u.
1497 1925 1566 1987 dicti
1588 1927 1692 1986 mensis
1705 1924 1772 2005 juttt
1797 1925 1834 1985 ll.
1853 1925 1886 1985 P.
1909 1926 1945 1987 Ι).

1155 2027 1277 2089 tannes
1297 2028 1449 2107 episcopus
1462 2026 1687 2089 warmaciensis
1708 2037 1737 2087 et
1755 2027 1799 2087 ΙΙΙ.
1818 2009 1946 2088 ΙΙἸΙειό

1154 2129 1263 2190 nardus
1292 2127 1396 2189 comes
1416 2128 1451 2188 de
1471 2126 1620 2188 Ebestansi
1651 2118 1803 2201 Oratores,
1834 2123 1946 2188 noralne

1155 2231 1239 2292 lllmi.
1259 2228 1295 2291 Ι).
1317 2230 1436 2290 Comitis
1461 2225 1584 2288 Palatini
1605 2226 1698 2287 libeni
1726 2241 1794 2301 etc,
1822 2218 1946 2306 praesti·-

1154 2341 1253 2392 tcrunt
1275 2329 1426 2392 Sanctitati
1447 2328 1526 2390 Suae
1546 2327 1734 2390 obedientiam
1754 2339 1784 2389 et
1808 2343 1948 2388 reseren-

1155 2432 1225 2491 tlam
1250 2441 1425 2501 cousuetam,
1446 2427 1524 2489 dicto
1538 2428 1654 2488 dutnlno
1680 2428 1821 2507 episcopo
1834 2428 1947 2488 aratio·

1156 2547 1220 2592 uem
1239 2534 1308 2589 satis
1328 2529 1478 2589 barbarice
1499 2530 1706 2607 pronunciante
1721 2523 1775 2608 (l)

1198 2628 1307 2690 Eadem
1329 2629 1384 2700 die,
1406 2629 1484 2689 circa
1500 2627 1603 2689 horam
1618 2625 1773 2689 secundam
1794 2624 1942 2698 maalain

1155 2731 1274 2790 civitate
1303 2728 1510 2802 Urberetana,
1540 2729 1585 2790 vel
1618 2746 1723 2808 prope,
1744 2726 1814 2787 obiit
1844 2723 1881 2786 tt.
1913 2728 1942 2788 in

1155 2831 1273 2892 Christo
1299 2829 1388 2890 Pater
1411 2828 1551 2890 Dominus
1572 2829 1677 2890 Petrus
1698 2827 1857 2889 Cardinalis
1877 2827 1943 2887 Pu·

1154 2949 1281 3003 scarus,
1315 2929 1399 3009 eujus
1429 2930 1523 2989 aalma
1554 2930 1716 3008 requiescat
1736 2926 1763 2987 ln
1785 2944 1863 3007 pace.
1885 2926 1944 2987 Ga·

1157 3032 1246 3093 darer
1268 3028 1330 3108 ejus
1354 3030 1453 3090 deinde
1476 3030 1626 3090 traslatum
1647 3030 1702 3089 luit
1725 3028 1761 3087 ad
1784 3028 1894 3090 Urbem
1915 3038 1945 3088 et

1155 3135 1183 3195 iu
1201 3132 1320 3194 ecclesia
1334 3131 1438 3193 Baetae
1456 3131 1565 3192 blaciae
1582 3130 1617 3192 de
1634 3130 1748 3209 Populo
1763 3130 1791 3189 in
1804 3129 1944 3208 cappella,

1156 3252 1243 3312 quam
1270 3233 1330 3312 ipse
1353 3231 1406 3290 sibi
1434 3240 1659 3304 construxerat,
1686 3229 1853 3309 sepulturae
1882 3237 1947 3286 tra·

1157 3334 1249 3394 ditum
1271 3329 1325 3416 (Ξ).

294 3430 504 3494 Cottsistorialis
519 3432 546 3489 in
562 3430 718 3509 peliciaria,
737 3433 765 3491 in
781 3449 838 3511 qua
857 3431 992 3512 hospitati
1020 3434 1088 3495 lue
1118 3402 1123 3526 Ι
1198 3436 1231 3495 lu
1250 3443 1333 3496 nocte
1354 3442 1507 3510 mouente,
1533 3431 1578 3493 die
1603 3430 1745 3493 dominica
1765 3446 1827 3492 xvc.
1844 3427 1947 3491 mensis

295 3544 378 3603 ruat,
397 3532 527 3591 associati
549 3547 634 3590 more
656 3531 750 3591 solito.

338 3634 422 3692 Feria
434 3642 523 3704 senta,
535 3630 644 3691 decima
662 3632 763 3690 mensis
770 3628 846 3708 junii
851 3678 858 3699 ‚
871 3629 1011 3692 Oratores
1022 3630 1088 3690 Du-

295 3734 339 3792 cis
348 3731 513 3792 Britanniae
525 3750 614 3811 supra
626 3733 745 3810 recepti,
756 3735 784 3790 iu
797 3729 1086 3812 publieocoasistorio

295 3828 326 3887 in
348 3830 432 3890 tertia
453 3830 520 3889 aula
542 3830 641 3907 palatii
661 3829 819 3907 supradicti
841 3829 872 3889 S.
894 3829 929 3887 D.
951 3826 984 3888 N.
999 3829 1087 3887 inuo-

297 3932 392 3991 centio
414 3929 509 4008 Papae
530 3946 589 3989 rua
612 3929 821 4008 praestiterunt
848 3931 961 3989 nornine
985 3944 1088 3988 eorum

296 4030 390 4091 Ducis
410 4028 599 4089 obedientiam
620 4027 744 4087 debitam
763 4039 793 4087 et
812 4039 987 4088 cousuetam.
1008 4023 1088 4087 Ora·

295 4135 405 4191 tionem
427 4129 495 4187 lecit
515 4127 552 4186 lb
576 4126 604 4185 in
625 4126 740 4187 Christo
761 4123 848 4187 Pater
878 4126 914 4187 D.
943 4126 1088 4188 liebertus

294 4233 448 4310 episcopus
469 4227 658 4288 Treeorensis
677 4228 805 4307 primum
825 4230 923 4288 lootrm
945 4229 1019 4289 iuter
1039 4245 1088 4288 eos

293 4331 438 4391 obtinens.

338 4432 421 4493 Feria
446 4448 502 4501 ra,
525 4428 573 4490 ll.
595 4428 663 4488 dicti
686 4429 789 4488 mensis
814 4425 905 4504 iunii,
928 4428 986 4488 duo
1007 4426 1088 4490 Ora-

295 4546 376 4594 tores
393 4530 570 4593 blarcbiouis
584 4529 801 4601 bloutislerrati,
816 4544 887 4589 ιιι.
903 4530 1002 4608 aprilis
1017 4547 1089 4609 pro·

297 4634 374 4692 xime
400 4629 549 4711 praeteriti
571 4632 692 4709 recepti,
713 4630 919 4708 praestiterunt
951 4631 1088 4693 obedien·

295 4732 365 4792 tiam
388 4730 504 4791 filialem
523 4741 551 4791 et
573 4728 697 4790 debiturn
720 4729 752 4789 S.
773 4728 807 4789 D.
824 4728 860 4790 tl.
877 4730 1035 4810 praedicto,
1056 4734 1084 4791 iu

297 4833 419 4913 publico
447 4831 617 4892 comissario
647 4832 676 4890 in
708 4831 793 4891 tertia
825 4833 892 4892 aula
924 4832 1088 4913 supradicta

296 4934 404 4994 ltabito.
434 4929 604 4991 Orationem
625 4930 691 4991 lecit
717 4930 843 4991 Donatus
865 4933 994 5011 primum
1013 4934 1088 4994 intcr

296 5054 347 5095 eos
368 5035 466 5094 locum
485 5030 623 5091 obtinens.

341 5134 425 5197 Paria
459 5152 512 5205 ta,
545 5132 597 5194 98.
628 5133 730 5194 mensis
759 5131 835 5211 junii
864 5133 1002 5213 praedicti
1033 5133 1089 5193 tnta

297 5236 501 5297 consistorium
524 5239 553 5294 iu
573 5236 640 5294 aula
661 5232 846 5308 Pontificum,
868 5237 895 5294 in
913 5253 983 5312 quo,
1002 5234 1033 5294 8.
1053 5233 1088 5293 Ι).

297 5336 404 5398 Nostro
425 5355 460 5396 ex
480 5353 561 5395 more
581 5345 704 5414 parato,
721 5332 862 5396 Oratores
883 5334 993 5409 Veneti,
1024 5334 1089 5396 lle-

296 5438 468 5499 dinlaueusis
486 5448 515 5497 et
540 5436 734 5496 Ferraricnsis
747 5438 888 5510 Ducum,
909 5437 960 5497 at.
983 5437 1086 5496 mensis

298 5540 368 5599 maii
382 5538 511 5619 proxime
524 5536 672 5616 praeteriti
687 5538 804 5616 recepti,
817 5537 925 5602 dlutius
937 5537 1086 5618 publicum

300 5640 503 5702 consistorium
524 5648 645 5717 propter
665 5648 772 5715 pestem
793 5638 822 5697 in
842 5639 923 5702 Urbe
943 5640 1086 5718 ingentem

269 5723 276 5742 ⁶
297 5754 449 5821 expectare
463 5741 601 5812 uolemes,
615 5738 816 5799 maximarum
827 5738 956 5800 Poat‘a‘cx
968 5752 1087 5820 propter

1155 3535 1284 3597 octobris
1313 3535 1391 3595 eirea
1419 3534 1568 3613 septimam
1595 3533 1699 3593 boram
1726 3534 1818 3593 noctis
1849 3530 1885 3590 lt.
1920 3531 1948 3589 in

1156 3637 1274 3699 Christo
1294 3635 1385 3696 Pater
1403 3643 1432 3696 et
1454 3635 1489 3693 D.
1509 3635 1631 3695 loannes
1652 3634 1688 3694 de
1706 3631 1852 3713 aragonia
1871 3631 1949 3691 tituli

1157 3735 1188 3798 S.
1212 3737 1336 3799 Sabinae
1355 3727 1507 3816 presbyter
1536 3735 1623 3813 Regis
1649 3732 1828 3813 Neapolitani
1854 3729 1947 3804 filius,

1156 3838 1265 3899 Romae
1290 3838 1318 3898 in
1340 3837 1446 3915 palatio
1474 3853 1527 3895 suo
1553 3834 1630 3914 apud
1660 3834 1811 3894 ecelesiam
1843 3831 1943 3893 Sancti

1157 3937 1303 3997 Laurentii
1318 3935 1345 3993 in
1357 3934 1465 3994 bucina
1477 3934 1550 3994 diem
1564 3934 1667 3994 clausit
1677 3944 1848 4005 extremum,
1860 3929 1947 4007 cujus

1198 4167 1235 4226 rt)
1251 4165 1342 4215 Oratio
1358 4163 1482 4215 lobannis
1499 4161 1641 4214 Camerarii
1663 4160 1814 4221 Dalburgii,
1829 4158 1946 4219 episcopi

1158 4245 1361 4300 wormatiensis
1378 4242 1412 4293 ad
1429 4242 1608 4292 innocentium
1623 4240 1675 4292 vlu
1696 4240 1828 4296 Ecclesiae
1854 4239 1946 4289 Roma·

1157 4337 1207 4374 aaa
1219 4324 1380 4382 Antistium,
1396 4328 1502 4371 nomine
1517 4320 1627 4382 Philippi
1640 4318 1745 4382 Ingenui
1762 4318 1885 4368 electoris
1896 4314 1941 4364 Pa-

1158 4404 1230 4454 latini
1251 4404 1283 4453 ad
1305 4403 1441 4460 Rhenum,
1458 4400 1556 4459 habita,
1571 4402 1645 4449 catal
1667 4397 1695 4448 ia
1715 4396 1807 4453 baasa,
1830 4408 1877 4457 op..
1899 4394 1942 4445 cil.

1158 4486 1217 4532 tom
1238 4484 1256 4534 l.
1271 4493 1332 4544 pop.
1349 4482 1388 4532 ot.
1705 4515 1708 4520 .
1830 4518 1832 4524 ,

1198 4563 1232 4624 (Ι)
1247 4561 1341 4612 Petrus
1355 4560 1479 4617 inserui,
1494 4557 1615 4614 Venetus,
1632 4553 1726 4613 literis,
1743 4552 1869 4611 naribus,
1884 4550 1945 4613 pies

1159 4646 1211 4692 tate
1237 4641 1341 4690 claruit.
1370 4640 1481 4687 sanatus
1497 4636 1609 4686 Venetus
1626 4630 1798 4683 confirmabat
1818 4632 1876 4692 eius
1893 4631 1945 4680 ele·

1158 4722 1271 4770 ctionem
1288 4721 1313 4768 la
1331 4720 1482 4781 episcopam
1499 4715 1650 4765 Patauinum
1668 4727 1682 4762 a
1698 4711 1772 4761 sisto
1788 4709 1817 4758 lll
1834 4710 1946 4767 iactam.

1158 4800 1206 4849 bac
1223 4799 1413 4849 declarationes
1429 4796 1522 4846 Sadtm
1539 4792 1634 4843 sarnus
1651 4794 1674 4842 cl
1690 4788 1873 4840 ennattinatoas
1889 4787 1948 4837 dari

1156 4877 1331 4941 personalitas
1347 4873 1422 4925 Card.
1437 4874 1505 4923 Pari
1521 4871 1637 4931 Poscari,
1652 4882 1703 4919 noa
1719 4867 1851 4929 dipndalir
1871 4878 1903 4913 nc
1919 4864 1946 4912 in

1156 4961 1287 5021 postuma
1302 4954 1413 5005 Pariana
1434 4952 1479 5002 illa
1504 4952 1593 5015 satura
1608 4951 1670 5001 asset
1685 4946 1858 5000 cardinalium
1873 4955 1946 4993 cosa·

1158 5038 1259 5089 arcada.
1275 5036 1340 5095 liic,
1356 5036 1430 5085 solus
1440 5070 1449 5093 ,
1459 5036 1486 5082 la
1497 5033 1616 5082 conclavi
1633 5027 1802 5079 subscribere
1816 5024 1948 5073 recusauit

1158 5117 1284 5180 capitulis
1302 5130 1316 5165 a
1332 5111 1516 5164 cardinalibus
1527 5111 1611 5173 Papae
1628 5108 1716 5158 lutum
1734 5102 1946 5166 impositistoid.

1157 5208 1218 5259 pap.
1236 5200 1279 5254 li,
1304 5197 1362 5255 tbi
1383 5192 1512 5255 Ughellius
1533 5192 1558 5240 in
1575 5187 1649 5239 ltalia
1670 5184 1751 5237 Sacra
1768 5186 1793 5233 in
1819 5183 1947 5245 geminum

1159 5277 1250 5326 incidit
1268 5286 1397 5332 errorem,
1408 5272 1469 5322 dum
1486 5271 1582 5319 asserit
1600 5266 1629 5315 lv
1646 5266 1707 5316 idus
1723 5262 1872 5314 decembris
1885 5263 1947 5314 liii

1160 5357 1302 5407 Diaconum
1329 5352 1493 5403 cardinalem
1511 5352 1539 5397 et
1555 5348 1709 5409 episcopum
1735 5342 1885 5391 Patavinum
1907 5352 1948 5391 re·

1141 5416 1315 5486 'nunciatum
1332 5432 1424 5483 luisse.
1439 5430 1505 5481 Nam
1522 5439 1573 5477 non
1589 5426 1639 5475 luit
1655 5428 1723 5477 tuter
1750 5422 1878 5472 Diaconos
1899 5419 1947 5471 sed

1160 5515 1232 5565 inter
1247 5512 1421 5577 Presbyteros
1436 5510 1588 5569 assumptus
1604 5502 1761 5561 Cardinalts,
1776 5506 1803 5552 et
1814 5512 1866 5550 noa
1877 5511 1946 5551 auno

1161 5596 1230 5645 tili.
1247 5592 1295 5642 sed
1312 5594 1382 5642 tiit.
1398 5586 1560 5638 Emendaadl
1576 5584 1690 5646 neumae
1701 5584 1780 5633 etiam
1798 5581 1944 5643 scriptores

1159 5676 1272 5725 vitarum
1285 5668 1461 5721 Cardiualium
1472 5667 1516 5730 oui
1527 5666 1694 5716 consentiunt
1711 5662 1886 5715 illumtilcmac
1895 5660 1943 5711 da·

1158 5753 1283 5813 cessisse,
1299 5750 1388 5815 ignota
1403 5748 1448 5800 dle
1464 5745 1525 5798 saal
1543 5744 1618 5797 titi.
