4492 6859
246 647 360 729 (last)

248 783 333 846 hodie
354 782 489 844 ultimum
510 779 586 842 diem
606 784 794 859 exequiarum
820 779 1036 860 praedictarum

247 900 398 963 peragere.

289 983 374 1044 Faria
384 994 501 1060 quarta,
512 982 554 1042 bl
566 982 635 1043 dicti
647 981 963 1058 aneuisaugusti,cum
971 977 1035 1040 lili.

246 1081 309 1141 Di).
326 1081 494 1143 Cardiaaies
509 1081 710 1160 cognovissent
724 1079 862 1140 cmclare
875 1078 1037 1167 perlectum

245 1201 303 1245 raon
316 1202 389 1256 esse,
403 1192 557 1262 propterea
576 1180 648 1243 iilud
663 1181 774 1240 intrare
789 1195 846 1238 nnn
860 1195 960 1257 passe,
974 1186 1037 1236 sta·

246 1293 366 1344 tuerunt
391 1282 478 1343 aliam
503 1282 618 1343 missam
636 1279 840 1340 Munctmum
866 1296 922 1357 pro
940 1276 1036 1336 anima

246 1382 368 1461 praelati
387 1378 538 1443 Pontiiieis
560 1379 643 1442 hodie
667 1380 696 1440 in
721 1378 850 1459 cappella
869 1379 1038 1458 sepulturas

244 1500 314 1544 suaa
339 1467 484 1544 celebrari
503 1479 625 1552 debere,
639 1490 729 1559 prout
743 1478 853 1539 iactum
871 1488 924 1540 est.
942 1475 1037 1555 igitur

245 1582 282 1642 li.
293 1581 330 1642 D.
347 1579 508 1643 Cardiaalls
519 1578 737 1642 liatiscoracnsis
751 1574 910 1639 celebrauit
921 1578 1037 1637 mium

245 1679 415 1759 hujusmodl
428 1680 458 1742 br
471 1680 600 1761 cappella
613 1678 759 1759 praedicta
774 1694 857 1739 more
871 1676 968 1750 sulita,
977 1695 1035 1755 qua

245 1761 332 1842 untn'
341 1782 400 1861 ipse
413 1779 493 1842 ntus
510 1780 660 1843 erenum
675 1777 808 1839 enutri.

286 1879 451 1943 cardinales
460 1878 596 1941 sedeam
606 1880 635 1939 in
645 1876 844 1958 superioribus
854 1875 968 1937 sedibus
981 1876 1038 1937 ibi·

245 1981 311 2043 dem
325 1981 532 2042 mosaicorum
542 1991 611 2052 ete,
622 1979 743 2059 praelati
761 1995 832 2039 vero
846 1977 875 2037 in
891 1978 954 2038 aliia
969 1987 1037 2053 etc,

245 2081 483 2143 beriedciatnram
505 2090 535 2142 et
549 2078 725 2142 clericorum
740 2077 848 2141 bircet
859 2075 1036 2155 inda31'uxta

244 2180 428 2259 sepulturam
447 2180 538 2261 posita
556 2179 677 2241 luerunt
690 2181 836 2244 intorticla
854 2194 973 2249 uiuri,
990 2183 1035 2243 rei

245 2279 348 2354 circa,
366 2291 396 2341 et
420 2279 574 2342 distributa
594 2281 738 2343 intorticia
762 2278 988 2352 cardimlibns,
1007 2292 1037 2342 ct

245 2381 383 2459 praelatis
398 2391 428 2442 et
437 2380 502 2440 aliis
514 2380 627 2443 iaculae
638 2400 720 2446 more
730 2393 882 2455 consuetm
895 2380 1036 2459 lugubres

245 2497 303 2540 non
324 2479 517 2541 inter-luerunt
537 2479 607 2543 huie
628 2483 739 2545 missae.

287 2578 387 2640 Prima
411 2590 442 2640 et
467 2590 570 2640 octaua
596 2580 642 2642 die
666 2584 861 2662 exequialibus
881 2581 1036 2663 praedictis

245 2682 366 2742 luerunt
379 2679 469 2760 posita
485 2698 537 2760 per
553 2683 709 2744 circuitum
727 2684 864 2747 eeclesiae
877 2699 966 2763 supra
982 2701 1036 2745 co·

247 2781 361 2841 lamnas
387 2780 532 2842 iutorticia
558 2799 680 2844 nunuro
709 2783 792 2858 tou,
813 2784 860 2846 vei
881 2786 984 2857 circa,
1002 2796 1035 2847 ut

246 2900 337 2962 supra
351 2881 485 2956 diximus,
498 2900 638 2955 accensa;
653 2902 743 2964 supra
761 2897 891 2947 castrum
909 2884 1036 2962 doloris,

246 2982 384 3044 candelae
401 2992 472 3060 quot
493 2992 570 3044 stare
585 2993 718 3063 poterant
731 3002 853 3047 numero
873 2983 966 3059 iOOO,
989 2987 1034 3048 rel

245 3086 337 3145 circa.
353 3084 424 3144 Aliis
442 3104 490 3146 ses
507 3085 607 3147 diebus
620 3088 808 3162 intermediis,
822 3089 937 3149 nullum
956 3089 1035 3167 posi-

245 3197 310 3247 tum
329 3186 386 3247 iuit
402 3186 581 3249 intorticium
599 3207 688 3268 snpra
709 3191 859 3251 columnas
878 3190 1037 3269 praelatas,

245 3287 296 3348 sed
313 3298 425 3348 tantum
442 3304 546 3347 norem
559 3305 649 3368 supra
664 3301 793 3351 castrum
807 3289 955 3352 dolorisct
965 3309 1037 3352 can·

245 3388 329 3451 delae
340 3408 395 3470 pro
406 3389 567 3465 medietate,
582 3390 621 3452 ita
637 3390 716 3469 quad
733 3391 809 3452 inter
823 3392 953 3471 singulas
965 3390 1039 3452 duas

246 3490 380 3552 candelas
390 3493 473 3553 locus
484 3510 595 3554 vacuus
606 3512 661 3573 pro
671 3493 728 3555 alia
739 3493 857 3556 candela
869 3492 1035 3555 haberetur.

247 3588 329 3654 Nona
344 3591 401 3666 die,
417 3604 515 3655 castro
530 3592 640 3655 doloris
654 3612 711 3655 non
727 3611 827 3655 sumus
843 3594 904 3668 usi3
917 3594 1038 3673 singulis

248 3692 351 3753 diebus
370 3694 401 3754 in
418 3712 485 3756 sero
501 3696 631 3775 pulsatac
645 3706 713 3758 sunt
732 3711 889 3775 campanae
903 3695 1038 3760 basilicae

247 3794 394 3873 praelatae
418 3813 474 3875 pro
499 3795 593 3858 officio
621 3806 808 3858 mortuorum
842 3795 888 3859 dis
912 3797 1037 3858 crastim

248 3894 380 3957 babendo
391 3939 401 3969 ,
414 3907 505 3975 prout
520 3906 564 3957 est
582 3895 617 3959 de
631 3915 733 3972 more3
749 3908 780 3960 et
796 3897 919 3976 singuiis
939 3894 1038 3958 diebus

248 3994 323 4057 hora
334 3996 486 4076 primordii
495 3996 615 4075 singuiis
622 3995 823 4059 cardinalibus
837 4015 889 4077 per
904 4014 1039 4060 cursores

242 4094 427 4175 intimatum,
436 4093 500 4171 quis
507 4095 704 4158 cardinalium
719 4097 844 4159 crastina
855 4095 900 4159 die
910 4098 1039 4161 officium

247 4196 382 4257 iacturas
396 4205 472 4267 crat,
492 4195 571 4274 quod
589 4215 642 4276 per
656 4197 807 4259 sacristam
822 4208 953 4260 nocuum
971 4198 1039 4279 ipsis

248 4296 421 4357 cursoribus
442 4295 637 4358 intimabatur.

292 4394 501 4476 Superioribus
518 4396 619 4459 diebus
636 4396 701 4459 iili.
720 4399 783 4461 OD.
798 4399 964 4463 cardinales
983 4419 1038 4462 vo-

250 4498 339 4558 lentes
356 4515 413 4577 pro
426 4509 555 4577 quatuor
573 4501 710 4563 custodiis
723 4501 827 4564 l’aiatii
847 4514 877 4565 et
893 4501 1040 4565 conclavis

250 4615 333 4659 more
348 4599 435 4660 solito
451 4617 587 4680 personas
604 4602 762 4682 condignas
780 4585 936 4682 deputare,
954 4618 1040 4661 man·

249 4697 358 4761 darunt
368 4700 438 4762 mihi
453 4719 504 4780 per
518 4699 555 4761 R
567 4701 897 4777 uvteenneetnrium,
909 4712 941 4763 ut
951 4718 1040 4781 prae-

249 4799 323 4861 latos
340 4800 370 4861 in
386 4801 469 4862 euna
484 4802 645 4876 existentes,
665 4816 693 4866 et
712 4801 854 4867 Oratores
871 4814 1038 4865 anmtarcm

248 4919 302 4979 per
321 4901 470 4975 natioaaes,
488 4913 517 4968 et
536 4903 590 4964 sibi
614 4916 837 4983 pramentarem,
858 4913 892 4965 ut
915 4902 1039 4970 lucilius,

248 5000 382 5063 omnibus
395 5004 530 5083 cognitis,
543 5017 657 5087 possent
673 5025 709 5070 ex
726 5006 783 5069 iliis
800 5025 874 5085 quos
886 5007 992 5069 vallem
1001 5005 1038 5066 ad

249 5102 411 5163 custodiam
427 5101 592 5181 hujusmodi
606 5105 756 5186 deputare,
775 5106 852 5186 quod
872 5117 901 5168 et
918 5106 984 5179 ieci,
1003 5124 1038 5168 ac

249 5204 393 5283 praelatos
402 5202 439 5264 ii.
452 5202 739 5269 li.llicacanceiiaric
747 5207 942 5287 praesentavi,
954 5206 1038 5286 cujus

242 5315 336 5375 ¹tenor
364 5303 535 5383 registratus
560 5316 604 5368 est
628 5306 713 5369 inira.
732 5307 865 5368 Fuerunt
889 5305 980 5384 igitur
1000 5305 1037 5367 ad

249 5412 377 5479 quatuor
396 5399 561 5479 bojamundi
582 5423 634 5483 per
649 5404 713 5466 lili.
726 5405 788 5467 OD.
809 5403 1038 5467 Cardinaiesde-

251 5501 343 5579 putati
357 5501 524 5572 etsordinati
538 5502 722 5584 infrascripti.

295 5599 339 5662 hd
353 5602 478 5682 primam
495 5602 676 5676 custodiam,
687 5602 798 5667 seilicet
814 5614 915 5684 partae
936 5601 1037 5667 Palatii

252 5702 302 5770 ubi
320 5712 383 5762 erat
403 5704 485 5780 prius
512 5702 664 5782 episcopus
684 5702 866 5780 Cerriemis,
887 5705 1037 5785 deputatus

647 626 649 628 ’
708 641 915 708 conunvu
935 639 1038 705 ausu
1060 641 1207 708 sturm
1229 641 1430 714 ausaausa.
1596 606 1605 618 ’
1784 654 1785 657 ¹
1858 648 1897 711 u

1106 778 1164 839 luit
1186 778 1221 839 ll.
1244 780 1272 840 in
1292 778 1411 843 christo
1436 791 1518 861 pater
1543 782 1675 844 muninus
1699 785 1845 846 lohannes
1865 804 1899 846 er

1107 878 1260 939 comitibus
1270 879 1897 961 nrmtnneteptseopusmnrensistarran-

1106 980 1163 1051 cla,
1179 981 1229 1057 qui
1243 979 1298 1039 sub
1310 999 1341 1041 se
1357 979 1458 1041 babuit
1473 982 1600 1061 quinque
1615 984 1732 1063 pedites,
1746 987 1793 1047 ael
1807 985 1897 1047 circa.

1149 1078 1193 1140 ild
1207 1078 1362 1140 secundam
1381 1079 1553 1155 custodiam,
1568 1082 1701 1146 videlicet
1719 1096 1822 1165 partae
1837 1085 1896 1145 Pa·

1106 1176 1178 1251 latii,
1193 1194 1268 1255 quae
1288 1189 1352 1239 erat
1373 1178 1514 1259 incapite
1534 1184 1692 1258 scalarum,
1706 1203 1765 1263 qua
1779 1186 1839 1247 itur
1859 1187 1897 1245 ad

1105 1274 1260 1337 cameram
1279 1275 1486 1357 Apostolicam,
1506 1281 1568 1342 sire
1589 1282 1617 1341 in
1639 1283 1710 1362 pede
1730 1285 1896 1350 scalarum.

1104 1375 1233 1457 deputati
1245 1377 1363 1439 luerunt
1374 1391 1593 1442 conservatores
1605 1379 1744 1445 Gamerae
1755 1382 1857 1455 Urbis,
1868 1396 1897 1446 et

1104 1473 1206 1556 Capita
1216 1476 1380 1553 regionum,
1391 1477 1525 1543 uidelicet
1536 1467 1663 1560 qualibet
1674 1482 1721 1543 die
1731 1499 1807 1544 unus
1817 1480 1897 1544 con-

1104 1586 1250 1649 secrator,
1263 1587 1293 1637 et
1307 1575 1367 1636 duo
1380 1576 1482 1657 Capita
1503 1584 1657 1660 regionum
1675 1599 1746 1642 cum
1765 1594 1897 1659 qrratuor

1104 1676 1219 1737 civibus
1235 1675 1372 1738 hanania
1391 1677 1535 1741 nobilibus
1556 1699 1677 1762 pereas
1696 1682 1844 1760 eligendis.

1147 1777 1191 1839 nd
1210 1778 1324 1840 tertiam
1339 1779 1513 1855 custodiam,
1526 1799 1600 1859 quae
1611 1793 1675 1844 erut
1695 1784 1724 1843 in
1742 1781 1814 1861 pede
1829 1799 1897 1842 sca·

1105 1881 1214 1950 iarum,
1231 1878 1336 1956 quibus
1353 1878 1390 1939 de
1407 1879 1529 1941 canera
1547 1884 1710 1960 Apostoilea
1732 1880 1896 1943 ascenditur

1104 1978 1141 2039 ad
1157 1977 1323 2051 Palatium,
1341 1979 1470 2060 deputati
1488 1978 1629 2042 ltreruut:
1647 1983 1683 2043 Ι).
1701 1981 1896 2060 llasquurdus

1104 2079 1260 2142 Brisacher
1270 2077 1381 2142 Orator
1391 2080 1564 2143 serenissimi
1574 2082 1773 2163 imperatoris,
1784 2082 1820 2144 D.
1833 2082 1898 2144 Διι-

1104 2180 1199 2241 uellus
1212 2178 1324 2242 Orator
1339 2182 1417 2261 regis
1427 2182 1611 2262 raeapoiitani,
1620 2181 1655 2241 Ι).
1666 2182 1783 2245 Florius
1793 2181 1895 2244 linae

1104 2280 1177 2340 reila
1195 2276 1305 2341 Orator
1320 2281 1399 2359 regis
1413 2278 1597 2360 Ungbariae;
1608 2279 1752 2345 Oratores
1766 2294 1825 2343 tres
1835 2282 1896 2358 aiii,

1105 2395 1180 2440 unus
1194 2378 1276 2441 ducis
1290 2378 1456 2454 Mediolani,
1473 2380 1549 2441 ailus
1568 2381 1631 2443 OD.
1647 2382 1897 2456 Florentincrum,

1103 2490 1133 2542 et
1152 2483 1256 2543 rectius
1277 2481 1340 2543 Di).
1362 2480 1542 2544 senensium.

1146 2581 1185 2643 Et
1199 2581 1365 2642 ordinatum
1386 2580 1453 2652 iuit,
1474 2581 1550 2659 quod
1572 2582 1600 2644 in
1621 2582 1745 2662 singuiis·
1759 2581 1897 2644 custodiis

1104 2680 1290 2759 hujusmodi,
1309 2679 1357 2741 ubi
1378 2690 1479 2759 portae
1499 2692 1584 2753 sunt,
1604 2679 1707 2744 liereut
1724 2684 1821 2744 eiures
1840 2700 1896 2761 op·

1104 2795 1258 2863 portunae,
1273 2782 1427 2844 tradendae
1441 2782 1609 2846 custodibus
1626 2782 1789 2863 praedictis.

1146 2882 1191 2945 ,id
1216 2894 1352 2963 quartam
1377 2882 1554 2958 ennodium,
1575 2904 1649 2963 quae
1672 2896 1736 2946 erat
1762 2884 1895 2963 inportu

1105 2993 1264 3064 conclavis,
1282 2991 1412 3072 deputati
1429 2991 1560 3052 luerunt:
1574 3008 1628 3070 pru
1649 2992 1762 3050 natione
1776 3003 1896 3066 germa-

1106 3093 1170 3153 nica
1189 3091 1226 3152 1).
1249 3090 1354 3153 Petrus
1372 3090 1513 3150 Antonius
1535 3088 1570 3151 de
1587 3089 1703 3168 ciuppis
1719 3088 1897 3169 praepositus

1106 3192 1338 3256 Tuormaicensis
1349 3188 1458 3252 Orator
1474 3188 1551 3249 ltu.
1565 3190 1695 3250 bertoldi
1705 3189 1740 3250 de
1750 3187 1897 3269 llemberg

1105 3298 1190 3358 electi
1215 3292 1376 3372 idsguutini
1397 3290 1531 3354 electoris
1554 3290 1682 3370 imperii,
1705 3290 1742 3350 Ι).
1768 3289 1895 3369 Prosper

1105 3400 1245 3464 camillus
1261 3397 1412 3478 episcopus
1426 3393 1612 3457 cathenensis
1626 3392 1737 3455 Orator
1752 3389 1895 3454 illustriss.

1105 3500 1291 3564 Maximiliani
1317 3499 1399 3561 ducis
1424 3508 1480 3561 etc.
1506 3497 1567 3560 Pro
1594 3496 1708 3557 natione
1735 3493 1831 3555 italica
1859 3489 1896 3551 O.

1106 3604 1212 3665 Franc.
1237 3602 1391 3681 episeopus
1416 3597 1565 3677 Regiensis
1582 3595 1693 3659 Orator
1720 3594 1802 3656 ducis
1819 3593 1897 3654 Fer·

1106 3705 1214 3777 raaiae,
1232 3701 1269 3763 O.
1290 3698 1460 3782 liapnaidas
1479 3697 1515 3760 de
1534 3696 1647 3761 Ursinis
1664 3695 1897 3775 archiepiscopus

1106 3804 1303 3876 Florentium,
1318 3800 1354 3863 O.
1375 3798 1546 3871 heccardus
1564 3796 1683 3859 (iricius
1699 3794 1898 3875 archiepisco·

1106 3906 1400 3987 pusllenerentanus,
1414 3902 1450 3964 D.
1473 3897 1764 3964 UrbanusdeFiisco
1784 3892 1898 3975 episco-

1106 4025 1162 4088 pus
1176 4004 1392 4073 rotonensem,
1405 4001 1441 4062 1).
1461 4000 1660 4079 Hieronymus
1680 3997 1715 4061 dc
1735 3993 1897 4059 cnmltibus

1107 4108 1258 4188 episcopus
1278 4102 1437 4174 iiauanus,
1458 4100 1494 4161 Ι).
1517 4098 1687 4161 hudonem
1703 4098 1738 4160 de
1757 4095 1895 4174 Goneaga

1107 4205 1322 4269 administrator
1340 4203 1402 4266 sire
1418 4204 1529 4265 eiectus
1546 4201 1732 4273 Mantuanus,
1747 4199 1797 4277 qui
1817 4214 1897 4257 asse·

1108 4326 1175 4371 rens
1188 4326 1218 4369 se
1229 4302 1376 4368 indrmum
1390 4321 1451 4365 asse
1465 4320 1521 4366 non
1535 4299 1696 4382 acceptarit
1706 4317 1778 4361 mus
1790 4294 1896 4374 bajas·

1107 4406 1186 4469 modi
1208 4405 1263 4468 sibi
1291 4402 1495 4476 commissum,
1519 4402 1555 4465 O.
1581 4402 1756 4468 Franciscus
1778 4400 1814 4463 ds
1833 4398 1895 4462 Co·

1107 4510 1206 4569 lumna
1216 4503 1427 4569 atlaanlnsde
1438 4502 1608 4566 Sermoneta
1618 4503 1701 4565 Sedis
1712 4500 1895 4581 hpmtolieae

1106 4604 1327 4689 prorumpunt.
1342 4603 1404 4668 Pro
1419 4603 1534 4667 natione
1545 4603 1661 4683 gallica,
1672 4602 1708 4663 li.
1720 4600 1896 4663 Eustochiae

1107 4706 1340 4787 archiepiscopus
1349 4704 1534 4776 Arelatensis,
1544 4715 1573 4768 et
1584 4704 1620 4765 l).
1632 4703 1736 4766 Petrus
1747 4703 1896 4782 episcopus

1107 4803 1300 4869 Nannetensis.
1316 4805 1376 4867 Pru
1393 4804 1507 4867 natione
1522 4802 1666 4884 hispanica
1685 4801 1721 4864 u.
1741 4799 1896 4863 candissi-

1108 4925 1164 4968 rus
1185 4907 1294 4970 eiectus
1311 4903 1567 4976 Barchinonensis3
1585 4915 1615 4965 et
1636 4919 1691 4983 pru
1708 4899 1821 4960 natione
1841 4914 1895 4957 an-

1106 5008 1220 5088 glicana
1232 5005 1269 5067 O.
1287 5004 1430 5068 lohannes
1443 5004 1591 5084 episcopus
1604 4998 1798 5066 lluneehensis
1815 4994 1896 5058 Ora-

1107 5120 1156 5170 tor
1177 5108 1255 5186 regis
1274 5104 1410 5184 ingiiae,
1431 5120 1466 5164 ac
1487 5121 1543 5182 pro
1562 5101 1680 5181 regione
1706 5094 1894 5159 riusdiamnae

1107 5207 1139 5271 S.
1153 5204 1291 5270 lobannis
1308 5202 1560 5283 hierosolymitani
1577 5200 1613 5261 l).
1629 5197 1773 5261 lohannes
1782 5194 1894 5257 Kendai

1107 5306 1257 5387 Virgilius,
1269 5301 1349 5365 miles
1362 5300 1471 5364 ordinis
1486 5299 1585 5362 Sancti
1595 5298 1732 5363 lobannis
1745 5294 1895 5379 praedicti,

1107 5401 1363 5485 Tburcapeilerius
1377 5400 1496 5461 Rodien.

1149 5502 1319 5565 camundis
1337 5500 1380 5562 ci
1399 5498 1502 5562 metuis
1513 5498 1631 5577 augusti
1645 5496 1778 5579 praelati,
1791 5495 1820 5556 in
1841 5494 1896 5554 ba·

1106 5604 1187 5665 silica
1203 5599 1302 5663 Sancti
1316 5600 1408 5673 Petri,
1420 5598 1457 5659 ad
1477 5598 1582 5661 ostium
1600 5596 1720 5659 cancelii
1734 5595 1822 5658 ierrei
1843 5611 1895 5672 per

1107 5723 1192 5783 qtrem
1208 5702 1244 5763 ad
1257 5702 1349 5762 altare
1364 5698 1460 5776 majus
1472 5697 1599 5762 intratur
1611 5697 1648 5759 ab
1657 5708 1750 5771 extra,
1760 5704 1893 5775 paratum
