4492 6859
242 590 351 693 (laos)

243 775 284 791 ·-
322 746 467 825 angasia
490 783 528 795 -
564 745 781 809 Moschionetus
802 750 965 811 Viennensis
992 784 1029 796 -

245 842 356 905 Pontus
375 844 481 905 Naonis
496 880 534 893 —
557 846 662 909 Phiele
680 847 839 908 Comitatus
851 848 887 910 de
906 849 1031 910 Ferrera

247 1091 297 1150 lui,
314 1091 402 1141 divina
420 1092 506 1141 omnia
523 1092 693 1155 prophanari,
709 1092 849 1153 humanaq.
861 1096 955 1141 cuneta
972 1104 1033 1141 con·

245 1169 403 1219 tunditiloc
416 1174 519 1233 tempus
536 1171 659 1220 idoneum
676 1169 818 1228 vindictae,
835 1183 895 1219 cum
907 1174 945 1228 tu,
961 1173 1031 1219 moto

244 1259 293 1308 per
309 1246 481 1298 Brundusium
494 1248 624 1308 exercitu,
635 1252 662 1298 et
679 1253 804 1310 superato
821 1250 892 1297 circa
909 1248 1031 1299 llalonam

246 1326 323 1385 meri,
337 1328 458 1376 incautos
474 1340 520 1376 eos
537 1332 682 1389 opprimes,
692 1332 719 1376 et
736 1329 810 1390 prius
827 1330 900 1376 tuum
917 1328 1033 1378 sentient

245 1405 342 1454 vulnus
357 1418 436 1468 quam
455 1408 549 1468 sepeli
566 1407 719 1469 intelligant:
735 1406 796 1455 hinc
814 1405 932 1455 diversio
948 1417 1034 1455 armo·

248 1495 306 1532 rum
324 1496 357 1533 ex
375 1484 469 1533 illirico
485 1491 514 1534 ut
531 1498 655 1549 aggressa
672 1484 825 1534 defendant.
844 1483 903 1535 Non
919 1482 966 1532 tibi
981 1484 1033 1533 llo·

248 1573 387 1610 manorum
412 1561 557 1624 impensior
581 1563 789 1619 Maximilianus,
813 1574 867 1611 non
892 1562 1034 1623 religiosis·

248 1642 308 1688 simi
323 1638 509 1702 Hispaniarum
534 1642 636 1703 Reges,
652 1654 704 1690 non
721 1644 817 1703 potens
832 1640 939 1701 Angiiae
962 1638 1032 1695 ilex,

246 1731 300 1766 non
316 1719 388 1776 Daci,
404 1732 456 1769 non
466 1720 609 1780 Sarmatae,
620 1734 674 1770 nun
685 1721 811 1769 universa
823 1720 897 1767 ltalia
910 1715 1034 1774 defuerlt;

248 1798 331 1857 gloria
347 1797 430 1848 decus
446 1803 520 1848 tuum
537 1802 596 1859 erit,
613 1799 688 1848 tabor
704 1810 764 1848 eum
780 1797 903 1847 omnibus
926 1804 1036 1854 aequus.

248 1875 309 1927 Noli
325 1880 492 1928 occasionem
509 1886 659 1940 lemporum
675 1878 817 1934 deserere,
833 1888 866 1924 ne
883 1885 942 1922 eum
958 1883 1034 1919 resu-

250 1968 323 2005 mere
339 1958 457 2019 neglecta
472 1959 588 2008 volueris
605 1959 704 2008 trustra
725 1956 839 2007 labores.
859 1954 906 2003 list
927 1952 974 2001 tibi
990 1962 1035 2000 so·

251 2036 304 2085 lida
321 2035 411 2094 domi,
429 2042 456 2087 et
472 2038 538 2087 loris
555 2039 630 2100 quies
641 2072 650 2096 ‚
662 2042 692 2086 ut
708 2036 773 2085 nihil
790 2033 954 2084 formidabile
976 2030 1035 2090 post

251 2116 350 2174 largum
363 2115 507 2177 relinquas.
517 2116 543 2165 Sl
559 2117 624 2178 quid
638 2120 665 2166 le
683 2117 787 2173 retinet,
802 2125 895 2170 mone;
910 2114 1035 2173 quantum

249 2191 277 2238 in
295 2203 335 2240 me
351 2194 401 2242 erit
417 2195 577 2256 praestabo,
587 2200 616 2245 ut
632 2199 729 2245 cuncta
745 2193 793 2241 tihi
809 2194 937 2255 pareant,
954 2193 980 2238 te
995 2197 1036 2236 se·

252 2276 376 2332 quantur,
393 2277 419 2322 te
437 2274 580 2335 respiciant
598 2295 620 2322 ι.

294 2349 400 2400 Praeter
427 2350 543 2400 oblatam
570 2352 736 2414 epistolam,
767 2351 880 2411 legatus
910 2344 1036 2395 Mediola-

251 2429 342 2477 nensis
369 2430 598 2480 exhortationibus
625 2433 679 2480 suls
705 2429 821 2479 animum
848 2426 924 2487 Regis
946 2425 1036 2474 Gallici

250 2507 361 2557 ilectere
385 2521 433 2569 pro
456 2521 536 2570 posse
563 2508 677 2567 studnil;
693 2512 720 2558 et
736 2510 791 2558 iiex
807 2507 884 2567 cujus
910 2505 1037 2565 voluptati

249 2585 334 2634 verba
357 2586 444 2647 Legati
469 2587 682 2646 satisfaciebant,
699 2589 785 2636 animo
803 2586 949 2635 laetissimo
968 2581 1038 2629 iuvi·

250 2666 377 2714 talionem
394 2667 510 2727 excepit.
526 2665 704 2734 Bernardinus
721 2666 831 2723 corius,
846 2663 891 2725 qui
908 2674 942 2711 ex
958 2659 1038 2709 lonti-

252 2742 303 2792 bus
319 2744 477 2793 authenticis
493 2746 602 2795 notitias
618 2747 774 2806 saepissime
785 2744 933 2800 derivavit,
948 2744 1038 2790 narrat

253 2822 373 2872 Carolum
385 2824 479 2886 Regem
495 2825 625 2875 Primores
646 2827 725 2888 ltegnl
748 2834 774 2893 et
790 2824 924 2874 Ecclesiae
940 2833 1039 2872 convo·

254 2914 348 2961 casse,
364 2904 466 2965 illisque
484 2905 556 2952 hauc·
566 2906 712 2953 orationem
728 2903 845 2952 dixisse:
944 2937 947 2942 a

296 3000 307 3022 ·
324 2980 357 3030 Se
374 2981 382 3029 l
400 2984 484 3031 nostri
506 2985 629 3047 maggiori
653 2984 697 3033 nel
721 2987 809 3044 tempo
831 2984 936 3043 passato
953 2979 1039 3028 banno

254 3060 416 3109 combnltuto
432 3074 481 3123 per
498 3074 653 3113 accrescere
670 3065 694 3111 la
716 3062 814 3124 dignita
837 3059 1040 3120 dell'lmperio,

253 3151 269 3188 e
293 3151 340 3201 per
364 3142 517 3202 conseguire
539 3152 668 3203 appresso
685 3141 711 3189 di
728 3143 796 3190 tutte
812 3140 837 3187 le
858 3138 929 3199 genti
956 3137 1039 3196 gloria

254 3221 416 3279 immortale,
426 3224 524 3283 quanto
536 3220 580 3282 piis
595 3232 611 3269 a
628 3221 671 3269 noi
687 3218 702 3269 e
719 3219 870 3268 necessario
884 3226 961 3265 usare
974 3212 1040 3263 l‘ar·

256 3299 311 3352 mi,
328 3298 398 3346 accio
425 3299 601 3359 ricuperiamo
627 3298 708 3360 quei,
733 3296 962 3358 ch'iniquamente
989 3291 1040 3340 n’e

258 3376 343 3424 tollo!
363 3376 417 3425 Deh
435 3377 561 3438 vogliamo
578 3378 711 3425 arvertire
728 3377 752 3424 el
769 3377 861 3423 nostro
877 3383 975 3429 onore,
997 3369 1040 3419 del

256 3456 306 3503 che
331 3456 357 3503 n’
370 3454 449 3504 sveri
465 3470 480 3504 a
496 3454 640 3505 succedere
660 3454 833 3517 grandissima
852 3452 949 3513 gloria,
965 3461 979 3497 e
996 3447 1041 3510 pid

256 3538 305 3587 che
321 3537 354 3599 gli
371 3537 431 3584 altri
455 3546 559 3584 saremo
583 3535 732 3583 clarissimi.
753 3531 917 3584 Ferdinando
938 3529 1040 3577 d'lira·

257 3628 333 3678 gena,
357 3618 498 3676 procreato
520 3613 546 3662 di
572 3618 650 3675 gente
666 3615 772 3675 ispana,
789 3623 890 3672 occupa
914 3610 931 3658 il
948 3609 1041 3658 heame

255 3694 412 3756 Napolitano
437 3707 451 3742 a
476 3694 519 3742 noi
542 3691 640 3744 dovuto
656 3705 706 3754 per
722 3693 828 3754 ragione
845 3688 999 3746 ereditaria,
1015 3690 1042 3735 et

256 3773 338 3820 anche
360 3784 408 3834 per
425 3772 515 3822 ultima
533 3771 646 3822 voiontd.
661 3770 815 3820 veramente
832 3768 882 3816 alla
894 3764 1044 3815 nostraen-

257 3861 368 3909 rona‚e
392 3863 445 3899 nou
469 3862 561 3899 manco
579 3863 594 3898 a
614 3851 659 3898 voi
683 3850 743 3897 altri
765 3847 884 3908 Prencipi
904 3843 1005 3907 signori
1027 3855 1042 3892 e

256 3930 282 3977 d'
292 3931 350 3990 ogni
379 3929 446 3975 altro
463 3926 536 3975 Staio
552 3928 574 3975 si
596 3927 647 3988 pub
670 3925 810 3975 attribuite
832 3938 847 3972 a
868 3924 1042 3985 grandissima

256 4008 373 4068 ignavia,
386 4018 415 4053 se
433 4016 482 4065 per
498 4007 586 4055 avanti
603 4005 759 4053 lascieremo
775 4006 801 4051 in
819 4015 878 4051 mun
898 4001 940 4050 del
952 4004 1043 4050 nostro

257 4087 363 4134 inimico
389 4086 484 4147 queste
512 4081 637 4141 credili,
662 4083 680 4130 il
707 4082 851 4131 novissimo
878 4080 992 4137 hearne,
1019 4080 1043 4129 le

256 4164 381 4226 opulente
404 4160 488 4220 cittis,
504 4161 628 4221 Castelii,
643 4173 658 4210 e
676 4164 762 4220 terre,
782 4160 849 4210 dalle
873 4159 942 4221 quali
965 4156 1045 4207 amut-

256 4256 318 4300 sce,
330 4241 415 4291 lerlile
429 4240 456 4289 di
467 4240 619 4302 vittuaglle,
635 4251 650 4289 e
666 4251 806 4290 numerose
818 4242 910 4301 genter
922 4251 937 4288 e
948 4237 974 4287 dl
985 4249 1044 4300 pre·

257 4325 334 4373 sente
351 4322 375 4369 la
394 4320 523 4369 necessita
542 4332 575 4368 ne
592 4320 669 4380 priva
685 4319 747 4369 dell’
760 4319 947 4376 escusatione;
969 4328 1043 4367 come

257 4408 292 4453 da
318 4402 402 4463 primo
429 4399 457 4448 iu
484 4404 569 4448 morto
590 4398 719 4447 hodovlco
742 4400 794 4447 mlo
819 4397 902 4458 padre
929 4395 1043 4444 essendo

257 4481 393 4539 ianciullo,
413 4491 518 4540 sempre
540 4490 591 4526 una
613 4478 738 4527 intestina
755 4489 850 4540 guerra
868 4488 909 4525 me
926 4476 960 4525 ba
978 4488 1043 4525 cou-

259 4560 381 4617 turbato,
398 4563 425 4607 et
441 4557 474 4606 ba
490 4557 642 4606 continuato
666 4557 749 4605 linos
771 4558 857 4619 questi
881 4557 970 4617 templ.
995 4554 1043 4604 Pa·

258 4638 394 4695 rendomi‚
410 4637 458 4685 obe
475 4637 492 4685 il
509 4635 632 4684 dubitare
648 4635 719 4685 fosse
737 4634 911 4696 grandissima
927 4634 1043 4696 ignavia,

259 4722 286 4764 et
302 4715 451 4777 vituperio,
477 4715 565 4762 vorria
588 4716 677 4762 avanti
697 4727 777 4764 avere
795 4716 944 4775 ricuperaio
961 4714 985 4762 la
1002 4725 1043 4761 rs·

259 4797 352 4858 gione,
370 4795 418 4843 che
434 4794 468 4854 gii
490 4794 549 4842 anni
567 4795 655 4854 persis
672 4806 714 4842 ma
730 4794 756 4841 in
772 4796 866 4855 questo
885 4794 958 4853 luogo
979 4802 1044 4852 peg-

259 4877 300 4936 gio
317 4872 348 4932 e,
364 4874 412 4922 che
431 4873 447 4920 l’
460 4873 565 4921 inimico
588 4885 686 4934 pensa,
702 4872 751 4922 che
768 4884 863 4933 presso
879 4872 905 4919 di
926 4872 969 4920 noi
991 4882 1043 4922 non

259 4954 298 5001 sia
315 4953 407 5001 alcuna
424 4952 571 5013 ragione‚e
588 4964 635 5014 per
652 4952 675 5000 la
693 4952 768 5013 lunga
785 4948 1044 5012 dimoradispreggia

260 5032 285 5080 le
312 5035 401 5080 nostre
428 5030 543 5086 iorze,e
560 5031 641 5079 cheli
664 5041 740 5079 nome
767 5029 865 5079 Gallico
892 5029 968 5092 quasi
996 5039 1044 5089 per

260 5110 368 5159 mollitia
393 5110 505 5158 esercita
529 5110 552 5157 te
575 5119 718 5171 vergogna‚
746 5108 779 5157 nb
800 5108 932 5169 dispreazi
952 5108 974 5155 lo
994 5106 1045 5156 riu·

260 5190 375 5245 chezze.
396 5188 419 5236 le
446 5187 516 5247 quali
539 5199 588 5235 con
604 5192 662 5248 ogni
680 5189 810 5250 ingenuo,
830 5199 845 5237 e
866 5188 1044 5249 sceleraggiue

261 5270 477 5317 tirannicamente
496 5269 639 5316 hacavalo
661 5268 730 5317 dalle
752 5270 854 5316 viscere
871 5266 897 5315 di
913 5271 975 5329 quei
995 5281 1045 5329 po.

262 5348 323 5408 poll.
339 5346 370 5397 Et
386 5348 403 5395 il
420 5350 546 5396 veterano
562 5348 644 5396 milite
660 5348 769 5397 Alionso
781 5360 828 5396 suo
840 5346 965 5409 ligiiuoio,
982 5358 1045 5408 pre·

262 5430 349 5477 stante
377 5425 544 5483 bellesme,
566 5427 599 5474 ba
615 5426 749 5476 restituito
778 5426 938 5489 imperatore
960 5426 1044 5488 degli

263 5508 368 5555 eserciti
392 5509 482 5555 contra
506 5505 549 5554 del
571 5505 714 5565 Pometios,
737 5511 765 5555 et
795 5506 854 5556 altri
876 5506 984 5556 linitimi.
1005 5507 1046 5556 Ma

262 5589 306 5636 noi
335 5585 552 5648 principaimenle
584 5598 632 5647 per
660 5587 684 5635 la
714 5586 787 5649 egual
815 5590 937 5648 ragione,
961 5587 1045 5648 peria

263 5678 394 5730 possanna
417 5657 463 5716 del*
483 5670 575 5717 nostro
591 5666 705 5716 esercita
723 5667 844 5726 interno,
860 5669 887 5716 et
902 5668 1045 5731 esterno,i

747 610 1034 678 Ponllslclllls
1054 609 1278 673 lhllxtllnlll
1299 608 1425 673 slixil.

1822 609 1884 671 sol

1099 780 1138 792 —-
1162 747 1335 807 Bsisacilurn
1353 782 1389 793 -
1414 746 1514 806 Patria
1533 747 1611 807 ultre
1633 744 1761 807 Oretum
1782 746 1887 808 flumen

1100 849 1149 908 ubi
1170 862 1212 911 eet
1234 848 1319 910 Lintz
1351 894 1882 912 ...........

1578 1011 1879 1021 ——n-——ae———n-

1100 1093 1192 1145 soldali
1210 1094 1308 1145 assueti
1326 1107 1373 1156 per
1390 1095 1414 1145 le
1431 1095 1554 1145 continue
1573 1107 1668 1157 guerre
1685 1096 1753 1145 nelle
1766 1108 1830 1155 gran
1847 1096 1885 1146 ia·

1099 1174 1186 1232 liche,
1204 1175 1210 1221 i
1227 1175 1341 1235 capitani
1366 1175 1479 1235 egregii,
1496 1173 1538 1222 all'
1549 1174 1634 1235 amplo
1656 1175 1768 1233 lleame,
1783 1174 1886 1224 tidelis·

1099 1251 1156 1300 simi
1174 1253 1279 1313 popoli,
1297 1253 1319 1301 le
1336 1253 1424 1301 riccho
1451 1253 1587 1313 provincie
1604 1257 1630 1301 at
1647 1253 1673 1301 in
1690 1254 1748 1314 ogni
1766 1258 1840 1315 parte
1857 1253 1886 1303 in

1100 1341 1182 1389 pace,
1206 1331 1361 1380 lievemente
1377 1343 1393 1380 e
1410 1342 1489 1380 senza
1515 1332 1608 1380 alcuno
1632 1334 1739 1380 esterno
1760 1343 1885 1380 seccorsu

1100 1412 1220 1469 polremo
1245 1421 1371 1471 superare
1392 1410 1409 1458 ll
1426 1414 1517 1459 nostro
1541 1410 1651 1459 nemico.
1665 1410 1706 1460 hie
1721 1410 1770 1459 che
1789 1414 1884 1471 questo

1100 1487 1145 1548 piu
1166 1488 1315 1538 tacilmente
1335 1500 1368 1538 ne
1393 1488 1470 1538 abbia
1487 1502 1502 1537 a
1519 1489 1663 1539 succedere
1687 1490 1745 1538 sari
1768 1501 1816 1550 per
1842 1489 1887 1537 noi

1100 1564 1230 1616 hodorico
1241 1566 1464 1630 sforzaPrencips
1481 1567 1524 1617 de’
1534 1568 1652 1618 hilianesi
1662 1603 1670 1627 ‚
1681 1567 1887 1629 prudentissimo

1101 1655 1181 1707 sopra
1198 1648 1257 1694 tutti
1274 1647 1307 1708 gii
1324 1647 1385 1696 ultri
1402 1648 1514 1707 nomini,
1531 1646 1550 1696 ll
1567 1647 1652 1709 quale,
1669 1647 1695 1695 di
1712 1648 1810 1708 quanto
1828 1644 1889 1695 suri

1101 1724 1247 1784 possibile,
1268 1738 1301 1775 ne
1318 1723 1381 1774 dard
1400 1724 1549 1774 indubitato
1567 1727 1640 1787 ajuto
1652 1760 1660 1784 ,
1674 1725 1692 1773 il
1715 1724 1784 1773 Duca
1802 1724 1827 1773 di
1843 1724 1887 1773 sa·

1101 1804 1178 1860 vcia,
1194 1804 1321 1854 biarchesi
1337 1801 1363 1852 di
1379 1804 1488 1853 Saluzzo
1504 1817 1519 1852 e
1542 1803 1701 1854 hionierrato
1726 1815 1838 1852 saranno
1861 1803 1886 1852 ai

1101 1885 1192 1930 nostro
1208 1886 1281 1941 voto,
1298 1895 1312 1931 e
1329 1894 1362 1931 ne
1378 1882 1578 1931 concederanno
1595 1883 1619 1931 le
1635 1882 1786 1930 necessarie
1803 1884 1889 1929 vetto·

1101 1960 1229 2021 eaglie,s
1247 1965 1349 2010 mentre
1366 1973 1398 2010 ne
1416 1961 1573 2019 manchert,
1584 1961 1665 2009 mollo
1681 1959 1771 2008 addito
1783 1972 1815 2007 ne
1827 1957 1888 2008 sard

1102 2048 1197 2087 ancora
1214 2039 1237 2086 ia
1254 2039 1438 2089 florentissima
1450 2043 1477 2088 et
1489 2039 1622 2089 uberrima
1639 2038 1723 2094 ltalia,
1739 2037 1807 2086 nella
1825 2037 1889 2098 quai

1102 2118 1209 2179 regione
1226 2122 1356 2175 potrenno
1373 2116 1490 2167 ricrearu
1507 2119 1514 2165 i
1531 2118 1614 2166 nostri
1631 2116 1769 2173 soldati,e
1786 2114 1889 2164 elenchi

1102 2207 1151 2258 per
1168 2197 1185 2245 il
1205 2200 1343 2246 montuoso
1367 2197 1469 2245 camino
1493 2208 1525 2245 ne
1548 2193 1670 2244 ricoverd
1693 2194 1735 2242 nel
1761 2206 1809 2243 suo
1835 2204 1889 2241 am·

1103 2276 1202 2335 plesse.
1219 2274 1317 2324 Contra
1334 2274 1360 2323 di
1377 2272 1542 2324 ferdinando
1559 2274 1592 2335 gii
1609 2274 1624 2322 e
1640 2272 1741 2331 l'odio,
1758 2286 1773 2321 e
1790 2273 1813 2321 ia
1826 2283 1891 2334 pro·

1104 2350 1182 2402 londa
1200 2353 1317 2411 simultd,
1333 2353 1350 2401 ii
1367 2353 1416 2402 che
1431 2352 1607 2414 grandissima
1623 2352 1730 2400 vitiosis
1746 2364 1779 2399 ne
1796 2362 1890 2400 conce·

1103 2430 1175 2480 deri.
1200 2431 1231 2481 lit
1252 2434 1381 2492 occupato
1404 2432 1421 2479 ii
1443 2432 1536 2481 Reame
1561 2434 1649 2479 saneta
1673 2428 1798 2478 vindicati
1818 2429 1887 2478 dolia

1104 2514 1196 2561 vostra
1215 2522 1353 2571 sergogns.
1370 2508 1389 2557 il
1407 2512 1475 2559 tulto
1492 2510 1524 2558 ho
1541 2510 1631 2559 voluto
1655 2509 1822 2571 partecipare
1838 2520 1889 2557 con

1104 2590 1167 2648 voi,
1178 2587 1315 2638 acciocche
1326 2588 1431 2650 quando
1448 2590 1550 2638 baresii
1567 2590 1652 2638 intesc
1669 2589 1692 2637 la
1710 2587 1778 2636 fama
1790 2587 1815 2636 dl
1827 2600 1893 2650 que·

1104 2673 1146 2718 sta
1162 2679 1256 2731 guerra
1272 2680 1325 2716 non
1342 2668 1445 2717 havesti
1461 2668 1577 2729 riputato
1594 2679 1657 2715 cosa
1674 2668 1776 2729 iniqua,
1792 2666 1841 2716 che
1862 2667 1888 2717 io

1105 2759 1185 2797 senza
1214 2751 1303 2796 vostra
1323 2747 1493 2807 intelligentia
1518 2750 1610 2795 contra
1636 2745 1662 2793 d’
1678 2746 1772 2793 alcano
1795 2736 1888 2795 arcese

1105 2826 1209 2889 pigliale
1225 2825 1243 2874 l’
1257 2838 1329 2874 arms
1352 2837 1402 2887 per
1418 2826 1442 2874 le
1459 2837 1596 2875 commune
1618 2825 1721 2888 gloria,
1747 2836 1761 2871 e
1787 2835 1888 2884 onore,

1105 2918 1120 2953 a
1138 2906 1254 2953 rimorer
1271 2904 1295 2953 ta
1312 2915 1444 2966 vergogna
1460 2902 1608 2963 Francese,
1624 2915 1639 2952 e
1656 2902 1680 2951 la
1698 2901 1806 2951 mollitie
1822 2901 1892 2952 dalla

1105 2988 1180 3045 genle
1196 2984 1347 3044 hragonese
1363 2982 1504 3044 esprobata
1520 2994 1601 3033 verso
1616 2982 1643 3031 dl
1659 2982 1743 3040 noi,e
1759 2980 1827 3029 della
1844 2992 1893 3029 no·

1105 3065 1162 3109 stra
1179 3061 1378 3118 riverenlia,1a
1395 3062 1472 3122 quale
1493 3073 1542 3122 per
1557 3060 1647 3119 lerze,
1664 3072 1679 3110 e
1696 3059 1855 3109 contumelia
1876 3058 1891 3109 1

1106 3140 1269 3199 dilacerate,
1283 3140 1451 3189 considerato
1468 3140 1532 3198 che,
1548 3139 1695 3201 quaiunqne
1713 3150 1795 3188 senno
1812 3137 1891 3187 abbia

1107 3218 1135 3268 in
1152 3220 1322 3270 veneratione
1334 3220 1350 3267 il
1362 3224 1453 3268 nostro
1470 3230 1563 3278 nome,
1578 3217 1677 3279 toilogli
1693 3217 1753 3279 ogni
1765 3217 1893 3265 sustantia

1107 3310 1157 3359 per
1180 3302 1366 3360 augumentare
1388 3298 1403 3347 i’
1415 3298 1518 3356 erario,
1535 3309 1600 3345 sono
1621 3295 1789 3352 obtruncati,
1810 3295 1893 3343 riser·

1108 3382 1170 3427 vato
1185 3390 1214 3427 ae
1237 3380 1260 3427 la
1282 3378 1341 3441 iuga
1366 3390 1417 3427 non
1434 3378 1468 3438 gil
1485 3382 1573 3438 presta
1597 3375 1689 3425 salute.
1706 3374 1726 3423 B
1743 3379 1783 3423 tra
1805 3375 1891 3435 questi

1108 3457 1245 3507 Antoueiio
1265 3456 1390 3518 Prencipe
1406 3455 1433 3505 di
1454 3456 1580 3512 salerno,
1598 3455 1615 3503 il
1632 3453 1713 3503 conte
1738 3452 1764 3501 di
1786 3451 1892 3501 Chiara-

1107 3540 1214 3594 monte,
1231 3540 1258 3584 et
1281 3537 1297 3584 il
1322 3535 1447 3597 Prencipe
1471 3533 1499 3583 di
1515 3533 1651 3594 Risignsno
1668 3533 1693 3579 in
1711 3532 1772 3593 quel
1794 3531 1891 3580 iteame

1108 3617 1192 3665 nostrl
1214 3616 1326 3674 fautori,
1344 3615 1418 3663 molti
1443 3614 1546 3676 proceri
1564 3624 1661 3661 ancora
1677 3610 1803 3671 disperati
1820 3610 1889 3659 delle

1109 3697 1207 3751 salute,
1224 3698 1246 3744 si
1263 3707 1328 3744 sono
1345 3694 1439 3743 ritirati
1456 3706 1472 3740 a
1488 3692 1548 3749 noi,
1564 3703 1578 3740 s
1596 3703 1647 3740 con
1665 3688 1818 3752 lagrimene
1829 3700 1894 3750 pre·

1109 3786 1190 3837 gano,
1205 3773 1254 3822 che
1270 3772 1399 3835 vogliamo
1416 3782 1527 3832 porgere
1544 3769 1616 3829 aiulo
1633 3767 1683 3815 ulls
1704 3779 1752 3815 sua
1769 3766 1890 3825 miseria,

1109 3854 1175 3904 eda
1191 3853 1251 3902 tutti
1275 3850 1289 3900 d
1313 3849 1465 3899 desiderato
1489 3849 1506 3897 ll
1530 3850 1622 3895 nostro
1646 3857 1740 3902 nomer
1758 3846 1774 3893 ii
1796 3844 1894 3905 perche

1110 3943 1206 3981 ancora
1222 3942 1274 3979 ncn
1291 3940 1395 3977 saremo
1411 3925 1551 3988 persecuti
1568 3924 1608 3972 s’i
1625 3921 1719 3973 confini
1737 3922 1764 3971 d’
1777 3921 1897 3971 Abbrua·

1110 4023 1155 4068 ro,
1172 4010 1221 4058 che
1238 4007 1323 4056 tullii
1340 4006 1443 4068 popoli,
1460 4016 1474 4053 e
1501 4000 1759 4059 colloquentes,
1780 4000 1895 4049 lacerate

1110 4101 1159 4150 per
1175 4088 1302 4143 tirannis,
1318 4084 1341 4133 si
1364 4084 1481 4133 duranno
1496 4083 1524 4131 in
1544 4085 1636 4132 nostra
1655 4080 1798 4129 divotione.
1818 4079 1858 4128 bia
1876 4078 1894 4127 ii

1111 4167 1154 4230 pid
1170 4167 1252 4216 arduo
1275 4178 1289 4215 e
1314 4164 1461 4226 pericoloso
1484 4162 1532 4211 che
1550 4162 1589 4211 sia
1605 4161 1633 4210 in
1653 4163 1748 4223 questo
1770 4158 1861 4221 bene,
1881 4156 1897 4207 e

1110 4249 1159 4297 che
1177 4248 1232 4295 loro
1249 4249 1345 4306 troppo
1368 4247 1459 4304 presto
1477 4252 1554 4290 verso
1572 4240 1598 4290 di
1613 4241 1654 4289 noi
1671 4252 1722 4288 nou
1739 4237 1896 4287 dimostrino

1112 4327 1220 4375 l'animo
1232 4336 1291 4382 suo;
1304 4323 1372 4371 onde
1383 4334 1435 4370 non
1453 4318 1660 4379 accelerandogii
1677 4318 1695 4366 ii
1711 4319 1802 4366 nostro
1814 4314 1896 4373 aiulo,

1111 4406 1144 4455 da
1156 4402 1318 4455 Ferdinando
1331 4404 1486 4450 resteranno
1498 4398 1628 4460 oppressu
1642 4398 1659 4445 il
1671 4395 1719 4445 che
1737 4398 1831 4456 questo
1849 4392 1897 4442 Lo·

1111 4485 1205 4534 dovico
1220 4482 1309 4532 Slorza
1326 4479 1432 4529 afferma
1456 4490 1504 4541 per
1528 4479 1552 4525 le
1574 4490 1621 4526 sua
1645 4477 1758 4532 lettere,
1775 4474 1800 4521 sl
1822 4471 1899 4534 quale

1111 4565 1291 4627 espertissimo
1313 4560 1439 4622 Prencipe
1459 4557 1646 4620 grandementa
1664 4554 1808 4617 prastiemo
1827 4551 1896 4601 tede.

1110 4644 1251 4704 Soggiunse
1275 4640 1345 4700 dopo
1370 4638 1387 4686 il
1411 4637 1462 4686 lie:
1479 4635 1607 4695 Superato
1625 4631 1801 4688 ferdinando,
1818 4635 1845 4680 et
1862 4630 1900 4678 ivi

1111 4725 1238 4779 instrutio
1256 4720 1272 4767 l’
1284 4718 1415 4772 esercito,
1436 4718 1462 4763 et
1479 4713 1625 4763 instaurata
1643 4713 1667 4760 la
1688 4712 1791 4769 classe,
1813 4709 1899 4769 voglio

1112 4812 1221 4864 pessare
1237 4802 1329 4847 contra
1345 4797 1353 4844 i
1368 4794 1504 4851 'turchis
1521 4792 1703 4856 sogglogargli‚
1719 4788 1893 4851 imperocbel

1112 4880 1172 4929 miei
1190 4875 1312 4939 maggiori
1335 4875 1401 4923 altre
1418 4874 1487 4921 volte
1512 4884 1561 4934 per
1583 4884 1647 4920 aver
1664 4875 1789 4931 superato
1809 4867 1897 4930 quegii

1089 4958 1215 5010 ,iuiedeli
1232 4954 1318 5003 hanno
1334 4952 1487 5014 conseguito
1499 4953 1515 4999 il
1533 4952 1607 4999 titolo
1624 4951 1651 4999 di
1668 4943 1894 5000 christianissimi.-

1112 5050 1165 5087 non
1188 5046 1280 5084 manco
1297 5034 1373 5081 lomi
1393 5031 1462 5081 redo
1488 5030 1611 5079 inferiore
1633 5042 1647 5077 a
1668 5030 1736 5078 loro.
1758 5027 1778 5075 0
1800 5027 1898 5086 quanto

1113 5117 1233 5177 adunque
1250 5124 1283 5162 ne
1300 5110 1360 5161 sard
1374 5110 1488 5173 glorioso
1501 5112 1651 5171 ricuperare
1669 5104 1899 5166 l’occupatoliea·

1113 5205 1156 5245 me
1170 5192 1325 5255 Napoiitano
1341 5190 1410 5240 dalle
1427 5190 1496 5239 mani
1513 5189 1556 5237 del
1574 5187 1759 5249 potentissimo
1776 5183 1897 5239 hemico,

1112 5285 1127 5323 e
1144 5270 1379 5332 lavoreggiandone
1395 5267 1467 5317 iddio
1484 5266 1615 5316 mediante
1632 5267 1656 5315 te
1673 5268 1763 5314 nostre
1775 5263 1858 5318 iorze.
1870 5265 1898 5311 et

1114 5352 1130 5400 ii
1148 5354 1238 5400 nostro
1254 5350 1403 5411 conseglio,
1419 5359 1547 5409 superare
1564 5348 1571 5394 i
1587 5345 1685 5395 Turchi
1703 5342 1838 5393 tortissimi
1859 5340 1901 5391 ira

1114 5434 1181 5480 tutte
1199 5430 1308 5491 legenti
1326 5427 1387 5477 dell'
1398 5426 1539 5482 universo,
1556 5437 1571 5474 e
1587 5427 1681 5485 questa
1699 5422 1899 5477 santissima,e

1112 5508 1262 5557 Christiana
1280 5504 1422 5567 religione,
1439 5515 1489 5552 con
1507 5505 1566 5565 ogni
1583 5501 1738 5551 contumelia
1761 5502 1902 5561 sprezzala

1113 5587 1148 5635 da
1161 5587 1226 5645 toro,
1235 5583 1373 5634 costituirs
1385 5583 1427 5632 nel
1440 5594 1531 5631 mezzo
1541 5580 1609 5630 delle
1621 5592 1668 5630 sue
1686 5578 1823 5636 basilicbe‚
1839 5589 1904 5627 ouo·

1115 5668 1184 5715 rarla
1210 5666 1251 5715 nei
1276 5664 1382 5725 Templ,
1405 5662 1549 5724 proletaria
1566 5663 1608 5710 tra
1632 5660 1719 5721 quelle
1741 5658 1831 5722 genti,
1855 5668 1871 5705 e
1891 5656 1900 5704 i
