4492 6859
292 643 356 709 ass
790 634 1325 702 romaricanuslnnxmaan
1347 632 1473 701 saxu.
1833 631 1942 719 (taos)

294 781 459 864 perioribus
481 778 582 841 diebus
610 775 717 856 singull
739 774 832 837 Rern.
853 775 1021 839 cardinales
1039 774 1086 835 di·
1152 787 1272 849 strum,
1303 786 1333 837 et
1365 784 1498 854 aparte
1530 790 1633 834 versus
1666 770 1844 845 introitum,
1870 771 1942 832 duae

293 896 376 948 ctam
398 884 463 945 Dan
481 876 667 941 Priderlcuar
685 877 862 953 risitaruat3
877 889 907 939 et
925 879 985 958 ipse
1002 877 1085 937 simi·
1153 876 1302 938 lanternae
1323 877 1497 937 cristallinas
1529 891 1650 953 magnae
1682 874 1848 956 preciosae,
1866 873 1941 953 Papa

297 985 363 1047 liter
384 1001 433 1044 eos
454 979 540 1041 hodic
560 987 589 1038 at
609 978 795 1056 sequentibus
815 977 916 1039 diebus
937 975 1084 1037 visimvit:
1152 977 1194 1037 ric
1215 977 1339 1038 volente.
1363 976 1469 1036 Finitis
1489 976 1626 1055 vesperis,
1641 974 1720 1056 Papa
1737 972 1868 1035 ascendit
1886 973 1943 1033 Pa-

299 1081 514 1147 couraaieutius
546 1089 641 1137 tamen
673 1075 771 1139 luisset
801 1077 969 1140 Cardinales
996 1095 1086 1156 expe·
1152 1076 1268 1150 latium,
1282 1094 1364 1136 more
1383 1086 1521 1136 consueto
1542 1085 1727 1154 portatus‚et
1749 1076 1873 1135 intrarit
1893 1093 1944 1155 per

295 1194 387 1245 classe
407 1200 437 1242 se
458 1187 522 1259 post
543 1174 735 1237 obedientiam
761 1179 928 1258 praestitam
959 1176 1086 1237 visitatos
1149 1178 1232 1237 aulas
1252 1177 1351 1237 solitas
1370 1176 1504 1254 antiquas
1524 1193 1670 1238 cameram
1698 1175 1875 1256 Papngalli,
1897 1174 1944 1234 ubi

295 1281 384 1343 luisse
404 1288 433 1339 at
454 1286 554 1356 postea
582 1275 754 1338 revisitnsse.
778 1277 835 1337 Sed
857 1278 948 1354 quia,
968 1287 1002 1336 ut
1022 1275 1085 1336 exi·
1151 1275 1286 1357 depositis
1307 1277 1399 1337 sacris
1420 1276 1561 1348 vestibus,
1582 1276 1732 1356 assignare
1752 1276 1825 1337 iacit
1846 1292 1947 1337 eame-

297 1382 401 1452 stlma,
440 1375 662 1456 Neapolitanus,
696 1388 726 1439 et
761 1376 912 1449 Senensis,
948 1387 1086 1453 tanquam
1153 1395 1202 1437 raa
1222 1395 1311 1439 noras
1330 1375 1460 1455 Principi
1480 1376 1649 1456 supradicto
1669 1388 1702 1438 at
1722 1376 1752 1436 ia
1772 1376 1817 1436 eis
1838 1394 1873 1434 ea
1894 1392 1947 1435 ao-

297 1480 461 1559 singularea
494 1476 579 1537 amici
615 1476 776 1557 Principis,
809 1479 894 1539 illum
927 1488 993 1558 post
1022 1473 1087 1553 ejus
1153 1487 1199 1539 cte
1221 1479 1389 1554 quiesceret.
1408 1475 1533 1538 Paratae
1554 1488 1651 1537 autem
1667 1475 1791 1538 lucrant
1814 1491 1946 1535 camerae

298 1579 456 1640 adveutum
491 1577 663 1652 visitarunt,
682 1589 712 1638 et
733 1596 801 1638 cum
830 1578 872 1639 eis
892 1576 924 1639 8.
948 1577 1029 1639 Petri
1049 1576 1087 1637 ad
1153 1575 1228 1656 ipsae
1248 1576 1445 1645 ornatissime,
1479 1576 1587 1647 tertia,
1619 1587 1744 1654 quarta,
1765 1586 1798 1637 et
1824 1575 1946 1652 quinta,

297 1678 438 1751 Vincula,
458 1677 720 1738 beneventanas
740 1677 898 1753 Columna,
919 1681 958 1739 ita
987 1694 1087 1739 omnes
1154 1677 1254 1738 reluta
1277 1676 1494 1746 Alexandrino,
1520 1687 1548 1735 et
1570 1677 1696 1750 caelesti,
1716 1693 1751 1737 ac
1774 1675 1853 1737 velis
1872 1674 1946 1735 brn-

298 1787 366 1839 suat
385 1776 519 1837 eumdem
541 1794 672 1838 errorem
693 1778 794 1838 secuti.
1154 1784 1220 1836 cato
1241 1791 1332 1836 aureo
1363 1776 1490 1853 paratis,
1523 1775 1648 1836 securtda
1680 1786 1780 1837 autem
1814 1777 1894 1836 lecta
1914 1794 1947 1837 es

337 1876 489 1938 Dominiea
509 1886 615 1954 quarta
636 1875 795 1952 Adventus,
804 1894 904 1939 nun
916 1878 1086 1953 decembris,
1155 1875 1254 1937 reluta
1275 1874 1445 1934 cremesino.
1472 1873 1545 1935 Dedi
1569 1875 1597 1933 in
1620 1875 1665 1934 bis
1694 1876 1827 1955 vesperis
1848 1876 1947 1935 locum

298 1978 335 2039 ΙΙ.
364 1976 398 2035 P.
419 1976 455 2036 D.
484 1977 639 2056 episcopus
660 1975 839 2038 sutrinensis
859 1988 889 2038 et
913 1975 1088 2068 Iljepesiaea-
1155 1978 1230 2040 inter
1248 1978 1409 2039 assistentes
1430 1978 1524 2058 Papae
1546 1977 1619 2039 lies.
1639 1978 1765 2040 Domino
1798 1978 1948 2060 Stephano

296 2078 346 2151 sis,
367 2073 423 2135 88.
445 2074 482 2133 D.
504 2073 537 2135 Ν.
559 2074 704 2137 secundus
724 2076 910 2149 secretarius,
931 2076 1088 2139 celebravit
1155 2080 1381 2161 lrcbiepiseopo
1402 2079 1591 2155 Patraceasi,
1611 2098 1697 2159 quem
1720 2079 1780 2142 88.
1802 2079 1840 2140 Ι).
1861 2079 1899 2139 Ν.
1921 2080 1948 2141 ia

296 2176 414 2239 uisam
443 2174 591 2254 publicam
613 2176 642 2234 in
663 2177 793 2257 cappella
820 2176 1004 2256 supradicta3
1022 2196 1088 2238 ser·
1155 2181 1330 2241 assistmtem
1351 2177 1404 2239 sibi
1425 2184 1589 2260 assumpsit.

298 2295 413 2339 monem
434 2276 504 2336 lecit
518 2275 698 2337 Procurator
717 2275 836 2338 Ordinis
853 2277 1091 2353 carmelitarum,
1197 2281 1230 2339 ln
1262 2289 1344 2340 nnete
1373 2281 1503 2357 sequenti
1536 2280 1612 2341 diem
1634 2280 1842 2360 praedictum,
1865 2282 1946 2343 circa

299 2378 378 2457 Papa
399 2385 569 2457 praesente:
588 2376 720 2437 interfuit
746 2378 833 2438 etiam
851 2378 1001 2439 illustriss.
1016 2376 1088 2437 Don
1155 2379 1245 2441 horas
1266 2379 1341 2440 inter
1362 2394 1423 2441 atu
1445 2391 1474 2440 et
1499 2396 1609 2454 vitta,
1630 2379 1686 2441 88.
1708 2379 1744 2440 Ι).
1770 2378 1807 2441 Ν.
1827 2392 1949 2461 paratus

296 2477 466 2539 Fridericus
485 2477 535 2555 qui
548 2475 645 2536 locum
667 2475 767 2538 babuit
785 2477 860 2539 inter
873 2478 938 2538 ttlt.
954 2477 1017 2538 DD.
1031 2477 1089 2541 vt·
1156 2498 1238 2541 more
1258 2480 1343 2540 solito
1363 2489 1392 2540 et
1411 2481 1485 2540 stola
1498 2497 1533 2541 ex
1554 2482 1660 2559 perlis,
1679 2489 1710 2541 et
1724 2498 1818 2561 eappa
1843 2482 1880 2543 de
1898 2502 1947 2543 re-

299 2576 551 2649 cecancellarium,
570 2585 600 2637 et
615 2576 716 2639 Sancti
738 2577 870 2640 Severini
885 2579 1002 2641 ultimas
1017 2577 1089 2637 Dia·

300 2696 390 2742 coaas
415 2677 597 2751 cardinales,
626 2686 656 2739 et
679 2676 774 2740 eundo
805 2678 842 2739 ad
860 2680 1018 2759 cappellam
1053 2698 1088 2740 ac

299 2778 364 2840 inde
384 2776 530 2840 redeundo
548 2776 602 2836 ivit
622 2788 689 2856 post
707 2776 930 2840 crucaaetiarn
951 2779 1024 2838 inter
1040 2778 1088 2837 di·

304 2893 368 2942 clos
398 2876 564 2941 cardinales
601 2875 729 2951 medius,
749 2888 778 2937 et
804 2888 868 2938 ante
888 2893 957 2939 eum
982 2876 1089 2956 Dispo-

302 2992 352 3041 tus
370 2977 427 3060 (Ι),
442 2977 493 3055 qai
512 2975 599 3037 etiam
620 2976 719 3037 locum
733 2995 819 3037 suam
840 2979 957 3039 solitum
988 2976 1090 3038 babuit

301 3092 365 3161 post
380 3079 515 3139 ultimum
527 3075 688 3137 Diaconum
702 3076 885 3140 cardinalem
899 3078 1088 3158 praedictum.

341 3180 428 3244 Ferie
464 3178 590 3240 secunda
603 3222 613 3252 ,
640 3195 754 3242 uitta.
775 3180 961 3254 decembris,
988 3180 1088 3258 eigilis

303 3281 411 3343 Natalis
424 3279 552 3354 Domini,
567 3279 623 3341 88.
642 3280 678 3340 Ι).
693 3279 728 3342 Ν.
745 3293 864 3362 paratus
883 3280 911 3342 in
930 3284 1015 3343 tertia
1036 3299 1088 3342 aa·

305 3401 386 3445 mera
414 3399 449 3444 ex
479 3379 564 3442 nocis
588 3383 763 3461 paramentis
790 3384 899 3458 salitis,
926 3384 1004 3445 venit
1036 3402 1090 3463 per

304 3485 388 3546 aulas
406 3483 494 3557 dms,
509 3484 650 3545 maulam
673 3501 797 3556 novam,
816 3503 850 3544 ac
879 3496 1006 3546 veterem
1024 3503 1088 3544 ma-

305 3602 393 3665 gnam
413 3602 465 3663 per
497 3583 590 3642 scalas
622 3581 659 3642 ad
680 3581 822 3656 curtam,
853 3583 903 3643 ubi
922 3583 1089 3646 cardinales

302 3706 338 3747 ex
358 3684 442 3763 equis
463 3682 633 3745 descendere
653 3685 771 3756 solent,
792 3693 823 3745 et
845 3684 910 3748 inde
931 3704 984 3765 pet·
1005 3703 1089 3746 com·

306 3804 423 3848 munem
445 3787 522 3847 viam
541 3783 578 3844 ad
593 3784 747 3847 basilicam
762 3785 861 3847 Sancti
876 3787 956 3848 Petri
970 3825 980 3861 ‚
999 3805 1089 3867 prae·

306 3888 473 3951 cedentibus
493 3887 695 3950 cardinalibus
720 3888 754 3949 in
769 3907 873 3951 earum
899 3889 997 3970 cappis
1016 3889 1089 3950 soli·

306 3992 343 4051 tis
355 4033 365 4064 ‚
385 4008 421 4051 aa
451 3989 588 4069 praelatis
609 3990 793 4068 sequentibus
823 3992 907 4053 etiam
933 3994 963 4051 in
991 3992 1089 4072 cappis

307 4110 390 4154 more
409 4091 503 4152 solito.
528 4090 561 4150 ln
576 4091 674 4153 eadem
695 4091 828 4166 Basilica,
841 4092 917 4153 iacta
938 4110 990 4173 pcr
1010 4093 1089 4156 car·

306 4193 414 4255 diaales
433 4192 611 4266 reverentia,
631 4191 718 4253 iidem
738 4203 768 4253 et
782 4194 903 4273 praelati
922 4212 1020 4255 omnes
1035 4212 1089 4255 ac·

304 4305 445 4376 ceperunt
464 4304 631 4374 paramenta
651 4303 812 4368 consueta,
832 4295 881 4355 sed
907 4295 1087 4368 inordinate,

304 4399 373 4475 quia
394 4394 608 4473 quamprimum
641 4394 730 4474 primi
748 4394 915 4457 cntiiaales
947 4413 1090 4458 reseren-

306 4499 376 4558 tiam
397 4497 553 4569 lecerunt,
574 4494 627 4574 ipsi
647 4512 699 4555 sua
719 4507 883 4589 parampata
904 4506 1088 4577 acceperuut,

301 4606 331 4657 et
352 4597 427 4656 male
441 4605 548 4668 tamea,
562 4596 631 4672 quia
643 4594 784 4658 debebant
802 4609 963 4678 expectasse
977 4615 1089 4676 quous-

306 4716 364 4775 que
385 4714 484 4757 omnes
504 4694 671 4759 cardinales
681 4702 873 4760 reuerentiam
894 4699 1023 4760 iecissent
1032 4708 1088 4759 etc.

304 4799 369 4862 Dan
390 4797 547 4860 Pedericus
570 4797 779 4860 babuitlocum
801 4799 959 4862 interdum
972 4800 1089 4861 ultimos

304 4900 470 4964 Cardianles
493 4900 635 4963 Diaconos
665 4900 844 4982 supradictas
873 4911 1007 4982 paratas;
1032 4902 1088 4961 alia

305 5001 1088 5083 moresolitosuntabservna.appensaelucrantur·

305 5123 374 5167 cum
388 5105 480 5179 circa,
489 5105 593 5165 subtus
605 5104 749 5165 tribunam
761 5124 778 5164 a
789 5105 882 5167 tribus
891 5105 1026 5166 lateribta
1036 5124 1088 5165 su·

307 5224 360 5285 pra
381 5207 472 5267 altare
487 5205 568 5268 tiaris
583 5205 720 5268 basilicae
735 5205 909 5286 praedictae,
920 5216 1008 5287 prout
1019 5206 1089 5267 alias

305 5316 435 5385 tempore
457 5306 541 5367 Pauli
562 5307 589 5368 ΙΙ
609 5308 760 5371 consuerit
779 5305 867 5381 lieri,
888 5307 1015 5370 Tabulae
1035 5326 1089 5367 an-

305 5409 403 5486 tiquae
424 5407 554 5471 Graecae
583 5408 733 5489 depictae,
765 5427 818 5490 per
840 5407 999 5470 sacristam
1031 5427 1089 5470 no-

303 5550 414 5564 *ο-

344 5646 380 5706 (t)
396 5642 434 5695 ue
451 5645 502 5696 boe
526 5646 585 5699 vlra
611 5645 674 5700 vide
700 5645 848 5699 visternum
866 5647 892 5700 la
917 5647 1088 5701 adnotatione

300 5727 394 5777 nostra
410 5738 470 5790 pag.
485 5728 540 5781 att.

1157 2580 1400 2641 lutacremesiso
1421 2580 1449 2640 in
1471 2597 1586 2641 camera
1614 2580 1788 2661 tapagntt,
1810 2581 1895 2644 venit
1914 2584 1947 2642 ad

1157 2681 1314 2761 cappellam
1336 2676 1477 2755 majorem
1491 2681 1619 2755 solitam,
1633 2681 1843 2743 cardinalibus
1856 2682 1947 2763 ipsum

1156 2780 1265 2862 Papam
1287 2781 1470 2858 sequentibus
1486 2791 1516 2842 et
1534 2783 1609 2843 iatcr
1622 2783 1739 2843 ultimas
1760 2782 1839 2844 duos
1859 2784 1948 2845 exivit

1157 2880 1270 2942 medias
1292 2879 1430 2959 Princeps
1450 2882 1654 2962 supradictum
1676 2879 1809 2943 fimbrias
1831 2885 1948 2963 pluvia·

1160 2981 1195 3042 lis
1205 2980 1292 3041 simul
1308 2980 1443 3041 collectas
1458 2980 1585 3061 portavit
1598 2981 1634 3041 D.
1647 2980 1810 3063 Episcopus
1822 2986 1949 3045 Alexan·

1157 3080 1258 3142 drinus
1300 3081 1431 3141 assistens
1450 3103 1460 3155 ς
1501 3092 1566 3161 post
1605 3081 1782 3145 Pantilicem
1820 3084 1947 3147 crucem

1157 3183 1286 3262 portam
1315 3200 1391 3243 uuus
1405 3182 1583 3244 Auditorum
1597 3183 1705 3258 llatae,
1724 3196 1850 3265 propter
1876 3187 1945 3246 aab·

1157 3281 1344 3344 &canorum
1365 3282 1545 3357 absentiam,
1564 3292 1595 3355 et
1610 3301 1706 3346 ensem
1728 3302 1799 3345 cum
1817 3288 1946 3367 cappella

1157 3382 1194 3443 D.
1212 3385 1392 3462 Augustinus
1414 3383 1450 3444 de
1477 3381 1673 3445 Praedonibus
1691 3383 1858 3467 dccalytus
1877 3404 1945 3466 apo-

1156 3485 1284 3558 stolicus,
1297 3484 1333 3544 ed
1348 3482 1494 3544 sinistram
1509 3483 1793 3563 portantis-crucem
1804 3485 1944 3554 incedens,

1156 3596 1275 3666 propter
1297 3586 1474 3646 clericorum
1507 3585 1646 3648 camerae
1666 3586 1838 3647 absentiam.
1872 3586 1943 3667 Papa

1156 3685 1234 3748 dedit
1247 3685 1470 3748 benedictionem
1486 3686 1608 3747 dicturis
1628 3687 1801 3762 lectionem,
1814 3699 1847 3750 et
1861 3689 1943 3748 absa·

1157 3787 1281 3850 lutioacs
1302 3786 1372 3865 legit
1391 3804 1427 3848 ex
1443 3786 1528 3847 libro.
1549 3787 1679 3847 Primam
1698 3788 1855 3850 lectionem
1880 3790 1944 3867 legit

1156 3888 1193 3950 D.
1212 3889 1369 3952 blarcellus
1390 3887 1555 3949 Sinlbaldus
1578 3890 1722 3969 lcolytus
1741 3892 1943 3970 apostolicus,

1158 3991 1313 4054 secundam
1331 3990 1367 4050 D.
1393 3991 1567 4051 Franciscus
1595 3991 1719 4051 Drenius
1737 3990 1869 4054 tunicor
1893 4010 1943 4073 pra

1156 4090 1191 4152 Ι).
1211 4091 1323 4152 Achille
1337 4090 1372 4151 de
1388 4088 1501 4150 crassis
1523 4089 1657 4152 auditore
1674 4090 1819 4152 camerae
1837 4093 1875 4153 ad
1893 4093 1943 4152 boc

1156 4190 1230 4253 iuter
1259 4209 1309 4252 eos
1345 4179 1487 4252 drdiaato.
1522 4191 1650 4253 Tertiam
1681 4192 1717 4252 D.
1748 4193 1943 4262 Bernardiam

1157 4290 1304 4354 cambarn
1337 4290 1541 4353 Subdiacoaas
1573 4291 1767 4372 Apostolicus.
1799 4291 1942 4363 Quartam

1156 4383 1452 4456 desuescimus
1471 4393 1685 4472 lloatisregalia
1697 4390 1801 4471 iunior
1819 4395 1945 4474 Presby-

1157 4504 1211 4557 ter.
1228 4492 1426 4562 Quintamltl.
1442 4492 1511 4554 Don
1530 4492 1696 4555 Friderieus
1707 4493 1828 4554 indutas
1842 4512 1944 4575 supa·

1156 4596 1270 4677 pellicia
1284 4594 1418 4675 pluviali,
1433 4596 1581 4655 accinctus
1594 4613 1672 4668 ease,
1686 4594 1848 4656 observatis
1867 4597 1946 4675 prius

1157 4699 1249 4760 solitis
1271 4697 1460 4759 caerimoniis.
1482 4695 1599 4757 Sectam
1621 4696 1694 4757 liar.
1722 4696 1758 4756 D.
1785 4695 1946 4758 carnirmc

1158 4799 1189 4860 8.
1203 4800 1369 4870 clementis,
1382 4797 1433 4875 qui
1449 4806 1508 4857 tam
1527 4795 1565 4855 ad
1580 4794 1730 4857 lectionem
1752 4813 1843 4874 quam
1854 4795 1891 4856 ad
1908 4796 1946 4857 Te

1157 4899 1255 4962 Derim
1267 4898 1377 4959 librata
1392 4897 1493 4957 tenuit.
1512 4896 1604 4957 'Penta
1619 4896 1738 4958 luerunt
1756 4912 1834 4957 xxa
1854 4897 1946 4957 intar-

1157 5001 1224 5061 ticin
1242 4999 1307 5060 alba
1327 5018 1379 5080 per
1410 4997 1564 5061 scutiferos
1580 4996 1675 5078 Papae
1693 5017 1746 5077 per
1765 5010 1862 5060 tatum
1883 4998 1946 5060 affl·

1157 5101 1254 5171 cium,
1274 5099 1409 5163 videlicet
1428 5117 1477 5161 sex
1495 5108 1576 5160 retro
1590 5098 1735 5159 bancbum
1751 5098 1946 5180 Presbytero·

1158 5220 1226 5264 rum
1244 5200 1440 5263 cardinalium
1460 5215 1551 5276 usque
1576 5198 1612 5257 ad
1641 5199 1751 5279 gradus
1774 5200 1945 5280 presbyterii

1156 5314 1184 5365 ct
1200 5314 1327 5381 quatuor
1342 5301 1380 5361 ad
1401 5300 1545 5364 sinistram
1561 5299 1673 5380 Papae,
1690 5309 1772 5362 retra
1785 5302 1945 5362 scabellum

1156 5403 1325 5483 Presbyteri
1342 5400 1503 5463 cardinalis
1528 5400 1702 5474 assistentis3
1722 5401 1830 5479 quibas
1843 5401 1946 5462 scuti·

1156 5504 1225 5566 ieris
1249 5504 1285 5566 de
1316 5502 1451 5563 mandato
1477 5501 1646 5563 Sanctitatis
1671 5501 1750 5563 Suae
1782 5502 1843 5563 dixi
1869 5501 1947 5582 quad

1157 5605 1317 5668 Sanctitate
1341 5603 1403 5664 Sua
1426 5614 1535 5676 stante,
1565 5604 1618 5683 ipsi
1643 5602 1894 5682 genuflecterent,
1911 5622 1945 5666 ac

1158 5708 1223 5790 ipsa
1247 5706 1362 5771 cedema
1380 5706 1434 5788 ipsi
1463 5717 1595 5784 starent,
1626 5723 1662 5769 ac
1689 5706 1863 5783 intartieis,
1891 5723 1948 5768 nara
