4492 6859
293 596 354 660 ²128
467 543 471 552 =
760 595 1040 659 ronrrrtcnws
1059 594 1279 659 lllllOCEllTll
1300 594 1449 660 ocrsvt.

292 751 407 792 marum
429 732 520 792 salute
539 731 735 811 providerent,
751 741 779 792 et
800 731 991 792 animadversi
1012 732 1079 794 lue-

292 844 362 892 runt
383 831 460 910 quod
480 829 552 914 (sic)
565 849 667 892 eorum
688 831 875 893 consessiones
888 832 1036 908 audirent,
1050 847 1079 895 et

291 952 340 994 eos
363 930 465 993 iulide
485 934 689 993 confortarent.

333 1032 418 1094 Feria
435 1048 480 1092 rrtr
494 1076 502 1104 ,
514 1048 580 1092 xix.
596 1033 700 1093 mensis
716 1031 857 1106 octobris,
872 1032 925 1093 luit
939 1032 1079 1093 consisto·

291 1134 389 1205 rium,
403 1142 432 1192 et
452 1131 618 1211 praedictus
639 1131 762 1192 Auditor
783 1132 920 1193 Camerae
936 1149 1002 1191 cum
1015 1130 1080 1191 Gu-

291 1229 444 1292 bernatore
473 1241 612 1291 venerunt
638 1231 674 1290 ad
706 1231 828 1292 Turrim
856 1217 997 1303 Soldaoi,
1029 1229 1078 1288 ubi

293 1343 394 1394 contra
427 1333 517 1394 dictos
537 1332 718 1393 Dominicum
739 1318 974 1393 et'rraaciscam
1002 1331 1079 1390 tule-

295 1441 367 1493 runt
382 1434 532 1493 sententias
551 1432 723 1503 diffinitivas,
742 1431 929 1510 degradantes
945 1450 1003 1503 eos,
1016 1431 1079 1510 pri·

295 1542 393 1595 rantes
417 1535 513 1595 officio
539 1545 568 1594 et
592 1533 734 1594 beneficiis
754 1545 783 1594 et
803 1533 908 1594 Curiae
931 1531 1079 1593 Saeculari

295 1634 456 1695 tradeutcsr
476 1634 575 1695 deiude
596 1632 737 1696 celebrata
762 1635 817 1695 luit
836 1635 865 1693 in
886 1634 963 1694 dicta
984 1633 1079 1693 Turri

294 1735 390 1808 lllissa,
404 1737 451 1795 cui
473 1735 556 1795 iidem
573 1735 738 1798 Dourinicus
753 1746 781 1795 et
799 1736 971 1796 Franciscus
986 1733 1078 1793 inter·

294 1835 435 1907 luerunt,
461 1845 505 1909 et,
526 1856 559 1897 ea
582 1834 676 1908 finita,
697 1836 731 1896 de
758 1834 888 1895 manibus
914 1834 1080 1895 celebrantis

295 1936 431 1997 Sanctam
443 1936 680 1997 Communionem
691 1948 885 2016 sumpserun13
901 1955 957 2013 qaia
974 1934 1080 2006 habita,

298 2037 378 2097 ducti
408 2038 527 2097 luerunt
548 2037 584 2096 ad
606 2038 729 2117 plateam
763 2037 862 2096 Sancti
884 2036 963 2095 Patri
989 2053 1080 2113 supra

295 2147 464 2215 suggestum
486 2136 589 2195 ibidem
611 2138 638 2195 in
658 2138 743 2216 plano
764 2153 820 2196 non
844 2137 927 2215 longe
949 2136 985 2194 ab
1007 2134 1081 2194 inle-

294 2236 365 2295 riori
380 2234 475 2314 gradu
491 2237 634 2295 scalarum
655 2235 992 2314 paratum,l0ngitudinis
1006 2252 1080 2312 qua·

296 2346 364 2396 tuor
388 2337 432 2396 rel
454 2336 554 2407 trium,
573 2345 601 2396 et
619 2334 776 2394 altitudinis
795 2336 878 2395 unius
905 2351 1081 2403 cannarum,

298 2438 342 2497 rel
366 2436 455 2507 circa,
477 2435 526 2494 ubi
549 2436 642 2495 dictus
663 2436 847 2509 Franciscus,
868 2436 917 2515 qui
939 2435 1081 2496 Sacerdos

296 2536 506 2609 erat,ornnibus
521 2540 693 2616 paramentis
704 2537 969 2598 suitindutusmore
980 2535 1080 2608 solito,

297 2637 397 2697 deinde
418 2639 523 2698 lectum
547 2638 737 2697 summarium
758 2656 909 2717 processus
926 2635 1080 2715 peritate-

297 2738 374 2798 rium
395 2737 525 2799 videlicet
537 2737 571 2797 de
586 2737 788 2816 Palopanibus3
808 2754 866 2815 quo
880 2739 964 2806 lecto,
974 2735 1081 2814 degra-

297 2838 380 2898 datus
401 2839 455 2898 luit
469 2840 527 2917 ipse
548 2837 733 2908 Franciscus,
754 2848 784 2897 et
805 2837 910 2898 Curiae
932 2836 1082 2896 saecuta-i
1107 2890 1109 2895 ,

297 2938 326 2997 in
344 2939 475 2998 manibus
494 2938 660 2997 Ambrosini
688 2938 827 3017 Barigelli
848 2936 999 3007 traditus3
1023 2953 1082 3013 quo

298 3038 415 3109 tradito,
435 3036 575 3098 Dominus
593 3039 761 3097 Dominicus
778 3038 826 3115 qui
841 3036 964 3117 primurn
981 3046 1082 3095 tonsu·

299 3157 361 3197 ram
384 3148 496 3198 tantum
518 3137 650 3211 babebat,
667 3138 783 3197 indutus
796 3137 852 3197 luit
866 3135 1080 3215 superpellicio,

299 3250 328 3298 et
349 3253 383 3299 eo
403 3237 502 3299 ordine
533 3237 619 3298 etiam
652 3238 826 3315 degradatus
860 3256 911 3316 per
932 3235 969 3294 R.
991 3234 1024 3294 P.
1046 3232 1082 3293 D.

300 3338 421 3399 Petrum
453 3337 578 3397 Paulum
599 3338 764 3417 episcopum
787 3336 909 3395 Sanctae
929 3334 1060 3413 Agatbae
1073 3378 1093 3406 ,.

299 3440 348 3516 qui
363 3439 392 3498 in
410 3448 546 3516 suggesto
562 3436 709 3516 praedicto
723 3438 795 3498 stola
814 3435 944 3516 pluviali,
958 3445 986 3494 et
1001 3444 1082 3493 antea

297 3538 361 3597 alba
379 3582 386 3596 .
407 3582 446 3597 ...
469 3555 559 3615 supra
571 3536 736 3596 rochettum
755 3555 785 3595 se
800 3538 962 3614 pararit,et
974 3534 1083 3595 Curiae

299 3657 333 3698 ac
353 3637 500 3715 Barigello
531 3634 677 3714 praedicto
700 3633 820 3694 traditus
838 3634 902 3693 luit.
932 3632 995 3693 Non
1016 3634 1083 3696 lue·

299 3750 369 3798 ruat
383 3738 474 3817 capite
490 3723 574 3809 tonsi,
585 3736 668 3796 aliter
685 3753 772 3813 quatu
787 3735 868 3813 prius
883 3745 1083 3811 essent‚neque

302 3858 337 3898 ex
354 3838 412 3898 suis
431 3836 577 3909 restibus,
598 3837 626 3894 in
646 3834 749 3913 quibus
767 3854 801 3895 ex
826 3834 917 3894 Turri
933 3845 1083 3907 venerunt,

298 3938 387 4010 exuti,
397 3947 517 4017 propter
534 3953 637 3996 eorum
655 3936 830 4014 dignitatem,
841 3947 869 3996 et
881 3936 948 4013 quin
961 3934 1083 3995 Domino

298 4040 431 4118 episcopo
451 4038 631 4099 Cesenetano
646 4035 777 4097 Auditori
798 4037 837 4096 ita
858 4037 975 4115 placuit.
999 4036 1083 4097 Post·

300 4140 370 4214 bac,
391 4139 541 4218 degradati
574 4136 711 4217 praedicti
742 4138 826 4217 positi
858 4136 976 4198 luerunt
996 4155 1084 4217 supra

300 4258 455 4300 carrucam
477 4238 579 4298 ibidem
600 4248 741 4317 paratam,
756 4238 921 4297 Dominicus
942 4256 958 4296 a
977 4238 1083 4297 dextris

299 4351 328 4398 et
346 4339 516 4399 Franciscus
540 4355 556 4395 a
583 4336 725 4409 sinistris,
746 4349 775 4397 et
795 4347 862 4397 aute
882 4356 930 4398 eos
950 4337 1084 4398 sedebant

299 4438 383 4497 iidem
398 4439 489 4497 irater
506 4434 624 4497 Ordinis
639 4436 797 4507 Minaeum,
812 4439 955 4497 consessor
968 4456 1083 4509 eortrm,

301 4537 336 4598 de
354 4538 534 4598 obseruantia
559 4556 594 4598 ex
615 4537 745 4616 partibus
765 4536 925 4611 Frauciae,
955 4548 984 4598 ct
1011 4538 1084 4596 alius

301 4640 350 4716 qui
371 4639 523 4716 imaginem
544 4637 647 4698 Crucis
665 4636 786 4697 habebat
808 4638 841 4698 de
862 4640 997 4699 societate
1026 4637 1083 4697 dli·

299 4738 489 4811 sericordiae,
518 4738 615 4797 babitu
636 4734 764 4813 ejusdem
795 4740 935 4800 societatis
956 4738 1083 4811 indutus,

299 4839 370 4900 lacle
391 4848 527 4917 cooperta
538 4858 548 4911 3
563 4846 592 4897 et
614 4848 693 4897 retro
715 4838 885 4916 degradatos
906 4837 994 4899 erecti
1015 4838 1082 4898 lue·

300 4953 370 5001 runt
390 4941 446 5000 duo
466 4938 573 5010 baculi,
592 4937 620 4996 in
640 4940 802 5022 summitate
824 4939 943 4998 illorum
960 4937 1081 4998 cordula

299 5053 423 5113 extensa,
435 5042 462 5099 in
475 5059 531 5118 qua
546 5056 682 5118 appensae
691 5039 814 5100 luerunt
827 5049 952 5116 quatuor
966 5057 1000 5098 ex
1013 5039 1081 5097 bul·

301 5141 336 5202 lis
358 5161 408 5222 per
427 5160 475 5202 eos
495 5139 631 5219 expeditis
651 5151 680 5200 et
699 5137 869 5211 falsificatis3
885 5139 982 5215 sicque
1003 5137 1082 5197 ducti

300 5240 420 5304 luerunt
439 5261 491 5321 per
511 5241 630 5300 Pontem
650 5239 748 5300 Sancti
766 5240 866 5318 Angeli
880 5250 944 5298 ante
960 5240 1079 5299 Turrim

302 5342 442 5416 Saldani,
461 5351 489 5402 et
507 5338 591 5416 juxta
613 5340 729 5401 domurn
759 5340 918 5401 Cardinalis
946 5340 1079 5415 Ascanii,

301 5454 365 5503 aute
382 5441 519 5521 hospitale
540 5442 774 5513 Alamannorum,
790 5436 803 5515 j
809 5452 873 5500 truta
885 5440 1002 5500 domum
1019 5440 1080 5500 Do·

302 5543 371 5601 rnini
400 5543 532 5602 Falconis
552 5561 602 5621 per
625 5541 791 5601 Parrionem
814 5560 905 5619 usque
927 5550 1007 5602 recta
1033 5543 1079 5600 rio

301 5641 337 5699 ad
347 5642 431 5701 aliam
446 5643 532 5718 viam,
545 5662 601 5720 quo
612 5644 647 5703 de
666 5641 756 5704 Ponte
767 5641 802 5701 ad
812 5642 953 5721 Canopum
964 5642 1078 5716 Florae,

1750 678 1755 686 ,
1819 592 1924 678 tiso

1148 721 1197 791 ubi
1210 749 1309 791 versus
1319 732 1469 809 angulum,
1478 729 1514 789 ad
1523 729 1630 794 scalam
1641 740 1670 788 et
1679 727 1808 790 vaccam
1815 727 1924 790 'laber-

1146 847 1212 889 nam
1233 831 1280 890 sic
1292 832 1463 891 nominatam
1483 830 1662 902 tendentem,
1684 830 1769 890 locus
1797 827 1925 908 supplicii

1148 940 1265 1010 paratus
1280 942 1343 991 erat
1357 930 1393 989 ad
1408 931 1495 989 instar
1508 929 1625 1009 'l'egurii
1642 929 1699 1012 (l),
1713 929 1824 991 habens
1845 932 1926 990 colu·

1148 1048 1242 1090 mnam
1258 1031 1379 1108 ligneam
1396 1032 1424 1089 in
1440 1030 1531 1091 medio
1541 1041 1676 1102 erectam,
1691 1027 1811 1090 luscinis
1825 1030 1926 1090 erectis

1148 1130 1363 1191 circumdatam.
1377 1130 1532 1191 Columnae
1543 1131 1571 1189 in
1586 1131 1729 1209 superiori
1740 1140 1827 1208 parte
1836 1130 1930 1191 affixae

1148 1243 1229 1292 eraut
1249 1231 1321 1291 duae
1336 1231 1416 1290 lunes
1435 1250 1489 1309 pra
1508 1229 1564 1290 reis
1582 1240 1611 1290 et
1631 1227 1706 1287 inira
1723 1228 1852 1289 mediam
1865 1247 1932 1307 par-

1149 1344 1206 1392 tem
1225 1334 1375 1393 columnae
1391 1350 1447 1391 una
1462 1330 1582 1392 cathena
1602 1330 1711 1391 terrea:
1730 1329 1788 1388 sub
1810 1328 1934 1400 funibus,

1148 1433 1176 1491 in
1199 1444 1276 1493 terra
1306 1433 1418 1492 stabant
1439 1433 1498 1492 duo
1524 1430 1646 1491 scabella
1668 1449 1722 1511 pro
1744 1429 1828 1500 reis,
1849 1442 1880 1491 et
1899 1432 1933 1488 ab

1147 1534 1201 1592 alia
1222 1543 1304 1611 parte
1325 1531 1476 1611 posteriori
1499 1533 1648 1593 columnae
1667 1531 1746 1591 aliud
1769 1530 1931 1591 scabellum

1148 1652 1201 1712 pro
1222 1635 1334 1705 lictore,
1345 1645 1373 1692 et
1385 1633 1463 1692 circa
1482 1631 1642 1711 Tegurium
1662 1632 1698 1690 ab
1718 1642 1816 1704 extra,
1829 1632 1936 1692 multae

1147 1735 1253 1794 salmoe
1273 1735 1429 1811 lignorum.
1453 1732 1608 1809 Postquam
1627 1727 1767 1812 praedicti
1784 1731 1935 1810 degradati

1147 1844 1340 1910 pervenerunt
1349 1832 1385 1891 ad
1397 1835 1492 1893 locum
1507 1833 1637 1911 supplicii
1651 1832 1804 1912 praedicti,
1817 1831 1935 1892 descen·

1148 1932 1251 1993 derunt
1272 1931 1306 1994 de
1328 1951 1469 2006 carruca,
1494 1934 1674 1995 intraverunt
1696 1932 1866 2011 Tegurium
1882 1935 1936 2004 ‚in

1149 2052 1217 2111 quo,
1232 2053 1266 2095 eo
1281 2033 1365 2094 mado
1382 2045 1409 2095 et
1426 2034 1524 2095 iisdem
1544 2034 1666 2094 restibus
1681 2034 1710 2093 in
1730 2034 1845 2113 quibus
1860 2034 1938 2094 ducti

1147 2133 1282 2206 luerunt,
1303 2134 1493 2195 ascenderunt
1513 2134 1571 2196 duo
1598 2134 1719 2201 ¹scabella
1742 2154 1800 2214 pro
1821 2135 1866 2195 eis
1887 2154 1937 2215 pa·

1148 2247 1221 2296 rata.
1243 2234 1345 2295 Lictor
1357 2236 1489 2314 apposuit
1509 2236 1550 2297 eis
1573 2236 1620 2295 rix
1639 2235 1841 2308 sentientibus,
1856 2254 1892 2296 ex
1905 2254 1937 2296 ea

1149 2336 1227 2414 quod
1246 2330 1347 2397 irater
1380 2336 1524 2397 consessor
1544 2349 1573 2397 et
1593 2338 1672 2397 alius
1686 2336 1815 2397 Crucem
1845 2335 1937 2397 ferens

1148 2455 1197 2497 eos
1216 2439 1352 2497 continuo
1375 2437 1403 2495 in
1424 2435 1540 2497 Christo
1562 2438 1774 2509 confortabant,
1795 2436 1885 2497 tunes
1909 2438 1936 2495 iu

1150 2538 1241 2611 collo,
1258 2536 1362 2614 quibus
1377 2536 1520 2615 appositis,
1536 2538 1585 2596 aiii
1599 2538 1708 2598 lictoris
1721 2536 1794 2596 socii
1810 2537 1935 2597 scabella

1150 2639 1215 2718 ipsis
1236 2638 1269 2698 de
1288 2636 1407 2717 pedibus
1437 2635 1664 2709 subtraxerunt,
1684 2638 1787 2715 sicque
1805 2638 1935 2717 suspensi

1149 2740 1282 2818 spiritum
1303 2737 1477 2798 emiserunt:
1499 2737 1646 2808 defuncti,
1664 2737 1787 2818 depositi
1816 2739 1938 2801 suerunt

1150 2841 1185 2900 de
1206 2841 1349 2909 columna,
1364 2849 1394 2897 et
1408 2855 1499 2915 usque
1511 2839 1538 2896 in
1558 2839 1702 2899 camisiam
1717 2838 1834 2911 nudati,
1853 2840 1938 2901 locati

1150 2939 1274 2999 sedentes
1291 2938 1318 2997 in
1342 2937 1470 2997 scabellis
1492 2937 1646 3016 praedictis
1668 2942 1822 2999 columnae
1846 2959 1938 3019 appo·

1149 3040 1238 3113 diati,
1256 3049 1285 3099 et
1314 3038 1450 3131 cathenae
1477 3039 1530 3097 sub
1557 3038 1682 3099 brachiis
1702 3039 1739 3098 ad
1767 3041 1935 3100 columnam

1150 3140 1353 3219 circumligati,
1374 3151 1404 3200 et
1421 3157 1557 3200 succenso
1577 3141 1643 3218 igne
1662 3141 1815 3202 combusti.
1837 3139 1936 3202 Lictor

1151 3262 1241 3321 usque
1262 3251 1325 3322 post
1346 3225 1449 3300 horum
1472 3258 1659 3320 vesperorum
1693 3243 1794 3301 multis
1820 3244 1934 3303 vicibus

1151 3343 1324 3402 ministrarit
1344 3342 1431 3420 ligna,
1450 3352 1482 3400 ut
1498 3340 1639 3402 cadavera
1659 3343 1687 3401 in
1710 3353 1806 3403 toturn
1829 3360 1935 3403 consu-

1150 3453 1321 3514 merentur,
1342 3443 1439 3518 sicque
1459 3442 1532 3518 ignis
1550 3459 1640 3519 usque
1662 3441 1692 3500 in
1714 3460 1797 3501 mane
1814 3461 1934 3520 sequens

1151 3542 1327 3622 perdurarit.
1350 3542 1458 3601 Eodem
1480 3541 1605 3618 sequenti
1635 3542 1698 3614 die,
1721 3543 1802 3603 circa
1833 3544 1934 3604 boram

1152 3662 1354 3722 vesperorum,
1377 3644 1510 3717 cineres,
1532 3645 1560 3703 in
1588 3644 1692 3721 quibus
1712 3644 1811 3705 adhuc
1843 3647 1931 3705 multa

1151 3763 1214 3804 ossa
1235 3756 1349 3823 reperta
1369 3746 1498 3818 luerunt,
1509 3764 1560 3825 per
1582 3746 1719 3824 quosdam
1739 3766 1776 3805 ex
1799 3748 1934 3807 societate

1152 3845 1364 3906 lllisericordiae
1379 3844 1465 3904 simul
1478 3863 1564 3924 scopa
1585 3846 1704 3906 collecta
1721 3845 1794 3906 etin
1810 3846 1931 3924 qrradnm

1153 3963 1237 4025 capsa
1258 3955 1382 4017 nora,et
1401 3962 1486 4005 sacco
1501 3942 1540 4024 (l)
1562 3944 1696 4022 reposita,
1708 3954 1736 4004 et
1759 3964 1829 4005 cum
1841 3946 1931 4006 Cruce

1153 4046 1386 4125 processioneque
1406 4045 1488 4103 solita
1509 4063 1562 4123 per
1575 4044 1703 4106 eamdem
1719 4044 1886 4107 societatem
1899 4046 1932 4104 ad

1152 4145 1309 4206 Ecclesiam
1331 4144 1416 4204 dilata
1420 4188 1547 4204 .....
1568 4143 1605 4203 ad
1625 4143 1681 4205 boc
1702 4144 1868 4205 ordinatam
1888 4166 1932 4205 se-

1152 4248 1237 4326 pultis
1240 4290 1366 4306 .....
1389 4245 1547 4326 Episcopus
1569 4246 1742 4326 degradator
1760 4250 1855 4309 noluit
1870 4258 1928 4328 post

1153 4347 1238 4407 finem
1252 4346 1462 4425 degradationis
1478 4347 1555 4407 serre
1566 4347 1642 4406 illam
1655 4351 1823 4409 seutentiam
1835 4351 1930 4410 dicen·

1151 4449 1448 4510 dozl’ronnntiomus
1458 4450 1625 4521 etc.,dicens
1637 4450 1666 4509 id
1680 4450 1930 4512 aSummoPonti·

1152 4550 1205 4611 lice
1220 4551 1273 4610 sibi
1292 4569 1347 4611 non
1369 4569 1428 4611 esse
1451 4548 1632 4610 commissum
1642 4573 1652 4624 3
1669 4549 1753 4628 cujus
1775 4552 1929 4613 locodixic

1153 4651 1283 4712 Domine
1294 4651 1468 4722 dedecens
1480 4659 1508 4710 et
1521 4652 1587 4728 quia
1598 4650 1634 4709 lt.
1646 4652 1678 4709 Ρ.
1693 4652 1727 4711 Ι).
1742 4652 1931 4714 Cesenatcnsis

1152 4751 1274 4811 Auditor
1287 4751 1435 4824 Camerae,
1451 4763 1477 4810 et
1494 4748 1770 4813 GubernatorUrbis
1785 4753 1834 4815 lric
1847 4774 1932 4833 prae-
1961 4787 1967 4795 ·

1152 4863 1243 4912 sentes
1257 4853 1482 4930 pronuntiarunt
1497 4851 1549 4911 bos
1565 4870 1703 4931 pauperes
1714 4852 1932 4914 SaeculariCu·

1153 4951 1214 5010 riae
1241 4949 1393 5012 tradendos
1413 4972 1495 5024 esse,
1516 4970 1660 5033 rogamus
1679 4971 1733 5015 uas
1751 4965 1807 5015 etc.
1829 4955 1934 5015 Debuit

1152 5061 1260 5123 tamen,
1280 5063 1307 5113 et
1328 5053 1420 5131 potuit
1440 5053 1489 5111 illa
1511 5052 1600 5114 verba
1618 5054 1646 5111 in
1665 5053 1823 5133 pontificali
1845 5057 1934 5134 posita

1151 5154 1349 5232 pronuntiare,
1365 5155 1432 5230 quia
1452 5172 1504 5231 per
1526 5152 1692 5214 Pontificem
1714 5154 1741 5215 id
1763 5156 1816 5215 sibi
1838 5156 1933 5218 luerat

1191 5424 1227 5483 (t)
1252 5419 1408 5483 Tegurium,
1432 5412 1682 5485 utgvideturserat
1707 5426 1857 5485 suggestum
1881 5425 1935 5473 cir·

1150 5500 1248 5559 calare,
1263 5500 1390 5561 ligneum,
1407 5504 1433 5549 et
1450 5504 1524 5562 parte
1541 5502 1630 5549 intima
1652 5513 1780 5559 vacuum,
1797 5514 1831 5551 ex
1856 5503 1934 5564 cuius

1151 5579 1235 5629 medio
1252 5580 1369 5629 columna
1387 5580 1551 5641 prominebat
1568 5582 1593 5628 ia
1611 5580 1701 5637 altum,
1719 5580 1752 5630 ad
1769 5580 1936 5643 suspenden-

1150 5655 1197 5707 dos
1215 5669 1286 5718 reos,
1301 5661 1327 5708 ct
1343 5663 1436 5720 postca
1453 5661 1510 5723 igue
1528 5659 1692 5712 cremandos.
