<?xml version="1.0" encoding="UTF-8"?>
<!DOCTYPE html PUBLIC "-//W3C//DTD XHTML 1.0 Transitional//EN"
    "http://www.w3.org/TR/xhtml1/DTD/xhtml1-transitional.dtd">
<html xmlns="http://www.w3.org/1999/xhtml" xml:lang="en" lang="en">
 <head>
  <title>
</title>
<meta http-equiv="Content-Type" content="text/html;charset=utf-8" />
  <meta name='ocr-system' content='tesseract 3.04.00' />
  <meta name='ocr-capabilities' content='ocr_page ocr_carea ocr_par ocr_line ocrx_word'/>
</head>
<body>
  <div class='ocr_page' id='page_1' title='image "./johannisburchar01burcgoog/johannisburchar01burcgoog_0075.png"; bbox 0 0 4492 6859; ppageno 0'>
   <div class='ocr_carea' id='block_1_1' title="bbox 293 629 406 713">
    <p class='ocr_par' dir='ltr' id='par_1_1' title="bbox 293 629 406 713">
     <span class='ocr_line' id='line_1_1' title="bbox 293 629 406 713; baseline 0.018 -22"><span class='ocrx_word' id='word_1_1' title='bbox 293 629 406 713; x_wconf 77' lang='lat' dir='ltr'>(aras)</span> 
     </span>
    </p>
   </div>
   <div class='ocr_carea' id='block_1_2' title="bbox 294 764 1094 3665">
    <p class='ocr_par' dir='ltr' id='par_1_2' title="bbox 294 764 1085 948">
     <span class='ocr_line' id='line_1_2' title="bbox 294 764 1085 844; baseline -0.004 -18"><span class='ocrx_word' id='word_1_2' title='bbox 294 785 408 844; x_wconf 82' lang='lat' dir='ltr'>gnum,</span> <span class='ocrx_word' id='word_1_3' title='bbox 429 764 509 826; x_wconf 86' lang='lat' dir='ltr'>nobis</span> <span class='ocrx_word' id='word_1_4' title='bbox 535 764 787 826; x_wconf 87' lang='lat' dir='ltr'>circumstantibus</span> <span class='ocrx_word' id='word_1_5' title='bbox 816 784 851 827; x_wconf 90' lang='lat' dir='ltr'>ac</span> <span class='ocrx_word' id='word_1_6' title='bbox 877 764 1085 839; x_wconf 90' lang='lat' dir='ltr'>clamantibus,</span> 
     </span>
     <span class='ocr_line' id='line_1_3' title="bbox 295 866 967 948; baseline 0.003 -23"><span class='ocrx_word' id='word_1_7' title='bbox 295 867 394 947; x_wconf 74' lang='lat' dir='ltr'>Kyrie</span> <span class='ocrx_word' id='word_1_8' title='bbox 416 870 540 948; x_wconf 77' lang='lat' dir='ltr'>eleyson</span> <span class='ocrx_word' id='word_1_9' title='bbox 560 866 619 926; x_wconf 89' lang='lat' dir='ltr'>alta</span> <span class='ocrx_word' id='word_1_10' title='bbox 641 884 711 929; x_wconf 90' lang='lat' dir='ltr'>rocs</span> <span class='ocrx_word' id='word_1_11' title='bbox 732 868 819 928; x_wconf 83' lang='lat' dir='ltr'>semel</span> <span class='ocrx_word' id='word_1_12' title='bbox 843 878 967 928; x_wconf 87' lang='lat' dir='ltr'>tantum.</span> 
     </span>
    </p>

    <p class='ocr_par' dir='ltr' id='par_1_3' title="bbox 295 964 1087 1349">
     <span class='ocr_line' id='line_1_4' title="bbox 335 964 1086 1046; baseline 0.004 -21"><span class='ocrx_word' id='word_1_13' title='bbox 335 964 414 1046; x_wconf 87' lang='lat' dir='ltr'>Papa</span> <span class='ocrx_word' id='word_1_14' title='bbox 435 966 475 1026; x_wconf 88' lang='lat' dir='ltr'>sic</span> <span class='ocrx_word' id='word_1_15' title='bbox 495 979 644 1041; x_wconf 88' lang='lat' dir='ltr'>coronato,</span> <span class='ocrx_word' id='word_1_16' title='bbox 661 966 735 1028; x_wconf 87' lang='lat' dir='ltr'>idern</span> <span class='ocrx_word' id='word_1_17' title='bbox 758 966 889 1029; x_wconf 74' lang='lat' dir='ltr'>Senensis</span> <span class='ocrx_word' id='word_1_18' title='bbox 903 966 1086 1028; x_wconf 71' lang='lat' dir='ltr'>denunciavit</span> 
     </span>
     <span class='ocr_line' id='line_1_5' title="bbox 295 1067 1085 1151; baseline 0.003 -24"><span class='ocrx_word' id='word_1_19' title='bbox 295 1069 437 1145; x_wconf 88' lang='lat' dir='ltr'>plenarias</span> <span class='ocrx_word' id='word_1_20' title='bbox 461 1067 652 1148; x_wconf 81' lang='lat' dir='ltr'>indulgentias</span> <span class='ocrx_word' id='word_1_21' title='bbox 679 1071 788 1151; x_wconf 92' lang='lat' dir='ltr'>populo</span> <span class='ocrx_word' id='word_1_22' title='bbox 814 1088 962 1131; x_wconf 72' lang='lat' dir='ltr'>coracemas</span> <span class='ocrx_word' id='word_1_23' title='bbox 992 1069 1085 1129; x_wconf 85' lang='lat' dir='ltr'>verbis</span> 
     </span>
     <span class='ocr_line' id='line_1_6' title="bbox 297 1168 1087 1247; baseline 0.005 -21"><span class='ocrx_word' id='word_1_24' title='bbox 297 1170 402 1240; x_wconf 89' lang='lat' dir='ltr'>latinis,</span> <span class='ocrx_word' id='word_1_25' title='bbox 424 1179 454 1229; x_wconf 88' lang='lat' dir='ltr'>et</span> <span class='ocrx_word' id='word_1_26' title='bbox 474 1178 540 1247; x_wconf 82' lang='lat' dir='ltr'>past</span> <span class='ocrx_word' id='word_1_27' title='bbox 559 1186 627 1230; x_wconf 88' lang='lat' dir='ltr'>eutn</span> <span class='ocrx_word' id='word_1_28' title='bbox 645 1169 805 1230; x_wconf 88' lang='lat' dir='ltr'>Cardinalis</span> <span class='ocrx_word' id='word_1_29' title='bbox 827 1170 858 1230; x_wconf 85' lang='lat' dir='ltr'>S.</span> <span class='ocrx_word' id='word_1_30' title='bbox 877 1168 995 1247; x_wconf 77' lang='lat' dir='ltr'>Georgii</span> <span class='ocrx_word' id='word_1_31' title='bbox 1014 1187 1087 1230; x_wconf 88' lang='lat' dir='ltr'>ver·</span> 
     </span>
     <span class='ocr_line' id='line_1_7' title="bbox 296 1267 999 1349; baseline 0.006 -24"><span class='ocrx_word' id='word_1_32' title='bbox 296 1267 339 1326; x_wconf 91' lang='lat' dir='ltr'>bis</span> <span class='ocrx_word' id='word_1_33' title='bbox 362 1268 543 1347; x_wconf 74' lang='lat' dir='ltr'>vulgaribus,</span> <span class='ocrx_word' id='word_1_34' title='bbox 565 1268 603 1328; x_wconf 92' lang='lat' dir='ltr'>ad</span> <span class='ocrx_word' id='word_1_35' title='bbox 624 1271 765 1349; x_wconf 60' lang='lat' dir='ltr'>mulum</span> <span class='ocrx_word' id='word_1_36' title='bbox 788 1270 862 1331; x_wconf 91' lang='lat' dir='ltr'>rersi</span> <span class='ocrx_word' id='word_1_37' title='bbox 884 1280 999 1329; x_wconf 85' lang='lat' dir='ltr'>stantes.</span> 
     </span>
    </p>

    <p class='ocr_par' dir='ltr' id='par_1_4' title="bbox 294 1367 1087 2050">
     <span class='ocr_line' id='line_1_8' title="bbox 335 1367 1086 1450; baseline 0.003 -24"><span class='ocrx_word' id='word_1_38' title='bbox 335 1367 521 1447; x_wconf 75' lang='lat' dir='ltr'>indulgentiis</span> <span class='ocrx_word' id='word_1_39' title='bbox 548 1368 714 1448; x_wconf 76' lang='lat' dir='ltr'>hujusmodi</span> <span class='ocrx_word' id='word_1_40' title='bbox 735 1369 931 1449; x_wconf 76' lang='lat' dir='ltr'><strong>pronunciatis</strong></span> <span class='ocrx_word' id='word_1_41' title='bbox 951 1367 1011 1450; x_wconf 82' lang='lat' dir='ltr'>(l),</span> <span class='ocrx_word' id='word_1_42' title='bbox 1032 1367 1086 1429; x_wconf 87' lang='lat' dir='ltr'>de·</span> 
     </span>
     <span class='ocr_line' id='line_1_9' title="bbox 294 1465 1085 1548; baseline 0.009 -25"><span class='ocrx_word' id='word_1_43' title='bbox 294 1465 468 1529; x_wconf 75' lang='lat' dir='ltr'>scenderunt</span> <span class='ocrx_word' id='word_1_44' title='bbox 492 1486 591 1529; x_wconf 79' lang='lat' dir='ltr'>omnes</span> <span class='ocrx_word' id='word_1_45' title='bbox 617 1468 652 1529; x_wconf 91' lang='lat' dir='ltr'>de</span> <span class='ocrx_word' id='word_1_46' title='bbox 679 1480 836 1548; x_wconf 78' lang='lat' dir='ltr'>suggesto,</span> <span class='ocrx_word' id='word_1_47' title='bbox 856 1480 885 1530; x_wconf 90' lang='lat' dir='ltr'>et</span> <span class='ocrx_word' id='word_1_48' title='bbox 907 1469 987 1547; x_wconf 91' lang='lat' dir='ltr'>Papa</span> <span class='ocrx_word' id='word_1_49' title='bbox 1017 1487 1085 1530; x_wconf 87' lang='lat' dir='ltr'>curu</span> 
     </span>
     <span class='ocr_line' id='line_1_10' title="bbox 294 1567 1087 1649; baseline 0.001 -20"><span class='ocrx_word' id='word_1_50' title='bbox 294 1567 497 1630; x_wconf 71' lang='lat' dir='ltr'>cardinalibus</span> <span class='ocrx_word' id='word_1_51' title='bbox 517 1580 630 1629; x_wconf 90' lang='lat' dir='ltr'>tantum</span> <span class='ocrx_word' id='word_1_52' title='bbox 651 1581 681 1630; x_wconf 88' lang='lat' dir='ltr'>et</span> <span class='ocrx_word' id='word_1_53' title='bbox 700 1571 799 1649; x_wconf 89' lang='lat' dir='ltr'>paucis</span> <span class='ocrx_word' id='word_1_54' title='bbox 827 1571 1018 1632; x_wconf 70' lang='lat' dir='ltr'>servitoribus</span> <span class='ocrx_word' id='word_1_55' title='bbox 1040 1570 1087 1630; x_wconf 93' lang='lat' dir='ltr'>in·</span> 
     </span>
     <span class='ocr_line' id='line_1_11' title="bbox 295 1668 1085 1733; baseline 0.005 -8"><span class='ocrx_word' id='word_1_56' title='bbox 295 1671 385 1728; x_wconf 90' lang='lat' dir='ltr'>trarit</span> <span class='ocrx_word' id='word_1_57' title='bbox 407 1669 524 1730; x_wconf 87' lang='lat' dir='ltr'>domum</span> <span class='ocrx_word' id='word_1_58' title='bbox 550 1668 718 1732; x_wconf 73' lang='lat' dir='ltr'>residentiae</span> <span class='ocrx_word' id='word_1_59' title='bbox 749 1670 787 1731; x_wconf 85' lang='lat' dir='ltr'>lt.</span> <span class='ocrx_word' id='word_1_60' title='bbox 814 1670 849 1732; x_wconf 87' lang='lat' dir='ltr'>D.</span> <span class='ocrx_word' id='word_1_61' title='bbox 871 1670 1030 1733; x_wconf 87' lang='lat' dir='ltr'>Cardinalis</span> <span class='ocrx_word' id='word_1_62' title='bbox 1052 1668 1085 1730; x_wconf 77' lang='lat' dir='ltr'>S.</span> 
     </span>
     <span class='ocr_line' id='line_1_12' title="bbox 295 1769 1086 1852; baseline 0.001 -23"><span class='ocrx_word' id='word_1_63' title='bbox 295 1769 406 1832; x_wconf 75' lang='lat' dir='ltr'>Mariae</span> <span class='ocrx_word' id='word_1_64' title='bbox 416 1773 444 1831; x_wconf 93' lang='lat' dir='ltr'>in</span> <span class='ocrx_word' id='word_1_65' title='bbox 455 1771 573 1832; x_wconf 88' lang='lat' dir='ltr'>Portiou</span> <span class='ocrx_word' id='word_1_66' title='bbox 595 1771 842 1852; x_wconf 75' lang='lat' dir='ltr'>archipresbyteri</span> <span class='ocrx_word' id='word_1_67' title='bbox 854 1772 986 1833; x_wconf 86' lang='lat' dir='ltr'>basilicae</span> <span class='ocrx_word' id='word_1_68' title='bbox 996 1789 1086 1852; x_wconf 85' lang='lat' dir='ltr'>prae·</span> 
     </span>
     <span class='ocr_line' id='line_1_13' title="bbox 295 1870 1086 1952; baseline 0.006 -25"><span class='ocrx_word' id='word_1_69' title='bbox 295 1872 410 1944; x_wconf 91' lang='lat' dir='ltr'>dictae,</span> <span class='ocrx_word' id='word_1_70' title='bbox 432 1872 460 1930; x_wconf 91' lang='lat' dir='ltr'>in</span> <span class='ocrx_word' id='word_1_71' title='bbox 482 1870 566 1949; x_wconf 84' lang='lat' dir='ltr'>cujus</span> <span class='ocrx_word' id='word_1_72' title='bbox 592 1872 692 1946; x_wconf 91' lang='lat' dir='ltr'>curia,</span> <span class='ocrx_word' id='word_1_73' title='bbox 713 1874 773 1933; x_wconf 88' lang='lat' dir='ltr'>sire</span> <span class='ocrx_word' id='word_1_74' title='bbox 795 1872 882 1933; x_wconf 91' lang='lat' dir='ltr'>horto</span> <span class='ocrx_word' id='word_1_75' title='bbox 901 1872 957 1933; x_wconf 86' lang='lat' dir='ltr'>luit</span> <span class='ocrx_word' id='word_1_76' title='bbox 985 1883 1086 1952; x_wconf 91' lang='lat' dir='ltr'>parata</span> 
     </span>
     <span class='ocr_line' id='line_1_14' title="bbox 295 1971 1053 2050; baseline 0 -19"><span class='ocrx_word' id='word_1_77' title='bbox 295 1973 413 2033; x_wconf 90' lang='lat' dir='ltr'>collatio</span> <span class='ocrx_word' id='word_1_78' title='bbox 434 1991 488 2050; x_wconf 90' lang='lat' dir='ltr'>pro</span> <span class='ocrx_word' id='word_1_79' title='bbox 509 1971 614 2033; x_wconf 83' lang='lat' dir='ltr'>eisdetn</span> <span class='ocrx_word' id='word_1_80' title='bbox 637 1972 774 2035; x_wconf 84' lang='lat' dir='ltr'>Pontifice</span> <span class='ocrx_word' id='word_1_81' title='bbox 794 1986 824 2035; x_wconf 88' lang='lat' dir='ltr'>et</span> <span class='ocrx_word' id='word_1_82' title='bbox 844 1972 1053 2035; x_wconf 77' lang='lat' dir='ltr'>crrdiualibus.</span> 
     </span>
    </p>

    <p class='ocr_par' dir='ltr' id='par_1_5' title="bbox 294 2073 1091 3463">
     <span class='ocr_line' id='line_1_15' title="bbox 342 2073 1087 2152; baseline 0.007 -21"><span class='ocrx_word' id='word_1_83' title='bbox 342 2073 470 2133; x_wconf 89' lang='lat' dir='ltr'>Praelati</span> <span class='ocrx_word' id='word_1_84' title='bbox 493 2091 586 2146; x_wconf 89' lang='lat' dir='ltr'>reru,</span> <span class='ocrx_word' id='word_1_85' title='bbox 606 2085 635 2136; x_wconf 91' lang='lat' dir='ltr'>et</span> <span class='ocrx_word' id='word_1_86' title='bbox 664 2075 800 2135; x_wconf 87' lang='lat' dir='ltr'>officiales</span> <span class='ocrx_word' id='word_1_87' title='bbox 820 2092 855 2136; x_wconf 88' lang='lat' dir='ltr'>ao</span> <span class='ocrx_word' id='word_1_88' title='bbox 881 2073 954 2135; x_wconf 88' lang='lat' dir='ltr'>aliae</span> <span class='ocrx_word' id='word_1_89' title='bbox 984 2073 1087 2152; x_wconf 77' lang='lat' dir='ltr'>dignae</span> 
     </span>
     <span class='ocr_line' id='line_1_16' title="bbox 296 2173 1087 2252; baseline 0 -17"><span class='ocrx_word' id='word_1_90' title='bbox 296 2192 435 2252; x_wconf 76' lang='lat' dir='ltr'>personae</span> <span class='ocrx_word' id='word_1_91' title='bbox 456 2174 604 2234; x_wconf 91' lang='lat' dir='ltr'>intrarunt</span> <span class='ocrx_word' id='word_1_92' title='bbox 623 2173 741 2235; x_wconf 80' lang='lat' dir='ltr'>domuin</span> <span class='ocrx_word' id='word_1_93' title='bbox 763 2176 957 2236; x_wconf 84' lang='lat' dir='ltr'>catrotricalem</span> <span class='ocrx_word' id='word_1_94' title='bbox 979 2174 1087 2236; x_wconf 83' lang='lat' dir='ltr'>domini</span> 
     </span>
     <span class='ocr_line' id='line_1_17' title="bbox 294 2274 1087 2353; baseline -0.001 -17"><span class='ocrx_word' id='word_1_95' title='bbox 294 2276 370 2336; x_wconf 83' lang='lat' dir='ltr'>Celsi</span> <span class='ocrx_word' id='word_1_96' title='bbox 403 2274 438 2335; x_wconf 88' lang='lat' dir='ltr'>de</span> <span class='ocrx_word' id='word_1_97' title='bbox 470 2274 586 2337; x_wconf 84' lang='lat' dir='ltr'>hlillinis</span> <span class='ocrx_word' id='word_1_98' title='bbox 616 2274 744 2353; x_wconf 80' lang='lat' dir='ltr'>ejusdem</span> <span class='ocrx_word' id='word_1_99' title='bbox 774 2275 908 2336; x_wconf 90' lang='lat' dir='ltr'>basilicae</span> <span class='ocrx_word' id='word_1_100' title='bbox 936 2276 1087 2348; x_wconf 86' lang='lat' dir='ltr'>canonici,</span> 
     </span>
     <span class='ocr_line' id='line_1_18' title="bbox 295 2375 1087 2457; baseline 0.004 -21"><span class='ocrx_word' id='word_1_101' title='bbox 295 2377 440 2457; x_wconf 88' lang='lat' dir='ltr'>praelatae</span> <span class='ocrx_word' id='word_1_102' title='bbox 454 2376 552 2437; x_wconf 89' lang='lat' dir='ltr'>domui</span> <span class='ocrx_word' id='word_1_103' title='bbox 567 2375 729 2438; x_wconf 86' lang='lat' dir='ltr'>cardinalis</span> <span class='ocrx_word' id='word_1_104' title='bbox 739 2378 917 2456; x_wconf 77' lang='lat' dir='ltr'>contiguam,</span> <span class='ocrx_word' id='word_1_105' title='bbox 933 2376 983 2437; x_wconf 92' lang='lat' dir='ltr'>ubi</span> <span class='ocrx_word' id='word_1_106' title='bbox 993 2390 1087 2455; x_wconf 87' lang='lat' dir='ltr'>etpro</span> 
     </span>
     <span class='ocr_line' id='line_1_19' title="bbox 295 2476 1087 2551; baseline 0.001 -16"><span class='ocrx_word' id='word_1_107' title='bbox 295 2477 354 2537; x_wconf 89' lang='lat' dir='ltr'>illis</span> <span class='ocrx_word' id='word_1_108' title='bbox 375 2476 492 2538; x_wconf 88' lang='lat' dir='ltr'>collatio</span> <span class='ocrx_word' id='word_1_109' title='bbox 516 2476 648 2538; x_wconf 91' lang='lat' dir='ltr'>ordinata</span> <span class='ocrx_word' id='word_1_110' title='bbox 668 2487 750 2551; x_wconf 88' lang='lat' dir='ltr'>erat,</span> <span class='ocrx_word' id='word_1_111' title='bbox 771 2489 799 2538; x_wconf 91' lang='lat' dir='ltr'>et</span> <span class='ocrx_word' id='word_1_112' title='bbox 825 2476 928 2537; x_wconf 85' lang='lat' dir='ltr'>ibidem</span> <span class='ocrx_word' id='word_1_113' title='bbox 953 2477 1087 2538; x_wconf 85' lang='lat' dir='ltr'>collatio·</span> 
     </span>
     <span class='ocr_line' id='line_1_20' title="bbox 297 2576 1088 2657; baseline 0 -21"><span class='ocrx_word' id='word_1_114' title='bbox 297 2596 361 2638; x_wconf 91' lang='lat' dir='ltr'>nem</span> <span class='ocrx_word' id='word_1_115' title='bbox 382 2578 518 2640; x_wconf 85' lang='lat' dir='ltr'>lecerunt·</span> <span class='ocrx_word' id='word_1_116' title='bbox 535 2595 603 2638; x_wconf 87' lang='lat' dir='ltr'>cum</span> <span class='ocrx_word' id='word_1_117' title='bbox 622 2578 831 2657; x_wconf 90' lang='lat' dir='ltr'>pinocchiutis‚</span> <span class='ocrx_word' id='word_1_118' title='bbox 852 2576 1088 2649; x_wconf 79' lang='lat' dir='ltr'>consectionibus,</span> 
     </span>
     <span class='ocr_line' id='line_1_21' title="bbox 297 2676 1086 2759; baseline -0.003 -21"><span class='ocrx_word' id='word_1_119' title='bbox 297 2681 458 2751; x_wconf 86' lang='lat' dir='ltr'>tualrasia,</span> <span class='ocrx_word' id='word_1_120' title='bbox 477 2690 507 2740; x_wconf 92' lang='lat' dir='ltr'>et</span> <span class='ocrx_word' id='word_1_121' title='bbox 529 2678 715 2759; x_wconf 81' lang='lat' dir='ltr'>hujusmodi,</span> <span class='ocrx_word' id='word_1_122' title='bbox 738 2698 812 2759; x_wconf 91' lang='lat' dir='ltr'>quae</span> <span class='ocrx_word' id='word_1_123' title='bbox 836 2690 937 2759; x_wconf 90' lang='lat' dir='ltr'>parata</span> <span class='ocrx_word' id='word_1_124' title='bbox 963 2676 1086 2739; x_wconf 83' lang='lat' dir='ltr'>luerunt.</span> 
     </span>
     <span class='ocr_line' id='line_1_22' title="bbox 297 2776 1087 2860; baseline -0.005 -19"><span class='ocrx_word' id='word_1_125' title='bbox 297 2781 406 2841; x_wconf 88' lang='lat' dir='ltr'>Tamen</span> <span class='ocrx_word' id='word_1_126' title='bbox 421 2781 513 2860; x_wconf 83' lang='lat' dir='ltr'>pridie</span> <span class='ocrx_word' id='word_1_127' title='bbox 528 2780 706 2855; x_wconf 92' lang='lat' dir='ltr'>ordinatum,</span> <span class='ocrx_word' id='word_1_128' title='bbox 720 2779 798 2859; x_wconf 89' lang='lat' dir='ltr'>quud</span> <span class='ocrx_word' id='word_1_129' title='bbox 819 2781 937 2840; x_wconf 88' lang='lat' dir='ltr'>collatio</span> <span class='ocrx_word' id='word_1_130' title='bbox 950 2779 1022 2840; x_wconf 88' lang='lat' dir='ltr'>haec</span> <span class='ocrx_word' id='word_1_131' title='bbox 1032 2776 1087 2838; x_wconf 54' lang='lat' dir='ltr'>lias</span> 
     </span>
     <span class='ocr_line' id='line_1_23' title="bbox 296 2880 1089 2961; baseline -0.005 -18"><span class='ocrx_word' id='word_1_132' title='bbox 296 2896 341 2946; x_wconf 87' lang='lat' dir='ltr'>ret</span> <span class='ocrx_word' id='word_1_133' title='bbox 356 2895 510 2961; x_wconf 77' lang='lat' dir='ltr'>antequem</span> <span class='ocrx_word' id='word_1_134' title='bbox 525 2881 603 2960; x_wconf 87' lang='lat' dir='ltr'>Papa</span> <span class='ocrx_word' id='word_1_135' title='bbox 619 2894 789 2959; x_wconf 75' lang='lat' dir='ltr'>suggestum</span> <span class='ocrx_word' id='word_1_136' title='bbox 804 2880 972 2941; x_wconf 75' lang='lat' dir='ltr'>ascenderet</span> <span class='ocrx_word' id='word_1_137' title='bbox 987 2891 1018 2941; x_wconf 86' lang='lat' dir='ltr'>ct</span> <span class='ocrx_word' id='word_1_138' title='bbox 1034 2898 1089 2940; x_wconf 90' lang='lat' dir='ltr'>eu·</span> 
     </span>
     <span class='ocr_line' id='line_1_24' title="bbox 296 2980 1089 3061; baseline -0.008 -16"><span class='ocrx_word' id='word_1_139' title='bbox 296 2995 451 3046; x_wconf 79' lang='lat' dir='ltr'>sonaretur</span> <span class='ocrx_word' id='word_1_140' title='bbox 472 2984 523 3054; x_wconf 90' lang='lat' dir='ltr'>ita,</span> <span class='ocrx_word' id='word_1_141' title='bbox 543 2981 620 3060; x_wconf 93' lang='lat' dir='ltr'>quod</span> <span class='ocrx_word' id='word_1_142' title='bbox 639 2982 831 3061; x_wconf 81' lang='lat' dir='ltr'>postmodum,</span> <span class='ocrx_word' id='word_1_143' title='bbox 846 2991 1013 3052; x_wconf 89' lang='lat' dir='ltr'>coronatus,</span> <span class='ocrx_word' id='word_1_144' title='bbox 1029 2980 1089 3040; x_wconf 89' lang='lat' dir='ltr'>sine</span> 
     </span>
     <span class='ocr_line' id='line_1_25' title="bbox 296 3081 1088 3160; baseline -0.004 -16"><span class='ocrx_word' id='word_1_145' title='bbox 296 3103 379 3147; x_wconf 90' lang='lat' dir='ltr'>mora</span> <span class='ocrx_word' id='word_1_146' title='bbox 400 3084 437 3143; x_wconf 91' lang='lat' dir='ltr'>ad</span> <span class='ocrx_word' id='word_1_147' title='bbox 458 3081 637 3143; x_wconf 77' lang='lat' dir='ltr'>batatanum</span> <span class='ocrx_word' id='word_1_148' title='bbox 659 3084 825 3160; x_wconf 81' lang='lat' dir='ltr'>equitaret3</span> <span class='ocrx_word' id='word_1_149' title='bbox 847 3082 923 3159; x_wconf 94' lang='lat' dir='ltr'>quod</span> <span class='ocrx_word' id='word_1_150' title='bbox 944 3092 973 3142; x_wconf 90' lang='lat' dir='ltr'>et</span> <span class='ocrx_word' id='word_1_151' title='bbox 997 3081 1088 3158; x_wconf 77' lang='lat' dir='ltr'>tnagis</span> 
     </span>
     <span class='ocr_line' id='line_1_26' title="bbox 295 3180 1089 3255; baseline -0.008 -9"><span class='ocrx_word' id='word_1_152' title='bbox 295 3185 485 3247; x_wconf 80' lang='lat' dir='ltr'>convenisset</span> <span class='ocrx_word' id='word_1_153' title='bbox 518 3183 578 3243; x_wconf 85' lang='lat' dir='ltr'>Sed</span> <span class='ocrx_word' id='word_1_154' title='bbox 601 3182 656 3242; x_wconf 88' lang='lat' dir='ltr'>hoc</span> <span class='ocrx_word' id='word_1_155' title='bbox 679 3201 783 3255; x_wconf 91' lang='lat' dir='ltr'>mane,</span> <span class='ocrx_word' id='word_1_156' title='bbox 805 3182 885 3242; x_wconf 89' lang='lat' dir='ltr'>nobis</span> <span class='ocrx_word' id='word_1_157' title='bbox 912 3181 946 3241; x_wconf 89' lang='lat' dir='ltr'>de</span> <span class='ocrx_word' id='word_1_158' title='bbox 973 3180 1089 3240; x_wconf 86' lang='lat' dir='ltr'>basilica</span> 
     </span>
     <span class='ocr_line' id='line_1_27' title="bbox 295 3281 1089 3361; baseline -0.009 -13"><span class='ocrx_word' id='word_1_159' title='bbox 295 3284 477 3357; x_wconf 82' lang='lat' dir='ltr'>exeuntibus,</span> <span class='ocrx_word' id='word_1_160' title='bbox 488 3284 634 3361; x_wconf 76' lang='lat' dir='ltr'>aliquibus</span> <span class='ocrx_word' id='word_1_161' title='bbox 648 3284 741 3343; x_wconf 87' lang='lat' dir='ltr'>risum</span> <span class='ocrx_word' id='word_1_162' title='bbox 757 3294 811 3355; x_wconf 89' lang='lat' dir='ltr'>est,</span> <span class='ocrx_word' id='word_1_163' title='bbox 822 3283 852 3342; x_wconf 94' lang='lat' dir='ltr'>id</span> <span class='ocrx_word' id='word_1_164' title='bbox 862 3281 952 3360; x_wconf 75' lang='lat' dir='ltr'>magis</span> <span class='ocrx_word' id='word_1_165' title='bbox 964 3283 1089 3360; x_wconf 86' lang='lat' dir='ltr'>placere,</span> 
     </span>
     <span class='ocr_line' id='line_1_28' title="bbox 295 3382 1091 3463; baseline -0.006 -17"><span class='ocrx_word' id='word_1_166' title='bbox 295 3388 394 3463; x_wconf 88' lang='lat' dir='ltr'>sieque</span> <span class='ocrx_word' id='word_1_167' title='bbox 415 3385 489 3445; x_wconf 94' lang='lat' dir='ltr'>ordo</span> <span class='ocrx_word' id='word_1_168' title='bbox 510 3384 591 3462; x_wconf 90' lang='lat' dir='ltr'>prius</span> <span class='ocrx_word' id='word_1_169' title='bbox 613 3382 696 3442; x_wconf 92' lang='lat' dir='ltr'>datus</span> <span class='ocrx_word' id='word_1_170' title='bbox 713 3399 870 3462; x_wconf 72' lang='lat' dir='ltr'>perversus</span> <span class='ocrx_word' id='word_1_171' title='bbox 886 3393 940 3455; x_wconf 90' lang='lat' dir='ltr'>est,</span> <span class='ocrx_word' id='word_1_172' title='bbox 955 3391 983 3441; x_wconf 92' lang='lat' dir='ltr'>et</span> <span class='ocrx_word' id='word_1_173' title='bbox 1004 3382 1091 3441; x_wconf 92' lang='lat' dir='ltr'>male.</span> 
     </span>
    </p>

    <p class='ocr_par' dir='ltr' id='par_1_6' title="bbox 296 3482 1094 3665">
     <span class='ocr_line' id='line_1_29' title="bbox 336 3482 1090 3562; baseline -0.007 -16"><span class='ocrx_word' id='word_1_174' title='bbox 336 3488 425 3546; x_wconf 82' lang='lat' dir='ltr'>Facta</span> <span class='ocrx_word' id='word_1_175' title='bbox 448 3487 611 3556; x_wconf 87' lang='lat' dir='ltr'>collatione,</span> <span class='ocrx_word' id='word_1_176' title='bbox 633 3483 730 3562; x_wconf 92' lang='lat' dir='ltr'>Papa,</span> <span class='ocrx_word' id='word_1_177' title='bbox 751 3483 934 3558; x_wconf 86' lang='lat' dir='ltr'>cardinales,</span> <span class='ocrx_word' id='word_1_178' title='bbox 952 3482 1090 3561; x_wconf 90' lang='lat' dir='ltr'>praelati,</span> 
     </span>
     <span class='ocr_line' id='line_1_30' title="bbox 296 3583 1094 3665; baseline -0.006 -18"><span class='ocrx_word' id='word_1_179' title='bbox 296 3598 325 3647; x_wconf 90' lang='lat' dir='ltr'>et</span> <span class='ocrx_word' id='word_1_180' title='bbox 344 3588 393 3646; x_wconf 89' lang='lat' dir='ltr'>alii</span> <span class='ocrx_word' id='word_1_181' title='bbox 413 3605 511 3647; x_wconf 88' lang='lat' dir='ltr'>omues</span> <span class='ocrx_word' id='word_1_182' title='bbox 526 3586 631 3665; x_wconf 91' lang='lat' dir='ltr'>parati,</span> <span class='ocrx_word' id='word_1_183' title='bbox 645 3596 734 3665; x_wconf 92' lang='lat' dir='ltr'>prout</span> <span class='ocrx_word' id='word_1_184' title='bbox 756 3587 786 3645; x_wconf 92' lang='lat' dir='ltr'>in</span> <span class='ocrx_word' id='word_1_185' title='bbox 821 3593 956 3663; x_wconf 74' lang='lat' dir='ltr'>suggesto</span> <span class='ocrx_word' id='word_1_186' title='bbox 974 3583 1094 3645; x_wconf 87' lang='lat' dir='ltr'>luerunt</span> 
     </span>
    </p>
   </div>
   <div class='ocr_carea' id='block_1_3' title="bbox 296 3684 1097 3765">
    <p class='ocr_par' dir='ltr' id='par_1_7' title="bbox 296 3684 1097 3765">
     <span class='ocr_line' id='line_1_31' title="bbox 296 3684 1097 3765; baseline 0 -19"><span class='ocrx_word' id='word_1_187' title='bbox 296 3686 505 3748; x_wconf 86' lang='lat' dir='ltr'>descenderunt</span> <span class='ocrx_word' id='word_1_188' title='bbox 532 3705 584 3765; x_wconf 90' lang='lat' dir='ltr'>per</span> <span class='ocrx_word' id='word_1_189' title='bbox 614 3688 724 3765; x_wconf 79' lang='lat' dir='ltr'>gradus</span> <span class='ocrx_word' id='word_1_190' title='bbox 742 3686 779 3745; x_wconf 91' lang='lat' dir='ltr'>ad</span> <span class='ocrx_word' id='word_1_191' title='bbox 809 3687 930 3764; x_wconf 81' lang='lat' dir='ltr'>plateam</span> <span class='ocrx_word' id='word_1_192' title='bbox 957 3684 1097 3746; x_wconf 81' lang='lat' dir='ltr'>basilicae-</span> 
     </span>
    </p>
   </div>
   <div class='ocr_carea' id='block_1_4' title="bbox 295 3788 1096 4672">
    <p class='ocr_par' dir='ltr' id='par_1_8' title="bbox 295 3788 1096 4672">
     <span class='ocr_line' id='line_1_32' title="bbox 295 3788 1088 3868; baseline 0.003 -22"><span class='ocrx_word' id='word_1_193' title='bbox 295 3788 482 3866; x_wconf 89' lang='lat' dir='ltr'>prsedictae,</span> <span class='ocrx_word' id='word_1_194' title='bbox 508 3788 556 3847; x_wconf 88' lang='lat' dir='ltr'>ubi</span> <span class='ocrx_word' id='word_1_195' title='bbox 585 3806 676 3865; x_wconf 91' lang='lat' dir='ltr'>equos</span> <span class='ocrx_word' id='word_1_196' title='bbox 702 3788 739 3847; x_wconf 89' lang='lat' dir='ltr'>ihi</span> <span class='ocrx_word' id='word_1_197' title='bbox 767 3798 882 3868; x_wconf 86' lang='lat' dir='ltr'>paratos</span> <span class='ocrx_word' id='word_1_198' title='bbox 906 3799 936 3848; x_wconf 89' lang='lat' dir='ltr'>et</span> <span class='ocrx_word' id='word_1_199' title='bbox 962 3788 1088 3865; x_wconf 88' lang='lat' dir='ltr'>capertis</span> 
     </span>
     <span class='ocr_line' id='line_1_33' title="bbox 296 3887 1090 3968; baseline 0.001 -21"><span class='ocrx_word' id='word_1_200' title='bbox 296 3899 437 3961; x_wconf 88' lang='lat' dir='ltr'>ornatos,</span> <span class='ocrx_word' id='word_1_201' title='bbox 458 3899 546 3967; x_wconf 91' lang='lat' dir='ltr'>prout</span> <span class='ocrx_word' id='word_1_202' title='bbox 566 3907 655 3968; x_wconf 90' lang='lat' dir='ltr'>supra</span> <span class='ocrx_word' id='word_1_203' title='bbox 676 3889 705 3948; x_wconf 90' lang='lat' dir='ltr'>io</span> <span class='ocrx_word' id='word_1_204' title='bbox 737 3889 957 3968; x_wconf 88' lang='lat' dir='ltr'>praeparatione</span> <span class='ocrx_word' id='word_1_205' title='bbox 981 3887 1090 3948; x_wconf 89' lang='lat' dir='ltr'>dictum</span> 
     </span>
     <span class='ocr_line' id='line_1_34' title="bbox 296 3987 1096 4069; baseline 0.003 -21"><span class='ocrx_word' id='word_1_206' title='bbox 296 4000 352 4060; x_wconf 89' lang='lat' dir='ltr'>est,</span> <span class='ocrx_word' id='word_1_207' title='bbox 366 3989 568 4061; x_wconf 89' lang='lat' dir='ltr'>ascenderunt,</span> <span class='ocrx_word' id='word_1_208' title='bbox 589 3990 658 4049; x_wconf 91' lang='lat' dir='ltr'>ituri</span> <span class='ocrx_word' id='word_1_209' title='bbox 679 3988 716 4047; x_wconf 92' lang='lat' dir='ltr'>ad</span> <span class='ocrx_word' id='word_1_210' title='bbox 737 3987 923 4049; x_wconf 74' lang='lat' dir='ltr'>lateranum.</span> <span class='ocrx_word' id='word_1_211' title='bbox 947 3989 1025 4069; x_wconf 90' lang='lat' dir='ltr'>Papa</span> <span class='ocrx_word' id='word_1_212' title='bbox 1042 4009 1096 4050; x_wconf 89' lang='lat' dir='ltr'>re-</span> 
     </span>
     <span class='ocr_line' id='line_1_35' title="bbox 297 4087 1090 4170; baseline 0.001 -23"><span class='ocrx_word' id='word_1_213' title='bbox 297 4090 342 4148; x_wconf 86' lang='lat' dir='ltr'>nit</span> <span class='ocrx_word' id='word_1_214' title='bbox 360 4107 487 4170; x_wconf 82' lang='lat' dir='ltr'>semper,</span> <span class='ocrx_word' id='word_1_215' title='bbox 506 4088 592 4146; x_wconf 91' lang='lat' dir='ltr'>etiam</span> <span class='ocrx_word' id='word_1_216' title='bbox 613 4106 648 4147; x_wconf 78' lang='lat' dir='ltr'>en</span> <span class='ocrx_word' id='word_1_217' title='bbox 669 4087 755 4148; x_wconf 87' lang='lat' dir='ltr'>domo</span> <span class='ocrx_word' id='word_1_218' title='bbox 776 4088 921 4168; x_wconf 77' lang='lat' dir='ltr'>praedictis</span> <span class='ocrx_word' id='word_1_219' title='bbox 943 4089 1090 4166; x_wconf 85' lang='lat' dir='ltr'>usquead</span> 
     </span>
     <span class='ocr_line' id='line_1_36' title="bbox 297 4186 1092 4266; baseline 0.003 -20"><span class='ocrx_word' id='word_1_220' title='bbox 297 4187 488 4260; x_wconf 80' lang='lat' dir='ltr'>Lateranum,</span> <span class='ocrx_word' id='word_1_221' title='bbox 498 4186 552 4248; x_wconf 85' lang='lat' dir='ltr'>sub</span> <span class='ocrx_word' id='word_1_222' title='bbox 562 4186 761 4260; x_wconf 89' lang='lat' dir='ltr'>haldaccbino,</span> <span class='ocrx_word' id='word_1_223' title='bbox 773 4187 850 4266; x_wconf 93' lang='lat' dir='ltr'>quod</span> <span class='ocrx_word' id='word_1_224' title='bbox 863 4188 1017 4249; x_wconf 82' lang='lat' dir='ltr'>nobiliores</span> <span class='ocrx_word' id='word_1_225' title='bbox 1026 4187 1092 4250; x_wconf 91' lang='lat' dir='ltr'>cu·</span> 
     </span>
     <span class='ocr_line' id='line_1_37' title="bbox 299 4286 1093 4368; baseline 0.003 -20"><span class='ocrx_word' id='word_1_226' title='bbox 299 4289 361 4349; x_wconf 85' lang='lat' dir='ltr'>riae</span> <span class='ocrx_word' id='word_1_227' title='bbox 376 4300 404 4349; x_wconf 92' lang='lat' dir='ltr'>et</span> <span class='ocrx_word' id='word_1_228' title='bbox 417 4286 558 4350; x_wconf 83' lang='lat' dir='ltr'>Oratores</span> <span class='ocrx_word' id='word_1_229' title='bbox 578 4286 749 4367; x_wconf 80' lang='lat' dir='ltr'>Principum</span> <span class='ocrx_word' id='word_1_230' title='bbox 772 4299 961 4367; x_wconf 86' lang='lat' dir='ltr'>portaverunt</span> <span class='ocrx_word' id='word_1_231' title='bbox 981 4308 1093 4368; x_wconf 90' lang='lat' dir='ltr'>quous·</span> 
     </span>
     <span class='ocr_line' id='line_1_38' title="bbox 301 4387 1093 4468; baseline 0.004 -20"><span class='ocrx_word' id='word_1_232' title='bbox 301 4410 359 4468; x_wconf 93' lang='lat' dir='ltr'>que</span> <span class='ocrx_word' id='word_1_233' title='bbox 379 4388 457 4468; x_wconf 91' lang='lat' dir='ltr'>Papa</span> <span class='ocrx_word' id='word_1_234' title='bbox 478 4407 586 4466; x_wconf 91' lang='lat' dir='ltr'>equum</span> <span class='ocrx_word' id='word_1_235' title='bbox 609 4387 797 4462; x_wconf 60' lang='lat' dir='ltr'>ascendissem</span> <span class='ocrx_word' id='word_1_236' title='bbox 819 4389 919 4450; x_wconf 89' lang='lat' dir='ltr'>deinde</span> <span class='ocrx_word' id='word_1_237' title='bbox 936 4394 1015 4450; x_wconf 82' lang='lat' dir='ltr'>ciras</span> <span class='ocrx_word' id='word_1_238' title='bbox 1028 4389 1093 4451; x_wconf 85' lang='lat' dir='ltr'>llo·</span> 
     </span>
     <span class='ocr_line' id='line_1_39' title="bbox 300 4489 1092 4571; baseline 0 -21"><span class='ocrx_word' id='word_1_239' title='bbox 300 4495 375 4551; x_wconf 87' lang='lat' dir='ltr'>rnuui</span> <span class='ocrx_word' id='word_1_240' title='bbox 414 4510 504 4569; x_wconf 91' lang='lat' dir='ltr'>usque</span> <span class='ocrx_word' id='word_1_241' title='bbox 540 4491 577 4550; x_wconf 89' lang='lat' dir='ltr'>ad</span> <span class='ocrx_word' id='word_1_242' title='bbox 610 4490 798 4555; x_wconf 67' lang='lat' dir='ltr'>[lateranum.</span> <span class='ocrx_word' id='word_1_243' title='bbox 826 4489 983 4570; x_wconf 91' lang='lat' dir='ltr'>Postquam</span> <span class='ocrx_word' id='word_1_244' title='bbox 1014 4490 1092 4571; x_wconf 91' lang='lat' dir='ltr'>Papa</span> 
     </span>
     <span class='ocr_line' id='line_1_40' title="bbox 298 4590 1093 4672; baseline -0.005 -17"><span class='ocrx_word' id='word_1_245' title='bbox 298 4613 408 4672; x_wconf 87' lang='lat' dir='ltr'>equum</span> <span class='ocrx_word' id='word_1_246' title='bbox 426 4612 513 4653; x_wconf 90' lang='lat' dir='ltr'>sunm</span> <span class='ocrx_word' id='word_1_247' title='bbox 531 4592 630 4652; x_wconf 88' lang='lat' dir='ltr'>album</span> <span class='ocrx_word' id='word_1_248' title='bbox 650 4590 789 4665; x_wconf 86' lang='lat' dir='ltr'>ascendit,</span> <span class='ocrx_word' id='word_1_249' title='bbox 805 4592 881 4652; x_wconf 87' lang='lat' dir='ltr'>scala</span> <span class='ocrx_word' id='word_1_250' title='bbox 899 4592 1022 4671; x_wconf 89' lang='lat' dir='ltr'>reposita</span> <span class='ocrx_word' id='word_1_251' title='bbox 1038 4591 1093 4651; x_wconf 90' lang='lat' dir='ltr'>luit</span> 
     </span>
    </p>
   </div>
   <div class='ocr_carea' id='block_1_5' title="bbox 260 4843 1095 5783">
    <p class='ocr_par' dir='ltr' id='par_1_9' title="bbox 260 4843 1095 5783">
     <span class='ocr_line' id='line_1_41' title="bbox 340 4843 1094 4907; baseline -0.007 -8"><span class='ocrx_word' id='word_1_252' title='bbox 340 4853 376 4907; x_wconf 72' lang='lat' dir='ltr'>(ts</span> <span class='ocrx_word' id='word_1_253' title='bbox 392 4847 559 4897; x_wconf 85' lang='lat' dir='ltr'>Gouarmous</span> <span class='ocrx_word' id='word_1_254' title='bbox 575 4845 728 4895; x_wconf 81' lang='lat' dir='ltr'>Laraarrtus</span> <span class='ocrx_word' id='word_1_255' title='bbox 739 4847 764 4896; x_wconf 86' lang='lat' dir='ltr'>ia</span> <span class='ocrx_word' id='word_1_256' title='bbox 775 4845 900 4897; x_wconf 67' lang='lat' dir='ltr'>uertisse</span> <span class='ocrx_word' id='word_1_257' title='bbox 916 4844 1009 4894; x_wconf 82' lang='lat' dir='ltr'>codicis</span> <span class='ocrx_word' id='word_1_258' title='bbox 1023 4843 1094 4895; x_wconf 77' lang='lat' dir='ltr'>laris</span> 
     </span>
     <span class='ocr_line' id='line_1_42' title="bbox 297 4925 1093 4989; baseline -0.005 -11"><span class='ocrx_word' id='word_1_259' title='bbox 297 4928 414 4978; x_wconf 82' lang='lat' dir='ltr'>centiam</span> <span class='ocrx_word' id='word_1_260' title='bbox 430 4926 589 4989; x_wconf 80' lang='lat' dir='ltr'>diplomatici</span> <span class='ocrx_word' id='word_1_261' title='bbox 604 4928 782 4987; x_wconf 73' lang='lat' dir='ltr'>(hanoverae</span> <span class='ocrx_word' id='word_1_262' title='bbox 800 4928 862 4976; x_wconf 78' lang='lat'>170⁰</span> <span class='ocrx_word' id='word_1_263' title='bbox 873 4934 880 4983; x_wconf 93' lang='lat' dir='ltr'>l</span> <span class='ocrx_word' id='word_1_264' title='bbox 891 4937 951 4988; x_wconf 70' lang='lat'>9⁰9·</span> <span class='ocrx_word' id='word_1_265' title='bbox 969 4926 1023 4985; x_wconf 79' lang='grc'>151,</span> <span class='ocrx_word' id='word_1_266' title='bbox 1038 4925 1093 4976; x_wconf 83' lang='lat' dir='ltr'>llo·</span> 
     </span>
     <span class='ocr_line' id='line_1_43' title="bbox 298 5002 1093 5068; baseline -0.004 -12"><span class='ocrx_word' id='word_1_267' title='bbox 298 5020 402 5058; x_wconf 74' lang='lat' dir='ltr'>annus</span> <span class='ocrx_word' id='word_1_268' title='bbox 425 5007 456 5057; x_wconf 84' lang='lat' dir='ltr'>cic</span> <span class='ocrx_word' id='word_1_269' title='bbox 485 5007 642 5066; x_wconf 69' lang='lat' dir='ltr'>recantata</span> <span class='ocrx_word' id='word_1_270' title='bbox 667 5020 691 5068; x_wconf 86' lang='lat' dir='ltr'>p.</span> <span class='ocrx_word' id='word_1_271' title='bbox 712 5009 758 5058; x_wconf 74' lang='lat'>²³7</span> <span class='ocrx_word' id='word_1_272' title='bbox 790 5010 817 5055; x_wconf 89' lang='lat' dir='ltr'>et</span> <span class='ocrx_word' id='word_1_273' title='bbox 837 5005 998 5055; x_wconf 74' lang='lat' dir='ltr'>iaaacrscus</span> <span class='ocrx_word' id='word_1_274' title='bbox 1020 5002 1093 5054; x_wconf 83' lang='lat' dir='ltr'>Cart·</span> 
     </span>
     <span class='ocr_line' id='line_1_44' title="bbox 301 5084 1095 5147; baseline -0.001 -11"><span class='ocrx_word' id='word_1_275' title='bbox 301 5099 429 5143; x_wconf 80' lang='lat' dir='ltr'>cauatam.</span> <span class='ocrx_word' id='word_1_276' title='bbox 445 5090 470 5136; x_wconf 86' lang='lat' dir='ltr'>ia</span> <span class='ocrx_word' id='word_1_277' title='bbox 487 5087 571 5137; x_wconf 66' lang='lat' dir='ltr'>&amp;aria</span> <span class='ocrx_word' id='word_1_278' title='bbox 586 5087 627 5136; x_wconf 86' lang='lat' dir='ltr'>dei</span> <span class='ocrx_word' id='word_1_279' title='bbox 638 5085 737 5135; x_wconf 81' lang='lat' dir='ltr'>solenni</span> <span class='ocrx_word' id='word_1_280' title='bbox 745 5086 855 5147; x_wconf 83' lang='lat' dir='ltr'>possessi</span> <span class='ocrx_word' id='word_1_281' title='bbox 870 5084 1013 5136; x_wconf 86' lang='lat' dir='ltr'>de’Sonrmi</span> <span class='ocrx_word' id='word_1_282' title='bbox 1028 5085 1095 5135; x_wconf 81' lang='lat' dir='ltr'>Poo-</span> 
     </span>
     <span class='ocr_line' id='line_1_45' title="bbox 298 5165 1093 5229; baseline -0.004 -14"><span class='ocrx_word' id='word_1_283' title='bbox 298 5167 364 5229; x_wconf 65' lang='lat' dir='ltr'>teflei</span> <span class='ocrx_word' id='word_1_284' title='bbox 388 5167 422 5217; x_wconf 86' lang='lat' dir='ltr'>do</span> <span class='ocrx_word' id='word_1_285' title='bbox 445 5166 603 5216; x_wconf 82' lang='lat' dir='ltr'>Leonclllo</span> <span class='ocrx_word' id='word_1_286' title='bbox 619 5166 665 5216; x_wconf 88' lang='lat' dir='ltr'>Pio</span> <span class='ocrx_word' id='word_1_287' title='bbox 683 5166 730 5216; x_wconf 85' lang='lat' dir='ltr'>Vll.</span> <span class='ocrx_word' id='word_1_288' title='bbox 749 5166 849 5216; x_wconf 82' lang='lat' dir='ltr'>tnoms</span> <span class='ocrx_word' id='word_1_289' title='bbox 874 5166 956 5221; x_wconf 77' lang='lat'><strong>1802)</strong></span> <span class='ocrx_word' id='word_1_290' title='bbox 972 5178 998 5226; x_wconf 87' lang='lat' dir='ltr'>p.</span> <span class='ocrx_word' id='word_1_291' title='bbox 1019 5165 1050 5213; x_wconf 72' lang='lat' dir='ltr'>lc</span> <span class='ocrx_word' id='word_1_292' title='bbox 1070 5167 1093 5212; x_wconf 87' lang='lat' dir='ltr'>st</span> 
     </span>
     <span class='ocr_line' id='line_1_46' title="bbox 301 5242 1092 5308; baseline -0.001 -14"><span class='ocrx_word' id='word_1_293' title='bbox 301 5257 353 5308; x_wconf 82' lang='lat' dir='ltr'>aeq.</span> <span class='ocrx_word' id='word_1_294' title='bbox 369 5259 403 5296; x_wconf 87' lang='lat' dir='ltr'>ex</span> <span class='ocrx_word' id='word_1_295' title='bbox 424 5245 576 5296; x_wconf 87' lang='lat' dir='ltr'>Burchardo</span> <span class='ocrx_word' id='word_1_296' title='bbox 591 5246 746 5296; x_wconf 88' lang='lat' dir='ltr'>describunt</span> <span class='ocrx_word' id='word_1_297' title='bbox 762 5245 795 5295; x_wconf 87' lang='lat' dir='ltr'>ad</span> <span class='ocrx_word' id='word_1_298' title='bbox 811 5245 934 5295; x_wconf 86' lang='lat' dir='ltr'>verbum.</span> <span class='ocrx_word' id='word_1_299' title='bbox 951 5242 1092 5306; x_wconf 86' lang='lat' dir='ltr'>perpaucis</span> 
     </span>
     <span class='ocr_line' id='line_1_47' title="bbox 300 5323 1093 5387; baseline -0.004 -12"><span class='ocrx_word' id='word_1_300' title='bbox 300 5326 494 5376; x_wconf 84' lang='lat' dir='ltr'>omissionibus</span> <span class='ocrx_word' id='word_1_301' title='bbox 511 5325 552 5375; x_wconf 85' lang='lat' dir='ltr'>rel</span> <span class='ocrx_word' id='word_1_302' title='bbox 579 5324 714 5375; x_wconf 87' lang='lat' dir='ltr'>erroribus</span> <span class='ocrx_word' id='word_1_303' title='bbox 735 5327 869 5387; x_wconf 85' lang='lat' dir='ltr'>demptis.</span> <span class='ocrx_word' id='word_1_304' title='bbox 885 5324 1028 5374; x_wconf 85' lang='lat' dir='ltr'>luuoceutii</span> <span class='ocrx_word' id='word_1_305' title='bbox 1046 5323 1093 5373; x_wconf 83' lang='lat' dir='ltr'>Sa·</span> 
     </span>
     <span class='ocr_line' id='line_1_48' title="bbox 260 5396 1094 5462; baseline -0.004 -13"><span class='ocrx_word' id='word_1_306' title='bbox 260 5429 266 5438; x_wconf 69' lang='lat'>=</span> <span class='ocrx_word' id='word_1_307' title='bbox 301 5414 386 5461; x_wconf 84' lang='lat' dir='ltr'>cram,</span> <span class='ocrx_word' id='word_1_308' title='bbox 402 5399 453 5451; x_wconf 93' lang='lat' dir='ltr'>suh</span> <span class='ocrx_word' id='word_1_309' title='bbox 477 5399 526 5450; x_wconf 88' lang='lat' dir='ltr'>hoc</span> <span class='ocrx_word' id='word_1_310' title='bbox 548 5399 625 5450; x_wconf 87' lang='lat' dir='ltr'>titulo</span> <span class='ocrx_word' id='word_1_311' title='bbox 643 5420 653 5443; x_wconf 79' lang='grc' dir='ltr'>ι</span> <span class='ocrx_word' id='word_1_312' title='bbox 672 5400 856 5462; x_wconf 75' lang='lat' dir='ltr'>coerimoniola</span> <span class='ocrx_word' id='word_1_313' title='bbox 876 5400 1009 5460; x_wconf 76' lang='lat' dir='ltr'>oaliqaasrn</span> <span class='ocrx_word' id='word_1_314' title='bbox 1024 5396 1094 5449; x_wconf 84' lang='lat' dir='ltr'>Sedis</span> 
     </span>
     <span class='ocr_line' id='line_1_49' title="bbox 300 5478 1093 5541; baseline -0.005 -11"><span class='ocrx_word' id='word_1_315' title='bbox 300 5481 427 5530; x_wconf 74' lang='lat' dir='ltr'>nomam</span> <span class='ocrx_word' id='word_1_316' title='bbox 437 5480 561 5541; x_wconf 77' lang='lat' dir='ltr'>somatis,</span> <span class='ocrx_word' id='word_1_317' title='bbox 571 5491 588 5529; x_wconf 90' lang='lat' dir='ltr'>o</span> <span class='ocrx_word' id='word_1_318' title='bbox 598 5482 679 5529; x_wconf 80' lang='lat' dir='ltr'>morte</span> <span class='ocrx_word' id='word_1_319' title='bbox 688 5479 756 5530; x_wconf 76' lang='lat' dir='ltr'>Steti</span> <span class='ocrx_word' id='word_1_320' title='bbox 769 5480 800 5530; x_wconf 82' lang='lat' dir='ltr'><em>W</em></span> <span class='ocrx_word' id='word_1_321' title='bbox 814 5491 894 5541; x_wconf 72' lang='lat' dir='ltr'>usqne</span> <span class='ocrx_word' id='word_1_322' title='bbox 903 5479 937 5528; x_wconf 88' lang='lat' dir='ltr'>od</span> <span class='ocrx_word' id='word_1_323' title='bbox 951 5478 1093 5539; x_wconf 69' lang='lat' dir='ltr'>inpressam</span> 
     </span>
     <span class='ocr_line' id='line_1_50' title="bbox 299 5556 1092 5623; baseline -0.003 -13"><span class='ocrx_word' id='word_1_324' title='bbox 299 5562 363 5611; x_wconf 77' lang='lat' dir='ltr'>acet</span> <span class='ocrx_word' id='word_1_325' title='bbox 377 5560 505 5623; x_wconf 67' lang='lat' dir='ltr'>Poatlrtcts</span> <span class='ocrx_word' id='word_1_326' title='bbox 521 5560 548 5610; x_wconf 84' lang='lat' dir='ltr'>in</span> <span class='ocrx_word' id='word_1_327' title='bbox 563 5560 703 5610; x_wconf 79' lang='lat' dir='ltr'>Ecclesiam</span> <span class='ocrx_word' id='word_1_328' title='bbox 716 5560 919 5620; x_wconf 64' lang='lat' dir='ltr'>mensem,</span> <span class='ocrx_word' id='word_1_329' title='bbox 934 5562 1038 5610; x_wconf 77' lang='lat' dir='ltr'>menes</span> <span class='ocrx_word' id='word_1_330' title='bbox 1053 5556 1092 5608; x_wconf 78' lang='lat' dir='ltr'>lo·</span> 
     </span>
     <span class='ocr_line' id='line_1_51' title="bbox 300 5638 1093 5704; baseline -0.006 -13"><span class='ocrx_word' id='word_1_331' title='bbox 300 5640 549 5692; x_wconf 66' lang='lat' dir='ltr'>manumisero</span> <span class='ocrx_word' id='word_1_332' title='bbox 574 5642 789 5693; x_wconf 71' lang='lat' dir='ltr'>marinonioram</span> <span class='ocrx_word' id='word_1_333' title='bbox 809 5641 938 5704; x_wconf 69' lang='lat' dir='ltr'>narona.</span> <span class='ocrx_word' id='word_1_334' title='bbox 958 5660 968 5682; x_wconf 77' lang='grc' dir='ltr'>ι·</span> <span class='ocrx_word' id='word_1_335' title='bbox 990 5638 1093 5688; x_wconf 88' lang='lat' dir='ltr'>Descri-</span> 
     </span>
     <span class='ocr_line' id='line_1_52' title="bbox 299 5719 1089 5783; baseline -0.003 -12"><span class='ocrx_word' id='word_1_336' title='bbox 299 5723 418 5781; x_wconf 81' lang='lat' dir='ltr'>attonem</span> <span class='ocrx_word' id='word_1_337' title='bbox 435 5725 540 5772; x_wconf 88' lang='lat' dir='ltr'>sumunt</span> <span class='ocrx_word' id='word_1_338' title='bbox 557 5735 572 5772; x_wconf 87' lang='lat' dir='ltr'>s</span> <span class='ocrx_word' id='word_1_339' title='bbox 589 5720 688 5780; x_wconf 73' lang='lat' dir='ltr'>verbis,</span> <span class='ocrx_word' id='word_1_340' title='bbox 705 5719 1089 5783; x_wconf 57' lang='lat' dir='ltr'>immmortalitatem.</span> 
     </span>
    </p>
   </div>
   <div class='ocr_carea' id='block_1_6' title="bbox 777 621 1941 699">
    <p class='ocr_par' dir='ltr' id='par_1_10' title="bbox 777 621 1941 699">
     <span class='ocr_line' id='line_1_53' title="bbox 777 621 1941 699; baseline 0.006 -7"><span class='ocrx_word' id='word_1_341' title='bbox 777 625 1060 693; x_wconf 71' lang='lat' dir='ltr'>roortntffltta</span> <span class='ocrx_word' id='word_1_342' title='bbox 1080 621 1305 692; x_wconf 79' lang='lat' dir='ltr'>tttttocnnrtt</span> <span class='ocrx_word' id='word_1_343' title='bbox 1327 629 1470 695; x_wconf 82' lang='lat' dir='ltr'>OCTth</span> <span class='ocrx_word' id='word_1_344' title='bbox 1899 637 1941 699; x_wconf 74' lang='lat' dir='ltr'>lb</span> 
     </span>
    </p>
   </div>
   <div class='ocr_carea' id='block_1_7' title="bbox 1151 765 1952 4363">
    <p class='ocr_par' dir='ltr' id='par_1_11' title="bbox 1151 765 1946 1149">
     <span class='ocr_line' id='line_1_54' title="bbox 1151 765 1942 846; baseline 0.009 -21"><span class='ocrx_word' id='word_1_345' title='bbox 1151 784 1240 846; x_wconf 89' lang='lat' dir='ltr'>super</span> <span class='ocrx_word' id='word_1_346' title='bbox 1261 768 1415 846; x_wconf 87' lang='lat' dir='ltr'>aliaeque</span> <span class='ocrx_word' id='word_1_347' title='bbox 1435 765 1569 828; x_wconf 92' lang='lat' dir='ltr'>ordinato</span> <span class='ocrx_word' id='word_1_348' title='bbox 1587 768 1624 828; x_wconf 90' lang='lat' dir='ltr'>ad</span> <span class='ocrx_word' id='word_1_349' title='bbox 1643 769 1716 842; x_wconf 90' lang='lat' dir='ltr'>hoc,</span> <span class='ocrx_word' id='word_1_350' title='bbox 1734 782 1765 832; x_wconf 93' lang='lat' dir='ltr'>et</span> <span class='ocrx_word' id='word_1_351' title='bbox 1791 770 1881 832; x_wconf 90' lang='lat' dir='ltr'>ducto</span> <span class='ocrx_word' id='word_1_352' title='bbox 1905 770 1942 831; x_wconf 90' lang='lat' dir='ltr'>ad</span> 
     </span>
     <span class='ocr_line' id='line_1_55' title="bbox 1156 865 1946 947; baseline 0.01 -22"><span class='ocrx_word' id='word_1_353' title='bbox 1156 867 1254 927; x_wconf 90' lang='lat' dir='ltr'>locum</span> <span class='ocrx_word' id='word_1_354' title='bbox 1273 885 1371 927; x_wconf 92' lang='lat' dir='ltr'>suum.</span> <span class='ocrx_word' id='word_1_355' title='bbox 1392 865 1511 945; x_wconf 81' lang='lat' dir='ltr'>Equum</span> <span class='ocrx_word' id='word_1_356' title='bbox 1533 867 1628 947; x_wconf 85' lang='lat' dir='ltr'>Papae</span> <span class='ocrx_word' id='word_1_357' title='bbox 1649 870 1794 932; x_wconf 84' lang='lat' dir='ltr'>duxerunt</span> <span class='ocrx_word' id='word_1_358' title='bbox 1820 871 1946 933; x_wconf 81' lang='lat' dir='ltr'>Senator</span> 
     </span>
     <span class='ocr_line' id='line_1_56' title="bbox 1154 968 1944 1053; baseline 0.004 -23"><span class='ocrx_word' id='word_1_359' title='bbox 1154 968 1241 1030; x_wconf 87' lang='lat' dir='ltr'>Urbis</span> <span class='ocrx_word' id='word_1_360' title='bbox 1262 979 1291 1030; x_wconf 91' lang='lat' dir='ltr'>et</span> <span class='ocrx_word' id='word_1_361' title='bbox 1312 970 1537 1030; x_wconf 79' lang='lat' dir='ltr'>Conservatores</span> <span class='ocrx_word' id='word_1_362' title='bbox 1557 969 1717 1032; x_wconf 76' lang='lat' dir='ltr'>camerae:</span> <span class='ocrx_word' id='word_1_363' title='bbox 1739 973 1806 1052; x_wconf 88' lang='lat' dir='ltr'>quia</span> <span class='ocrx_word' id='word_1_364' title='bbox 1828 972 1944 1053; x_wconf 76' lang='lat' dir='ltr'>dignior</span> 
     </span>
     <span class='ocr_line' id='line_1_57' title="bbox 1153 1068 1664 1149; baseline 0.002 -21"><span class='ocrx_word' id='word_1_365' title='bbox 1153 1070 1252 1129; x_wconf 90' lang='lat' dir='ltr'>nullas</span> <span class='ocrx_word' id='word_1_366' title='bbox 1273 1068 1415 1142; x_wconf 86' lang='lat' dir='ltr'>interluit,</span> <span class='ocrx_word' id='word_1_367' title='bbox 1434 1069 1484 1146; x_wconf 91' lang='lat' dir='ltr'>qui</span> <span class='ocrx_word' id='word_1_368' title='bbox 1505 1068 1534 1128; x_wconf 94' lang='lat' dir='ltr'>id</span> <span class='ocrx_word' id='word_1_369' title='bbox 1554 1081 1664 1149; x_wconf 76' lang='lat' dir='ltr'>ageret.</span> 
     </span>
    </p>

    <p class='ocr_par' dir='ltr' id='par_1_12' title="bbox 1151 1169 1949 2560">
     <span class='ocr_line' id='line_1_58' title="bbox 1200 1169 1946 1250; baseline 0.003 -20"><span class='ocrx_word' id='word_1_370' title='bbox 1200 1169 1367 1231; x_wconf 88' lang='lat' dir='ltr'>Cardinales</span> <span class='ocrx_word' id='word_1_371' title='bbox 1387 1182 1414 1230; x_wconf 86' lang='lat' dir='ltr'>ct</span> <span class='ocrx_word' id='word_1_372' title='bbox 1435 1171 1555 1249; x_wconf 88' lang='lat' dir='ltr'>praelati</span> <span class='ocrx_word' id='word_1_373' title='bbox 1576 1171 1668 1250; x_wconf 89' lang='lat' dir='ltr'>parati</span> <span class='ocrx_word' id='word_1_374' title='bbox 1689 1189 1788 1232; x_wconf 90' lang='lat' dir='ltr'>omnes</span> <span class='ocrx_word' id='word_1_375' title='bbox 1812 1182 1896 1233; x_wconf 89' lang='lat' dir='ltr'>erant</span> <span class='ocrx_word' id='word_1_376' title='bbox 1916 1171 1946 1232; x_wconf 92' lang='lat' dir='ltr'>in</span> 
     </span>
     <span class='ocr_line' id='line_1_59' title="bbox 1153 1269 1947 1344; baseline 0.004 -15"><span class='ocrx_word' id='word_1_377' title='bbox 1153 1270 1246 1331; x_wconf 90' lang='lat' dir='ltr'>mitris</span> <span class='ocrx_word' id='word_1_378' title='bbox 1267 1282 1295 1330; x_wconf 90' lang='lat' dir='ltr'>et</span> <span class='ocrx_word' id='word_1_379' title='bbox 1319 1269 1450 1330; x_wconf 90' lang='lat' dir='ltr'>omnibus</span> <span class='ocrx_word' id='word_1_380' title='bbox 1471 1273 1667 1344; x_wconf 88' lang='lat' dir='ltr'>ornamentis,</span> <span class='ocrx_word' id='word_1_381' title='bbox 1686 1282 1720 1332; x_wconf 91' lang='lat' dir='ltr'>ut</span> <span class='ocrx_word' id='word_1_382' title='bbox 1741 1272 1769 1331; x_wconf 95' lang='lat' dir='ltr'>in</span> <span class='ocrx_word' id='word_1_383' title='bbox 1790 1270 1875 1333; x_wconf 76' lang='lat' dir='ltr'>liliosa</span> <span class='ocrx_word' id='word_1_384' title='bbox 1897 1272 1947 1332; x_wconf 90' lang='lat' dir='ltr'>iu·</span> 
     </span>
     <span class='ocr_line' id='line_1_60' title="bbox 1153 1366 1946 1447; baseline 0.004 -17"><span class='ocrx_word' id='word_1_385' title='bbox 1153 1369 1327 1430; x_wconf 87' lang='lat' dir='ltr'>teriuerunt.</span> <span class='ocrx_word' id='word_1_386' title='bbox 1348 1366 1424 1447; x_wconf 85' lang='lat' dir='ltr'>Equi</span> <span class='ocrx_word' id='word_1_387' title='bbox 1444 1367 1643 1430; x_wconf 78' lang='lat' dir='ltr'>cardinalium</span> <span class='ocrx_word' id='word_1_388' title='bbox 1664 1371 1701 1431; x_wconf 93' lang='lat' dir='ltr'>ab</span> <span class='ocrx_word' id='word_1_389' title='bbox 1722 1382 1788 1432; x_wconf 92' lang='lat' dir='ltr'>ante</span> <span class='ocrx_word' id='word_1_390' title='bbox 1808 1383 1837 1433; x_wconf 89' lang='lat' dir='ltr'>et</span> <span class='ocrx_word' id='word_1_391' title='bbox 1865 1382 1946 1433; x_wconf 85' lang='lat' dir='ltr'>retro</span> 
     </span>
     <span class='ocr_line' id='line_1_61' title="bbox 1153 1469 1945 1554; baseline 0.006 -24"><span class='ocrx_word' id='word_1_392' title='bbox 1153 1474 1283 1551; x_wconf 87' lang='lat' dir='ltr'>cooperti</span> <span class='ocrx_word' id='word_1_393' title='bbox 1304 1480 1386 1531; x_wconf 88' lang='lat' dir='ltr'>erant</span> <span class='ocrx_word' id='word_1_394' title='bbox 1398 1469 1553 1533; x_wconf 90' lang='lat' dir='ltr'>boccacino</span> <span class='ocrx_word' id='word_1_395' title='bbox 1568 1472 1646 1546; x_wconf 91' lang='lat' dir='ltr'>albo,</span> <span class='ocrx_word' id='word_1_396' title='bbox 1663 1475 1861 1554; x_wconf 86' lang='lat' dir='ltr'>praelatorum</span> <span class='ocrx_word' id='word_1_397' title='bbox 1876 1493 1945 1535; x_wconf 83' lang='lat' dir='ltr'>vero</span> 
     </span>
     <span class='ocr_line' id='line_1_62' title="bbox 1152 1570 1946 1653; baseline 0.009 -25"><span class='ocrx_word' id='word_1_398' title='bbox 1152 1570 1289 1649; x_wconf 75' lang='lat' dir='ltr'>rustagno</span> <span class='ocrx_word' id='word_1_399' title='bbox 1310 1570 1394 1642; x_wconf 89' lang='lat' dir='ltr'>albo,</span> <span class='ocrx_word' id='word_1_400' title='bbox 1412 1570 1451 1629; x_wconf 89' lang='lat' dir='ltr'>ad</span> <span class='ocrx_word' id='word_1_401' title='bbox 1474 1571 1599 1633; x_wconf 88' lang='lat' dir='ltr'>medium</span> <span class='ocrx_word' id='word_1_402' title='bbox 1621 1575 1751 1653; x_wconf 89' lang='lat' dir='ltr'>palmum</span> <span class='ocrx_word' id='word_1_403' title='bbox 1772 1591 1859 1653; x_wconf 88' lang='lat' dir='ltr'>super</span> <span class='ocrx_word' id='word_1_404' title='bbox 1883 1585 1946 1635; x_wconf 87' lang='lat' dir='ltr'>ter-</span> 
     </span>
     <span class='ocr_line' id='line_1_63' title="bbox 1152 1669 1947 1755; baseline 0.005 -24"><span class='ocrx_word' id='word_1_405' title='bbox 1152 1690 1218 1731; x_wconf 88' lang='lat' dir='ltr'>ram</span> <span class='ocrx_word' id='word_1_406' title='bbox 1233 1671 1391 1751; x_wconf 70' lang='lat' dir='ltr'>pendentes</span> <span class='ocrx_word' id='word_1_407' title='bbox 1408 1669 1575 1732; x_wconf 85' lang='lat' dir='ltr'>subdiaconi</span> <span class='ocrx_word' id='word_1_408' title='bbox 1589 1690 1688 1733; x_wconf 88' lang='lat' dir='ltr'>omnes</span> <span class='ocrx_word' id='word_1_409' title='bbox 1705 1692 1794 1755; x_wconf 90' lang='lat' dir='ltr'>super</span> <span class='ocrx_word' id='word_1_410' title='bbox 1809 1671 1947 1746; x_wconf 87' lang='lat' dir='ltr'>rocheto,</span> 
     </span>
     <span class='ocr_line' id='line_1_64' title="bbox 1154 1770 1946 1854; baseline 0.001 -21"><span class='ocrx_word' id='word_1_411' title='bbox 1154 1773 1304 1833; x_wconf 85' lang='lat' dir='ltr'>tunicellas</span> <span class='ocrx_word' id='word_1_412' title='bbox 1325 1771 1406 1831; x_wconf 89' lang='lat' dir='ltr'>albas</span> <span class='ocrx_word' id='word_1_413' title='bbox 1427 1770 1579 1842; x_wconf 89' lang='lat' dir='ltr'>habebant,</span> <span class='ocrx_word' id='word_1_414' title='bbox 1595 1774 1711 1853; x_wconf 87' lang='lat' dir='ltr'>dempto</span> <span class='ocrx_word' id='word_1_415' title='bbox 1730 1776 1782 1836; x_wconf 91' lang='lat' dir='ltr'>illo</span> <span class='ocrx_word' id='word_1_416' title='bbox 1800 1775 1852 1853; x_wconf 89' lang='lat' dir='ltr'>qui</span> <span class='ocrx_word' id='word_1_417' title='bbox 1872 1774 1946 1854; x_wconf 84' lang='lat' dir='ltr'>lipi-</span> 
     </span>
     <span class='ocr_line' id='line_1_65' title="bbox 1152 1872 1947 1955; baseline 0.003 -22"><span class='ocrx_word' id='word_1_418' title='bbox 1152 1874 1255 1933; x_wconf 86' lang='lat' dir='ltr'>stolam</span> <span class='ocrx_word' id='word_1_419' title='bbox 1276 1872 1409 1945; x_wconf 81' lang='lat' dir='ltr'>dixerat,</span> <span class='ocrx_word' id='word_1_420' title='bbox 1431 1874 1481 1952; x_wconf 91' lang='lat' dir='ltr'>qui</span> <span class='ocrx_word' id='word_1_421' title='bbox 1501 1875 1597 1934; x_wconf 88' lang='lat' dir='ltr'>urnula</span> <span class='ocrx_word' id='word_1_422' title='bbox 1617 1885 1784 1955; x_wconf 90' lang='lat' dir='ltr'>paramenta</span> <span class='ocrx_word' id='word_1_423' title='bbox 1806 1875 1947 1947; x_wconf 91' lang='lat' dir='ltr'>retinuit,</span> 
     </span>
     <span class='ocr_line' id='line_1_66' title="bbox 1151 1973 1946 2055; baseline 0.005 -24"><span class='ocrx_word' id='word_1_424' title='bbox 1151 1975 1179 2032; x_wconf 92' lang='lat' dir='ltr'>in</span> <span class='ocrx_word' id='word_1_425' title='bbox 1206 1973 1309 2051; x_wconf 91' lang='lat' dir='ltr'>quihus</span> <span class='ocrx_word' id='word_1_426' title='bbox 1343 1974 1525 2033; x_wconf 86' lang='lat' dir='ltr'>ministrarit.</span> <span class='ocrx_word' id='word_1_427' title='bbox 1548 1973 1702 2055; x_wconf 67' lang='lat' dir='ltr'>auditores</span> <span class='ocrx_word' id='word_1_428' title='bbox 1723 1995 1822 2048; x_wconf 78' lang='lat' dir='ltr'>aero,</span> <span class='ocrx_word' id='word_1_429' title='bbox 1844 1973 1946 2037; x_wconf 86' lang='lat' dir='ltr'>clerici</span> 
     </span>
     <span class='ocr_line' id='line_1_67' title="bbox 1152 2073 1943 2156; baseline 0.003 -21"><span class='ocrx_word' id='word_1_430' title='bbox 1152 2073 1300 2145; x_wconf 83' lang='lat' dir='ltr'>Gamerae,</span> <span class='ocrx_word' id='word_1_431' title='bbox 1321 2085 1350 2134; x_wconf 90' lang='lat' dir='ltr'>at</span> <span class='ocrx_word' id='word_1_432' title='bbox 1370 2074 1495 2156; x_wconf 82' lang='lat' dir='ltr'>accolyti</span> <span class='ocrx_word' id='word_1_433' title='bbox 1515 2075 1869 2156; x_wconf 80' lang='lat' dir='ltr'>superpelicia&#39;habebant</span> <span class='ocrx_word' id='word_1_434' title='bbox 1888 2095 1943 2137; x_wconf 92' lang='lat' dir='ltr'>su·</span> 
     </span>
     <span class='ocr_line' id='line_1_68' title="bbox 1152 2176 1941 2257; baseline 0.004 -22"><span class='ocrx_word' id='word_1_435' title='bbox 1152 2194 1203 2255; x_wconf 92' lang='lat' dir='ltr'>per</span> <span class='ocrx_word' id='word_1_436' title='bbox 1231 2176 1378 2250; x_wconf 78' lang='lat' dir='ltr'>rochetis3</span> <span class='ocrx_word' id='word_1_437' title='bbox 1411 2178 1559 2238; x_wconf 84' lang='lat' dir='ltr'>secretarii</span> <span class='ocrx_word' id='word_1_438' title='bbox 1593 2196 1712 2257; x_wconf 91' lang='lat' dir='ltr'>quoque</span> <span class='ocrx_word' id='word_1_439' title='bbox 1738 2190 1768 2240; x_wconf 89' lang='lat' dir='ltr'>ct</span> <span class='ocrx_word' id='word_1_440' title='bbox 1805 2178 1941 2238; x_wconf 85' lang='lat' dir='ltr'>advocati</span> 
     </span>
     <span class='ocr_line' id='line_1_69' title="bbox 1152 2276 1944 2359; baseline 0 -23"><span class='ocrx_word' id='word_1_441' title='bbox 1152 2277 1289 2357; x_wconf 78' lang='lat' dir='ltr'>pluvialia</span> <span class='ocrx_word' id='word_1_442' title='bbox 1320 2276 1407 2350; x_wconf 91' lang='lat' dir='ltr'>alba,</span> <span class='ocrx_word' id='word_1_443' title='bbox 1438 2296 1525 2357; x_wconf 89' lang='lat' dir='ltr'>super</span> <span class='ocrx_word' id='word_1_444' title='bbox 1555 2278 1697 2339; x_wconf 89' lang='lat' dir='ltr'>mantellis</span> <span class='ocrx_word' id='word_1_445' title='bbox 1723 2289 1892 2359; x_wconf 88' lang='lat' dir='ltr'>aperturam</span> <span class='ocrx_word' id='word_1_446' title='bbox 1927 2296 1944 2336; x_wconf 92' lang='lat' dir='ltr'>a</span> 
     </span>
     <span class='ocr_line' id='line_1_70' title="bbox 1154 2378 1949 2457; baseline -0.001 -19"><span class='ocrx_word' id='word_1_447' title='bbox 1154 2391 1237 2457; x_wconf 91' lang='lat' dir='ltr'>purte</span> <span class='ocrx_word' id='word_1_448' title='bbox 1251 2379 1368 2440; x_wconf 81' lang='lat' dir='ltr'>dextera</span> <span class='ocrx_word' id='word_1_449' title='bbox 1386 2378 1518 2439; x_wconf 87' lang='lat' dir='ltr'>habentia</span> <span class='ocrx_word' id='word_1_450' title='bbox 1524 2399 1535 2452; x_wconf 82' lang='lat'><em>3</em></span> <span class='ocrx_word' id='word_1_451' title='bbox 1547 2390 1575 2440; x_wconf 91' lang='lat' dir='ltr'>et</span> <span class='ocrx_word' id='word_1_452' title='bbox 1589 2396 1687 2441; x_wconf 89' lang='lat' dir='ltr'>omnes</span> <span class='ocrx_word' id='word_1_453' title='bbox 1703 2379 1733 2439; x_wconf 90' lang='lat' dir='ltr'>hl</span> <span class='ocrx_word' id='word_1_454' title='bbox 1754 2397 1844 2456; x_wconf 89' lang='lat' dir='ltr'>equos</span> <span class='ocrx_word' id='word_1_455' title='bbox 1861 2379 1949 2457; x_wconf 73' lang='lat' dir='ltr'>equi·</span> 
     </span>
     <span class='ocr_line' id='line_1_71' title="bbox 1155 2480 1875 2560; baseline 0 -22"><span class='ocrx_word' id='word_1_456' title='bbox 1155 2480 1262 2551; x_wconf 88' lang='lat' dir='ltr'>tabant,</span> <span class='ocrx_word' id='word_1_457' title='bbox 1285 2490 1314 2540; x_wconf 89' lang='lat' dir='ltr'>et</span> <span class='ocrx_word' id='word_1_458' title='bbox 1329 2480 1422 2537; x_wconf 86' lang='lat' dir='ltr'>mttlas</span> <span class='ocrx_word' id='word_1_459' title='bbox 1443 2480 1585 2539; x_wconf 85' lang='lat' dir='ltr'>consuetis</span> <span class='ocrx_word' id='word_1_460' title='bbox 1606 2480 1730 2560; x_wconf 80' lang='lat' dir='ltr'>repertis</span> <span class='ocrx_word' id='word_1_461' title='bbox 1751 2490 1875 2541; x_wconf 88' lang='lat' dir='ltr'>ornatas.</span> 
     </span>
    </p>

    <p class='ocr_par' dir='ltr' id='par_1_13' title="bbox 1155 2578 1950 2859">
     <span class='ocr_line' id='line_1_72' title="bbox 1193 2578 1948 2659; baseline 0.003 -21"><span class='ocrx_word' id='word_1_462' title='bbox 1193 2578 1414 2640; x_wconf 88' lang='lat' dir='ltr'>Processionem</span> <span class='ocrx_word' id='word_1_463' title='bbox 1432 2598 1503 2640; x_wconf 90' lang='lat' dir='ltr'>reru</span> <span class='ocrx_word' id='word_1_464' title='bbox 1518 2578 1709 2657; x_wconf 81' lang='lat' dir='ltr'>hujusmodis</span> <span class='ocrx_word' id='word_1_465' title='bbox 1726 2578 1842 2640; x_wconf 89' lang='lat' dir='ltr'>basilica</span> <span class='ocrx_word' id='word_1_466' title='bbox 1859 2599 1948 2659; x_wconf 91' lang='lat' dir='ltr'>prae·</span> 
     </span>
     <span class='ocr_line' id='line_1_73' title="bbox 1155 2677 1950 2741; baseline 0.001 -2"><span class='ocrx_word' id='word_1_467' title='bbox 1155 2679 1230 2739; x_wconf 89' lang='lat' dir='ltr'>dieta</span> <span class='ocrx_word' id='word_1_468' title='bbox 1245 2677 1282 2738; x_wconf 92' lang='lat' dir='ltr'>ad</span> <span class='ocrx_word' id='word_1_469' title='bbox 1294 2677 1473 2740; x_wconf 82' lang='lat' dir='ltr'>Lateranum</span> <span class='ocrx_word' id='word_1_470' title='bbox 1487 2679 1634 2741; x_wconf 91' lang='lat' dir='ltr'>ordinarit</span> <span class='ocrx_word' id='word_1_471' title='bbox 1645 2680 1804 2741; x_wconf 90' lang='lat' dir='ltr'>cardinalis</span> <span class='ocrx_word' id='word_1_472' title='bbox 1817 2680 1950 2741; x_wconf 86' lang='lat' dir='ltr'>Senensis</span> 
     </span>
     <span class='ocr_line' id='line_1_74' title="bbox 1155 2778 1630 2859; baseline 0.002 -20"><span class='ocrx_word' id='word_1_473' title='bbox 1155 2780 1242 2842; x_wconf 89' lang='lat' dir='ltr'>Prior</span> <span class='ocrx_word' id='word_1_474' title='bbox 1265 2779 1430 2859; x_wconf 85' lang='lat' dir='ltr'>praedictus</span> <span class='ocrx_word' id='word_1_475' title='bbox 1451 2778 1508 2840; x_wconf 86' lang='lat' dir='ltr'>hoc</span> <span class='ocrx_word' id='word_1_476' title='bbox 1528 2779 1630 2841; x_wconf 85' lang='lat' dir='ltr'>modo:</span> 
     </span>
    </p>

    <p class='ocr_par' dir='ltr' id='par_1_14' title="bbox 1156 2878 1949 3466">
     <span class='ocr_line' id='line_1_75' title="bbox 1197 2878 1949 2962; baseline -0.003 -20"><span class='ocrx_word' id='word_1_477' title='bbox 1197 2882 1367 2942; x_wconf 83' lang='lat' dir='ltr'>Familiares</span> <span class='ocrx_word' id='word_1_478' title='bbox 1387 2878 1600 2952; x_wconf 75' lang='lat' dir='ltr'>cardinalium,</span> <span class='ocrx_word' id='word_1_479' title='bbox 1616 2882 1826 2962; x_wconf 84' lang='lat' dir='ltr'>praelatmum,</span> <span class='ocrx_word' id='word_1_480' title='bbox 1845 2891 1874 2941; x_wconf 88' lang='lat' dir='ltr'>et</span> <span class='ocrx_word' id='word_1_481' title='bbox 1892 2897 1949 2940; x_wconf 88' lang='lat' dir='ltr'>eu·</span> 
     </span>
     <span class='ocr_line' id='line_1_76' title="bbox 1158 2980 1949 3057; baseline 0.003 -17"><span class='ocrx_word' id='word_1_482' title='bbox 1158 2982 1276 3041; x_wconf 88' lang='lat' dir='ltr'>rialiurn</span> <span class='ocrx_word' id='word_1_483' title='bbox 1292 2999 1327 3041; x_wconf 90' lang='lat' dir='ltr'>ac</span> <span class='ocrx_word' id='word_1_484' title='bbox 1343 2980 1406 3050; x_wconf 88' lang='lat' dir='ltr'>alii,</span> <span class='ocrx_word' id='word_1_485' title='bbox 1423 2980 1472 3057; x_wconf 92' lang='lat' dir='ltr'>qui</span> <span class='ocrx_word' id='word_1_486' title='bbox 1488 2980 1626 3042; x_wconf 81' lang='lat' dir='ltr'>brevibus</span> <span class='ocrx_word' id='word_1_487' title='bbox 1637 2981 1764 3043; x_wconf 80' lang='lat' dir='ltr'>vestibus</span> <span class='ocrx_word' id='word_1_488' title='bbox 1781 2981 1949 3053; x_wconf 88' lang='lat' dir='ltr'>utebantur,</span> 
     </span>
     <span class='ocr_line' id='line_1_77' title="bbox 1156 3080 1949 3162; baseline -0.004 -18"><span class='ocrx_word' id='word_1_489' title='bbox 1156 3083 1242 3162; x_wconf 89' lang='lat' dir='ltr'>primi</span> <span class='ocrx_word' id='word_1_490' title='bbox 1252 3080 1420 3160; x_wconf 90' lang='lat' dir='ltr'>equitabant</span> <span class='ocrx_word' id='word_1_491' title='bbox 1431 3098 1498 3141; x_wconf 90' lang='lat' dir='ltr'>eum</span> <span class='ocrx_word' id='word_1_492' title='bbox 1511 3082 1616 3142; x_wconf 89' lang='lat' dir='ltr'>valisiis</span> <span class='ocrx_word' id='word_1_493' title='bbox 1626 3082 1834 3155; x_wconf 71' lang='lat' dir='ltr'>cardinalium,</span> <span class='ocrx_word' id='word_1_494' title='bbox 1848 3081 1949 3143; x_wconf 89' lang='lat' dir='ltr'>deinde</span> 
     </span>
     <span class='ocr_line' id='line_1_78' title="bbox 1156 3180 1948 3260; baseline 0.001 -19"><span class='ocrx_word' id='word_1_495' title='bbox 1156 3182 1340 3243; x_wconf 88' lang='lat' dir='ltr'>barbitonsor</span> <span class='ocrx_word' id='word_1_496' title='bbox 1362 3180 1456 3260; x_wconf 87' lang='lat' dir='ltr'>Papae</span> <span class='ocrx_word' id='word_1_497' title='bbox 1478 3198 1546 3241; x_wconf 89' lang='lat' dir='ltr'>cum</span> <span class='ocrx_word' id='word_1_498' title='bbox 1576 3183 1674 3242; x_wconf 89' lang='lat' dir='ltr'>valisia</span> <span class='ocrx_word' id='word_1_499' title='bbox 1691 3185 1822 3256; x_wconf 89' lang='lat' dir='ltr'>scarlati,</span> <span class='ocrx_word' id='word_1_500' title='bbox 1839 3184 1868 3242; x_wconf 94' lang='lat' dir='ltr'>in</span> <span class='ocrx_word' id='word_1_501' title='bbox 1889 3201 1948 3259; x_wconf 92' lang='lat' dir='ltr'>qua</span> 
     </span>
     <span class='ocr_line' id='line_1_79' title="bbox 1156 3282 1949 3365; baseline -0.004 -22"><span class='ocrx_word' id='word_1_502' title='bbox 1156 3296 1220 3344; x_wconf 90' lang='lat' dir='ltr'>erat</span> <span class='ocrx_word' id='word_1_503' title='bbox 1253 3302 1365 3365; x_wconf 87' lang='lat' dir='ltr'>eappa,</span> <span class='ocrx_word' id='word_1_504' title='bbox 1393 3282 1454 3342; x_wconf 84' lang='lat' dir='ltr'>sire</span> <span class='ocrx_word' id='word_1_505' title='bbox 1488 3283 1655 3343; x_wconf 89' lang='lat' dir='ltr'>mantellum</span> <span class='ocrx_word' id='word_1_506' title='bbox 1684 3302 1719 3342; x_wconf 89' lang='lat' dir='ltr'>ac</span> <span class='ocrx_word' id='word_1_507' title='bbox 1751 3284 1824 3343; x_wconf 90' lang='lat' dir='ltr'>aliae</span> <span class='ocrx_word' id='word_1_508' title='bbox 1859 3292 1949 3343; x_wconf 84' lang='lat' dir='ltr'>vestes</span> 
     </span>
     <span class='ocr_line' id='line_1_80' title="bbox 1157 3385 1263 3466; baseline 0 -21"><span class='ocrx_word' id='word_1_509' title='bbox 1157 3385 1263 3466; x_wconf 87' lang='lat' dir='ltr'>Papae.</span> 
     </span>
    </p>

    <p class='ocr_par' dir='ltr' id='par_1_15' title="bbox 1157 3483 1952 4363">
     <span class='ocr_line' id='line_1_81' title="bbox 1200 3483 1949 3566; baseline -0.008 -18"><span class='ocrx_word' id='word_1_510' title='bbox 1200 3488 1305 3548; x_wconf 82' lang='lat' dir='ltr'>Sartor</span> <span class='ocrx_word' id='word_1_511' title='bbox 1324 3485 1420 3566; x_wconf 88' lang='lat' dir='ltr'>Papae</span> <span class='ocrx_word' id='word_1_512' title='bbox 1435 3503 1502 3547; x_wconf 90' lang='lat' dir='ltr'>cum</span> <span class='ocrx_word' id='word_1_513' title='bbox 1519 3486 1605 3545; x_wconf 91' lang='lat' dir='ltr'>simlll</span> <span class='ocrx_word' id='word_1_514' title='bbox 1622 3485 1719 3546; x_wconf 90' lang='lat' dir='ltr'>ralisia</span> <span class='ocrx_word' id='word_1_515' title='bbox 1740 3484 1768 3545; x_wconf 92' lang='lat' dir='ltr'>in</span> <span class='ocrx_word' id='word_1_516' title='bbox 1787 3503 1844 3562; x_wconf 90' lang='lat' dir='ltr'>qua</span> <span class='ocrx_word' id='word_1_517' title='bbox 1863 3483 1949 3544; x_wconf 90' lang='lat' dir='ltr'>etiam</span> 
     </span>
     <span class='ocr_line' id='line_1_82' title="bbox 1157 3585 1949 3667; baseline -0.008 -18"><span class='ocrx_word' id='word_1_518' title='bbox 1157 3598 1240 3649; x_wconf 91' lang='lat' dir='ltr'>erant</span> <span class='ocrx_word' id='word_1_519' title='bbox 1252 3588 1408 3649; x_wconf 84' lang='lat' dir='ltr'>necessaria</span> <span class='ocrx_word' id='word_1_520' title='bbox 1427 3606 1482 3667; x_wconf 88' lang='lat' dir='ltr'>pro</span> <span class='ocrx_word' id='word_1_521' title='bbox 1495 3585 1642 3648; x_wconf 79' lang='lat' dir='ltr'>Pontifice.</span> <span class='ocrx_word' id='word_1_522' title='bbox 1660 3619 1697 3631; x_wconf 92' lang='lat'><em>-</em></span> <span class='ocrx_word' id='word_1_523' title='bbox 1714 3586 1884 3647; x_wconf 78' lang='lat' dir='ltr'>Familiares</span> <span class='ocrx_word' id='word_1_524' title='bbox 1899 3600 1949 3644; x_wconf 89' lang='lat' dir='ltr'>sea</span> 
     </span>
     <span class='ocr_line' id='line_1_83' title="bbox 1157 3684 1949 3770; baseline -0.006 -21"><span class='ocrx_word' id='word_1_525' title='bbox 1157 3690 1287 3752; x_wconf 89' lang='lat' dir='ltr'>scutileri</span> <span class='ocrx_word' id='word_1_526' title='bbox 1309 3690 1414 3770; x_wconf 89' lang='lat' dir='ltr'>Papae.</span> <span class='ocrx_word' id='word_1_527' title='bbox 1433 3719 1470 3733; x_wconf 90' lang='lat'>·-</span> <span class='ocrx_word' id='word_1_528' title='bbox 1491 3686 1605 3749; x_wconf 81' lang='lat' dir='ltr'>Nobiles</span> <span class='ocrx_word' id='word_1_529' title='bbox 1626 3688 1741 3750; x_wconf 80' lang='lat' dir='ltr'>curiae.</span> <span class='ocrx_word' id='word_1_530' title='bbox 1766 3720 1804 3733; x_wconf 89' lang='lat'>·-·</span> <span class='ocrx_word' id='word_1_531' title='bbox 1827 3684 1949 3766; x_wconf 82' lang='lat' dir='ltr'>Nepotes</span> 
     </span>
     <span class='ocr_line' id='line_1_84' title="bbox 1157 3787 1952 3867; baseline -0.005 -16"><span class='ocrx_word' id='word_1_532' title='bbox 1157 3801 1186 3851; x_wconf 92' lang='lat' dir='ltr'>et</span> <span class='ocrx_word' id='word_1_533' title='bbox 1216 3790 1313 3850; x_wconf 80' lang='lat' dir='ltr'>affines</span> <span class='ocrx_word' id='word_1_534' title='bbox 1335 3788 1541 3851; x_wconf 89' lang='lat' dir='ltr'>cardinalium.</span> <span class='ocrx_word' id='word_1_535' title='bbox 1567 3822 1604 3834; x_wconf 89' lang='lat'><em>-</em></span> <span class='ocrx_word' id='word_1_536' title='bbox 1632 3787 1716 3849; x_wconf 84' lang='lat' dir='ltr'>Scala</span> <span class='ocrx_word' id='word_1_537' title='bbox 1740 3787 1836 3867; x_wconf 88' lang='lat' dir='ltr'>Papae</span> <span class='ocrx_word' id='word_1_538' title='bbox 1857 3802 1952 3866; x_wconf 89' lang='lat' dir='ltr'>panno</span> 
     </span>
     <span class='ocr_line' id='line_1_85' title="bbox 1158 3887 1949 3967; baseline -0.004 -17"><span class='ocrx_word' id='word_1_539' title='bbox 1158 3907 1279 3950; x_wconf 88' lang='lat' dir='ltr'>rosaceo</span> <span class='ocrx_word' id='word_1_540' title='bbox 1299 3900 1435 3967; x_wconf 89' lang='lat' dir='ltr'>cooperta</span> <span class='ocrx_word' id='word_1_541' title='bbox 1456 3906 1543 3966; x_wconf 91' lang='lat' dir='ltr'>snper</span> <span class='ocrx_word' id='word_1_542' title='bbox 1564 3905 1640 3966; x_wconf 90' lang='lat' dir='ltr'>equo</span> <span class='ocrx_word' id='word_1_543' title='bbox 1654 3887 1731 3958; x_wconf 89' lang='lat' dir='ltr'>albo,</span> <span class='ocrx_word' id='word_1_544' title='bbox 1746 3889 1831 3948; x_wconf 91' lang='lat' dir='ltr'>simili</span> <span class='ocrx_word' id='word_1_545' title='bbox 1852 3903 1949 3967; x_wconf 91' lang='lat' dir='ltr'>panno</span> 
     </span>
     <span class='ocr_line' id='line_1_86' title="bbox 1158 3987 1949 4070; baseline -0.004 -19"><span class='ocrx_word' id='word_1_546' title='bbox 1158 4001 1314 4070; x_wconf 88' lang='lat' dir='ltr'>cooperto,</span> <span class='ocrx_word' id='word_1_547' title='bbox 1336 4001 1422 4066; x_wconf 89' lang='lat' dir='ltr'>quem</span> <span class='ocrx_word' id='word_1_548' title='bbox 1452 3988 1533 4049; x_wconf 87' lang='lat' dir='ltr'>duxit</span> <span class='ocrx_word' id='word_1_549' title='bbox 1562 4005 1636 4048; x_wconf 86' lang='lat' dir='ltr'>unus</span> <span class='ocrx_word' id='word_1_550' title='bbox 1663 3990 1812 4049; x_wconf 80' lang='lat' dir='ltr'>familiaris</span> <span class='ocrx_word' id='word_1_551' title='bbox 1832 3987 1949 4067; x_wconf 88' lang='lat' dir='ltr'>Papae,</span> 
     </span>
     <span class='ocr_line' id='line_1_87' title="bbox 1160 4068 1949 4162; baseline -0.005 -13"><span class='ocrx_word' id='word_1_552' title='bbox 1160 4102 1237 4153; x_wconf 88' lang='lat' dir='ltr'>reste</span> <span class='ocrx_word' id='word_1_553' title='bbox 1258 4107 1376 4150; x_wconf 89' lang='lat' dir='ltr'>rosacea</span> <span class='ocrx_word' id='word_1_554' title='bbox 1398 4087 1525 4162; x_wconf 91' lang='lat' dir='ltr'>indutus,</span> <span class='ocrx_word' id='word_1_555' title='bbox 1547 4087 1683 4149; x_wconf 88' lang='lat' dir='ltr'>baculum</span> <span class='ocrx_word' id='word_1_556' title='bbox 1705 4068 1828 4149; x_wconf 87' lang='lat' dir='ltr'>ruhenm</span> <span class='ocrx_word' id='word_1_557' title='bbox 1849 4089 1877 4146; x_wconf 92' lang='lat' dir='ltr'>in</span> <span class='ocrx_word' id='word_1_558' title='bbox 1892 4088 1949 4147; x_wconf 90' lang='lat' dir='ltr'>alia</span> 
     </span>
     <span class='ocr_line' id='line_1_88' title="bbox 1159 4188 1950 4252; baseline -0.005 0"><span class='ocrx_word' id='word_1_559' title='bbox 1159 4209 1246 4252; x_wconf 89' lang='lat' dir='ltr'>manu</span> <span class='ocrx_word' id='word_1_560' title='bbox 1268 4202 1375 4251; x_wconf 88' lang='lat' dir='ltr'>tenens.</span> <span class='ocrx_word' id='word_1_561' title='bbox 1398 4221 1437 4235; x_wconf 89' lang='lat'>-</span> <span class='ocrx_word' id='word_1_562' title='bbox 1465 4188 1624 4250; x_wconf 81' lang='lat' dir='ltr'>Duodecim</span> <span class='ocrx_word' id='word_1_563' title='bbox 1646 4207 1781 4251; x_wconf 89' lang='lat' dir='ltr'>cursores</span> <span class='ocrx_word' id='word_1_564' title='bbox 1802 4206 1869 4249; x_wconf 84' lang='lat' dir='ltr'>ctam</span> <span class='ocrx_word' id='word_1_565' title='bbox 1890 4205 1950 4250; x_wconf 81' lang='lat' dir='ltr'>xta.</span> 
     </span>
     <span class='ocr_line' id='line_1_89' title="bbox 1159 4288 1951 4363; baseline -0.006 -11"><span class='ocrx_word' id='word_1_566' title='bbox 1159 4294 1269 4355; x_wconf 76' lang='lat' dir='ltr'>vexillis</span> <span class='ocrx_word' id='word_1_567' title='bbox 1291 4291 1404 4363; x_wconf 88' lang='lat' dir='ltr'>rubeis,</span> <span class='ocrx_word' id='word_1_568' title='bbox 1430 4288 1487 4349; x_wconf 90' lang='lat' dir='ltr'>hlni</span> <span class='ocrx_word' id='word_1_569' title='bbox 1510 4298 1540 4351; x_wconf 90' lang='lat' dir='ltr'>et</span> <span class='ocrx_word' id='word_1_570' title='bbox 1563 4289 1643 4363; x_wconf 87' lang='lat' dir='ltr'>hini,</span> <span class='ocrx_word' id='word_1_571' title='bbox 1672 4289 1799 4350; x_wconf 85' lang='lat' dir='ltr'>restibus</span> <span class='ocrx_word' id='word_1_572' title='bbox 1827 4288 1951 4349; x_wconf 87' lang='lat' dir='ltr'>rosaceis</span> 
     </span>
    </p>
   </div>
   <div class='ocr_carea' id='block_1_8' title="bbox 1159 4388 2063 4471">
    <p class='ocr_par' dir='ltr' id='par_1_16' title="bbox 1159 4388 2063 4471">
     <span class='ocr_line' id='line_1_90' title="bbox 1159 4388 2063 4471; baseline -0.002 -21"><span class='ocrx_word' id='word_1_573' title='bbox 1159 4392 1264 4466; x_wconf 91' lang='lat' dir='ltr'>induti,</span> <span class='ocrx_word' id='word_1_574' title='bbox 1281 4389 1476 4471; x_wconf 84' lang='lat' dir='ltr'>equestres,si</span> <span class='ocrx_word' id='word_1_575' title='bbox 1496 4401 1577 4452; x_wconf 89' lang='lat' dir='ltr'>recte</span> <span class='ocrx_word' id='word_1_576' title='bbox 1597 4391 1725 4451; x_wconf 65' lang='lat' dir='ltr'>memini.</span> <span class='ocrx_word' id='word_1_577' title='bbox 1740 4422 1775 4435; x_wconf 93' lang='lat'>·—</span> <span class='ocrx_word' id='word_1_578' title='bbox 1786 4388 1952 4450; x_wconf 81' lang='lat' dir='ltr'>Tresdecim</span> <span class='ocrx_word' id='word_1_579' title='bbox 2060 4398 2063 4404; x_wconf 82' lang='lat'>&#39;</span> 
     </span>
    </p>
   </div>
   <div class='ocr_carea' id='block_1_9' title="bbox 1157 4490 2039 5679">
    <p class='ocr_par' dir='ltr' id='par_1_17' title="bbox 1157 4490 1951 4859">
     <span class='ocr_line' id='line_1_91' title="bbox 1157 4490 1947 4571; baseline -0.003 -18"><span class='ocrx_word' id='word_1_580' title='bbox 1157 4494 1317 4556; x_wconf 77' lang='lat' dir='ltr'>familiares</span> <span class='ocrx_word' id='word_1_581' title='bbox 1339 4493 1414 4552; x_wconf 91' lang='lat' dir='ltr'>male</span> <span class='ocrx_word' id='word_1_582' title='bbox 1441 4491 1550 4563; x_wconf 87' lang='lat' dir='ltr'>restiti,</span> <span class='ocrx_word' id='word_1_583' title='bbox 1572 4490 1718 4571; x_wconf 89' lang='lat' dir='ltr'>pedestres</span> <span class='ocrx_word' id='word_1_584' title='bbox 1738 4491 1861 4552; x_wconf 79' lang='lat' dir='ltr'>terentes</span> <span class='ocrx_word' id='word_1_585' title='bbox 1879 4506 1947 4551; x_wconf 88' lang='lat' dir='ltr'>xm.</span> 
     </span>
     <span class='ocr_line' id='line_1_92' title="bbox 1160 4591 1950 4671; baseline -0.009 -16"><span class='ocrx_word' id='word_1_586' title='bbox 1160 4597 1263 4657; x_wconf 82' lang='lat' dir='ltr'>vexilla</span> <span class='ocrx_word' id='word_1_587' title='bbox 1273 4611 1434 4655; x_wconf 88' lang='lat' dir='ltr'>armorum.</span> <span class='ocrx_word' id='word_1_588' title='bbox 1448 4591 1635 4671; x_wconf 90' lang='lat' dir='ltr'>—capitanei</span> <span class='ocrx_word' id='word_1_589' title='bbox 1652 4591 1815 4670; x_wconf 75' lang='lat' dir='ltr'>regionum,</span> <span class='ocrx_word' id='word_1_590' title='bbox 1828 4591 1950 4669; x_wconf 88' lang='lat' dir='ltr'>qui,per</span> 
     </span>
     <span class='ocr_line' id='line_1_93' title="bbox 1158 4688 1951 4775; baseline -0.011 -18"><span class='ocrx_word' id='word_1_591' title='bbox 1158 4716 1188 4758; x_wconf 92' lang='lat' dir='ltr'>se</span> <span class='ocrx_word' id='word_1_592' title='bbox 1210 4700 1285 4775; x_wconf 89' lang='lat' dir='ltr'>ipsos</span> <span class='ocrx_word' id='word_1_593' title='bbox 1306 4695 1377 4755; x_wconf 89' lang='lat' dir='ltr'>bene</span> <span class='ocrx_word' id='word_1_594' title='bbox 1404 4701 1541 4763; x_wconf 90' lang='lat' dir='ltr'>ornatos,</span> <span class='ocrx_word' id='word_1_595' title='bbox 1566 4702 1730 4770; x_wconf 89' lang='lat' dir='ltr'>equestres,</span> <span class='ocrx_word' id='word_1_596' title='bbox 1754 4688 1826 4751; x_wconf 90' lang='lat' dir='ltr'>haec</span> <span class='ocrx_word' id='word_1_597' title='bbox 1850 4690 1951 4750; x_wconf 79' lang='lat' dir='ltr'>resilla</span> 
     </span>
     <span class='ocr_line' id='line_1_94' title="bbox 1158 4792 1502 4859; baseline -0.015 -3"><span class='ocrx_word' id='word_1_598' title='bbox 1158 4796 1308 4859; x_wconf 85' lang='lat' dir='ltr'>honestius</span> <span class='ocrx_word' id='word_1_599' title='bbox 1327 4792 1502 4857; x_wconf 88' lang='lat' dir='ltr'>detulissent.</span> 
     </span>
    </p>

    <p class='ocr_par' dir='ltr' id='par_1_18' title="bbox 1158 4887 1953 5279">
     <span class='ocr_line' id='line_1_95' title="bbox 1201 4887 1953 4965; baseline -0.013 -7"><span class='ocrx_word' id='word_1_600' title='bbox 1201 4899 1267 4959; x_wconf 87' lang='lat' dir='ltr'>Duo</span> <span class='ocrx_word' id='word_1_601' title='bbox 1287 4895 1337 4956; x_wconf 93' lang='lat' dir='ltr'>alii</span> <span class='ocrx_word' id='word_1_602' title='bbox 1358 4912 1517 4965; x_wconf 77' lang='lat' dir='ltr'>cursores,</span> <span class='ocrx_word' id='word_1_603' title='bbox 1539 4891 1665 4953; x_wconf 85' lang='lat' dir='ltr'>vestibus</span> <span class='ocrx_word' id='word_1_604' title='bbox 1691 4890 1817 4951; x_wconf 88' lang='lat' dir='ltr'>rosaceis</span> <span class='ocrx_word' id='word_1_605' title='bbox 1839 4887 1953 4962; x_wconf 92' lang='lat' dir='ltr'>induti,</span> 
     </span>
     <span class='ocr_line' id='line_1_96' title="bbox 1158 4986 1953 5079; baseline -0.015 -20"><span class='ocrx_word' id='word_1_606' title='bbox 1158 5009 1327 5079; x_wconf 86' lang='lat' dir='ltr'>equestres,</span> <span class='ocrx_word' id='word_1_607' title='bbox 1349 5012 1417 5055; x_wconf 88' lang='lat' dir='ltr'>cuna</span> <span class='ocrx_word' id='word_1_608' title='bbox 1440 4991 1553 5052; x_wconf 93' lang='lat' dir='ltr'>duobus</span> <span class='ocrx_word' id='word_1_609' title='bbox 1582 4991 1693 5052; x_wconf 73' lang='lat' dir='ltr'>nexillis</span> <span class='ocrx_word' id='word_1_610' title='bbox 1724 4988 1821 5052; x_wconf 87' lang='lat' dir='ltr'>rubeis</span> <span class='ocrx_word' id='word_1_611' title='bbox 1850 4986 1953 5068; x_wconf 88' lang='lat' dir='ltr'>primis</span> 
     </span>
     <span class='ocr_line' id='line_1_97' title="bbox 1159 5085 1951 5172; baseline -0.014 -15"><span class='ocrx_word' id='word_1_612' title='bbox 1159 5098 1193 5161; x_wconf 91' lang='lat' dir='ltr'>de</span> <span class='ocrx_word' id='word_1_613' title='bbox 1214 5114 1274 5159; x_wconf 80' lang='lat' dir='ltr'>xit.</span> <span class='ocrx_word' id='word_1_614' title='bbox 1295 5092 1466 5172; x_wconf 89' lang='lat' dir='ltr'>majoribus,</span> <span class='ocrx_word' id='word_1_615' title='bbox 1484 5091 1513 5152; x_wconf 93' lang='lat' dir='ltr'>in</span> <span class='ocrx_word' id='word_1_616' title='bbox 1535 5091 1640 5171; x_wconf 91' lang='lat' dir='ltr'>quibus</span> <span class='ocrx_word' id='word_1_617' title='bbox 1662 5089 1767 5169; x_wconf 86' lang='lat' dir='ltr'>depicti</span> <span class='ocrx_word' id='word_1_618' title='bbox 1788 5098 1872 5150; x_wconf 90' lang='lat' dir='ltr'>erant</span> <span class='ocrx_word' id='word_1_619' title='bbox 1891 5085 1951 5147; x_wconf 94' lang='lat' dir='ltr'>duo</span> 
     </span>
     <span class='ocr_line' id='line_1_98' title="bbox 1160 5183 1737 5279; baseline -0.019 -21"><span class='ocrx_word' id='word_1_620' title='bbox 1160 5197 1300 5279; x_wconf 87' lang='lat' dir='ltr'>Spiritelli</span> <span class='ocrx_word' id='word_1_621' title='bbox 1323 5213 1396 5275; x_wconf 88' lang='lat' dir='ltr'>quos</span> <span class='ocrx_word' id='word_1_622' title='bbox 1418 5192 1601 5254; x_wconf 88' lang='lat' dir='ltr'>cherubinos</span> <span class='ocrx_word' id='word_1_623' title='bbox 1624 5183 1737 5251; x_wconf 88' lang='lat' dir='ltr'>vocant.</span> 
     </span>
    </p>

    <p class='ocr_par' dir='ltr' id='par_1_19' title="bbox 1157 5286 2039 5679">
     <span class='ocr_line' id='line_1_99' title="bbox 1202 5286 1953 5365; baseline -0.019 -6"><span class='ocrx_word' id='word_1_624' title='bbox 1202 5296 1320 5360; x_wconf 83' lang='lat' dir='ltr'>Gabriel</span> <span class='ocrx_word' id='word_1_625' title='bbox 1349 5295 1385 5356; x_wconf 93' lang='lat' dir='ltr'>de</span> <span class='ocrx_word' id='word_1_626' title='bbox 1411 5293 1580 5365; x_wconf 83' lang='lat' dir='ltr'>Cesarinis,</span> <span class='ocrx_word' id='word_1_627' title='bbox 1601 5288 1818 5354; x_wconf 79' lang='lat' dir='ltr'>confalonerius</span> <span class='ocrx_word' id='word_1_628' title='bbox 1848 5286 1953 5359; x_wconf 88' lang='lat' dir='ltr'>Urbis,</span> 
     </span>
     <span class='ocr_line' id='line_1_100' title="bbox 1158 5389 1952 5465; baseline -0.011 -8"><span class='ocrx_word' id='word_1_629' title='bbox 1158 5407 1240 5459; x_wconf 87' lang='lat' dir='ltr'>totus</span> <span class='ocrx_word' id='word_1_630' title='bbox 1260 5397 1289 5456; x_wconf 93' lang='lat' dir='ltr'>in</span> <span class='ocrx_word' id='word_1_631' title='bbox 1309 5396 1400 5456; x_wconf 90' lang='lat' dir='ltr'>armis</span> <span class='ocrx_word' id='word_1_632' title='bbox 1422 5392 1506 5465; x_wconf 90' lang='lat' dir='ltr'>albis,</span> <span class='ocrx_word' id='word_1_633' title='bbox 1525 5409 1593 5453; x_wconf 89' lang='lat' dir='ltr'>cum</span> <span class='ocrx_word' id='word_1_634' title='bbox 1614 5390 1794 5461; x_wconf 70' lang='lat' dir='ltr'>menullino,</span> <span class='ocrx_word' id='word_1_635' title='bbox 1817 5389 1879 5451; x_wconf 83' lang='lat' dir='ltr'>sire</span> <span class='ocrx_word' id='word_1_636' title='bbox 1898 5406 1952 5449; x_wconf 91' lang='lat' dir='ltr'>su·</span> 
     </span>
     <span class='ocr_line' id='line_1_101' title="bbox 1157 5489 1947 5579; baseline -0.013 -21"><span class='ocrx_word' id='word_1_637' title='bbox 1157 5508 1292 5579; x_wconf 89' lang='lat' dir='ltr'>prareste</span> <span class='ocrx_word' id='word_1_638' title='bbox 1323 5493 1358 5556; x_wconf 89' lang='lat' dir='ltr'>de</span> <span class='ocrx_word' id='word_1_639' title='bbox 1389 5493 1486 5555; x_wconf 80' lang='lat' dir='ltr'>talieta</span> <span class='ocrx_word' id='word_1_640' title='bbox 1514 5492 1626 5565; x_wconf 91' lang='lat' dir='ltr'>rubeo,</span> <span class='ocrx_word' id='word_1_641' title='bbox 1654 5508 1763 5569; x_wconf 90' lang='lat' dir='ltr'>equum</span> <span class='ocrx_word' id='word_1_642' title='bbox 1794 5489 1947 5550; x_wconf 79' lang='lat' dir='ltr'>bardarum</span> 
     </span>
     <span class='ocr_line' id='line_1_102' title="bbox 1158 5587 2039 5679; baseline -0.01 -19"><span class='ocrx_word' id='word_1_643' title='bbox 1158 5601 1290 5679; x_wconf 90' lang='lat' dir='ltr'>equitans</span> <span class='ocrx_word' id='word_1_644' title='bbox 1310 5594 1397 5658; x_wconf 86' lang='lat' dir='ltr'>simili</span> <span class='ocrx_word' id='word_1_645' title='bbox 1423 5605 1502 5656; x_wconf 87' lang='lat' dir='ltr'>reste</span> <span class='ocrx_word' id='word_1_646' title='bbox 1523 5591 1650 5654; x_wconf 88' lang='lat' dir='ltr'>totaliter</span> <span class='ocrx_word' id='word_1_647' title='bbox 1680 5600 1861 5671; x_wconf 87' lang='lat' dir='ltr'>coopertum,</span> <span class='ocrx_word' id='word_1_648' title='bbox 1882 5588 1950 5652; x_wconf 88' lang='lat' dir='ltr'>hine</span> <span class='ocrx_word' id='word_1_649' title='bbox 2029 5587 2039 5603; x_wconf 73' lang='lat'><strong>&#39;</strong></span> 
     </span>
    </p>
   </div>
   <div class='ocr_carea' id='block_1_10' title="bbox 1160 5690 1948 5771">
    <p class='ocr_par' dir='ltr' id='par_1_20' title="bbox 1160 5690 1948 5771">
     <span class='ocr_line' id='line_1_103' title="bbox 1160 5690 1948 5771; baseline -0.008 -12"><span class='ocrx_word' id='word_1_650' title='bbox 1160 5690 1223 5761; x_wconf 76' lang='lat' dir='ltr'>inde</span> <span class='ocrx_word' id='word_1_651' title='bbox 1241 5698 1340 5762; x_wconf 81' lang='lat' dir='ltr'>literne</span> <span class='ocrx_word' id='word_1_652' title='bbox 1361 5696 1468 5759; x_wconf 88' lang='lat' dir='ltr'>habens</span> <span class='ocrx_word' id='word_1_653' title='bbox 1486 5696 1517 5755; x_wconf 79' lang='lat' dir='ltr'>S.</span> <span class='ocrx_word' id='word_1_654' title='bbox 1541 5694 1574 5753; x_wconf 91' lang='lat' dir='ltr'>P.</span> <span class='ocrx_word' id='word_1_655' title='bbox 1596 5690 1631 5762; x_wconf 80' lang='lat' dir='ltr'>Q.</span> <span class='ocrx_word' id='word_1_656' title='bbox 1653 5692 1690 5753; x_wconf 86' lang='lat' dir='ltr'>R.</span> <span class='ocrx_word' id='word_1_657' title='bbox 1712 5701 1832 5771; x_wconf 88' lang='lat' dir='ltr'>portans</span> <span class='ocrx_word' id='word_1_658' title='bbox 1854 5692 1948 5753; x_wconf 80' lang='lat' dir='ltr'>vexil-</span> 
     </span>
    </p>
   </div>
   <div class='ocr_carea' id='block_1_11' title="bbox 0 0 2257 6852">
    <p class='ocr_par' dir='ltr' id='par_1_21' title="bbox 0 0 2257 6852">
     <span class='ocr_line' id='line_1_104' title="bbox 0 0 2257 6852; baseline 0 0"><span class='ocrx_word' id='word_1_659' title='bbox 0 0 2257 6852; x_wconf 95' lang='lat' dir='ltr'> </span> 
     </span>
    </p>
   </div>
  </div>
 </body>
</html>
