4492 6859
371 621 429 679 ltu

337 802 338 805 ,
369 758 442 817 idern
460 756 636 830 cardinalis,
650 756 687 813 ad
704 755 937 816 informationem
953 754 1068 815 Domini
1082 755 1155 814 Fal-

368 859 457 931 conis,
478 857 534 945 SS,
555 857 591 917 D.
612 855 711 918 Nostri
733 856 828 937 Papae
849 856 1037 918 Thesaurarii
1064 874 1154 935 gene·

367 1140 443 1179 coros
464 1137 616 1189 copnoseere
636 1128 757 1187 nostros,
773 1130 799 1175 et
824 1126 928 1188 qualem
952 1138 982 1173 se
1006 1125 1049 1173 ille
1071 1125 1112 1173 rir
1129 1125 1154 1174 in

368 1211 489 1257 extremo
501 1206 576 1268 quasi
588 1204 659 1253 ritae
675 1209 735 1254 actu
753 1205 866 1268 gesserit
884 1204 989 1262 audire,
1005 1217 1153 1267 quanquam

369 1291 395 1337 el
412 1288 474 1337 tletu
491 1284 635 1348 impedior,
660 1287 687 1334 et
704 1297 718 1334 a
736 1284 920 1334 recordatione
946 1284 1019 1346 ipsa,
1042 1284 1154 1346 quasise

368 1364 530 1415 retractione
547 1362 645 1413 doloris
656 1362 782 1413 abhorret
794 1366 895 1413 enimus
907 1376 936 1413 ac
948 1364 1042 1424 resilit,
1053 1362 1155 1414 obtem-

369 1443 469 1506 perabo
486 1447 575 1493 tameo
592 1448 653 1492 tuae
670 1447 758 1493 tantae
783 1456 812 1492 ae
837 1448 889 1493 tam
913 1444 1041 1494 honestae
1058 1444 1155 1493 volun·

369 1524 417 1572 tati
430 1560 438 1582 ,
455 1523 497 1572 cui
513 1522 608 1571 deesse
625 1535 674 1585 pro
692 1521 813 1572 instituta
825 1522 894 1571 inter
905 1535 953 1572 nos
965 1523 1077 1571 amicitia
1087 1559 1095 1581 ,
1106 1536 1155 1573 ue·

369 1611 421 1664 que
438 1601 509 1659 valo,
524 1613 610 1663 neque
621 1613 738 1663 possum.
754 1601 819 1652 Nam
836 1600 955 1663 prolecto
967 1602 1080 1664 ipsemet
1092 1600 1154 1651 mihi

372 1680 479 1729 nimium
497 1684 524 1728 et
540 1679 652 1729 incivilis
673 1679 798 1739 viderer,
823 1684 850 1730 el
874 1679 1050 1738 inhumanus,
1067 1682 1089 1729 si
1106 1678 1154 1728 tibi

369 1765 396 1809 et
414 1761 458 1808 tali
475 1760 549 1818 viro,
565 1762 591 1810 et
608 1767 658 1807 mai
676 1764 728 1808 tam
740 1759 859 1809 studioso
871 1773 927 1810 rem
940 1761 1024 1809 ausim
1041 1772 1153 1821 prorsus

374 1839 452 1888 ultam
469 1841 607 1900 denegare.
631 1838 754 1887 Ceterum
779 1840 903 1900 quoniam
927 1838 961 1889 de
985 1851 1038 1901 quo
1065 1837 1112 1887 tibi
1139 1852 1154 1887 a

370 1918 448 1967 uobis
466 1917 547 1967 scribi
564 1919 700 1980 postulas,
719 1918 744 1967 id
761 1919 891 1981 ejusmodi
917 1922 978 1976 est,
1003 1923 1032 1968 ut
1055 1918 1156 1969 facilius

367 2009 448 2046 sensu
465 1994 587 2058 quodam,
611 1997 698 2047 animo
724 1998 821 2055 tacito,
848 2003 875 2047 et
899 1997 1057 2059 cogitatione
1082 2009 1157 2047 com-

367 2073 564 2137 prehendatur,
580 2087 657 2136 quam
676 2080 721 2125 eut
737 2077 847 2135 verbis,
873 2081 917 2125 aut
945 2076 1027 2126 literis
1043 2076 1155 2138 exprimi

368 2155 471 2218 possit,
488 2154 536 2203 hac
554 2155 610 2216 lege
628 2154 675 2203 tibi
688 2155 744 2215 lam
762 2167 831 2204 nune
854 2154 1011 2217 obsequium
1035 2159 1155 2203 nostrum

369 2234 557 2296 astringimus,
572 2236 600 2282 ul
617 2245 704 2294 nequa
721 2232 746 2281 id
763 2233 933 2295 polliceamur
959 2234 1029 2296 quod
1047 2234 1155 2295 impiere

368 2326 419 2362 nou
436 2315 583 2373 possimus,
602 2315 647 2360 tua
664 2316 738 2360 certa
755 2324 836 2362 eausa
852 2326 904 2362 non
921 2326 1085 2363 recusemus.
1107 2311 1156 2361 La·

368 2390 511 2440 boraverat
538 2389 617 2452 igitur
638 2390 747 2440 circiter
773 2403 879 2441 menses
908 2392 974 2441 duos
1000 2391 1155 2441 Laurentius

366 2468 480 2521 hledices
492 2482 507 2518 e
519 2467 657 2517 doloribus
674 2469 717 2529 iis,
732 2468 792 2531 qui,
804 2470 927 2531 quoniam
946 2472 1078 2519 viscerum
1095 2484 1157 2519 ear·

368 2550 467 2611 tilagini
484 2548 656 2607 inhaereant,
672 2561 705 2597 ex
723 2552 876 2610 argumento
893 2548 1083 2610 Hupoclrondrii
1107 2564 1157 2611 ap·

370 2629 508 2691 pellantur.
525 2627 555 2677 ili
573 2630 675 2677 tametsi
693 2628 824 2677 neminem
843 2641 889 2678 sua
906 2628 1014 2691 quidem
1032 2632 1058 2678 vi
1075 2632 1154 2692 jugu-

370 2707 442 2766 lant,
459 2708 582 2769 quoniam
607 2710 694 2756 tamen
721 2707 867 2756 acutissimi
893 2711 969 2767 sunt,
993 2708 1072 2757 etiarn
1095 2710 1155 2767 jure

370 2786 550 2835 molestissimi
575 2784 759 2847 perhibentur.
783 2785 834 2835 Sed
858 2788 926 2835 euim
952 2788 977 2835 in
998 2786 1156 2845 Laurentio,

370 2865 423 2915 tato
435 2878 469 2914 ne
480 2863 610 2922 dixerim,
627 2878 660 2913 an
685 2864 804 2922 inscitia,
821 2866 975 2927 incuriaque
993 2866 1154 2917 medentium

374 2944 401 2993 id
418 2944 524 3002 evenit,
541 2946 570 2992 ut
586 2942 648 2992 dum
665 2943 767 2992 curatio
784 2944 921 2994 doloribus
938 2945 1099 3005 adhibetur,
1115 2947 1156 2997 ie·

371 3021 427 3073 bris
444 3034 495 3071 une
511 3023 626 3070 omnium
644 3020 848 3072 insidiosissima
866 3027 1000 3074 contracta
1018 3027 1072 3084 sit,
1088 3039 1156 3088 quae

372 3101 470 3150 sensim
488 3101 597 3164 illapsa,
613 3113 666 3150 non
682 3101 787 3163 quidem
806 3103 832 3151 in
848 3103 978 3162 arterias,
994 3108 1039 3154 aut
1057 3118 1156 3161 venas,

369 3180 447 3230 siculi
465 3182 569 3229 ceterae
595 3180 697 3238 solent,
723 3179 769 3230 sed
787 3181 813 3229 io
830 3186 921 3240 artus,
938 3185 965 3231 tn
981 3185 1103 3242 viscera,
1130 3184 1156 3232 in

369 3272 486 3320 nervos,
502 3259 528 3307 in
545 3270 606 3308 ossa
623 3271 745 3323 quoque,
762 3264 789 3310 et
806 3261 934 3312 medullas
945 3260 1104 3312 incubuerit.
1120 3262 1157 3313 Ea

370 3351 435 3388 vero
452 3338 522 3401 quod
540 3337 691 3396 subtiliter,
713 3350 742 3386 ae
764 3338 892 3402 lateqter,
909 3342 1035 3402 quasique
1053 3339 1156 3391 lenibus

369 3420 489 3480 vestigiis
505 3418 664 3480 irrepserat,
680 3430 773 3479 parum
785 3420 869 3480 primo
882 3418 1081 3478 animadversa,
1091 3420 1155 3469 dein

368 3508 510 3548 varocum
528 3496 593 3545 satis
610 3507 728 3557 magnam
742 3498 782 3544 sui
794 3496 1010 3558 significationem
1027 3498 1157 3560 dedisset,

370 3579 529 3627 nontamen
547 3587 597 3636 pro
614 3586 646 3624 eo
663 3587 693 3624 ac
710 3574 801 3625 debuit
825 3576 963 3639 diligenter
986 3582 1096 3637 curata,
1118 3580 1156 3627 sic

370 3656 504 3705 hominem
521 3652 705 3703 debilitaverat
731 3667 843 3716 prorsus
867 3660 946 3721 atque
964 3656 1111 3717 afflixerat,
1129 3662 1157 3708 ut

368 3748 421 3784 non
436 3730 539 3783 viribus
561 3731 656 3789 modo,
681 3731 728 3782 sed
753 3745 866 3795 corpore
891 3735 969 3784 etiarn
994 3748 1061 3797 pene
1086 3739 1157 3785 omui

369 3813 487 3870 amisso,
514 3814 541 3860 et
564 3813 720 3872 consumpto
745 3810 933 3863 dilabeseeret.
955 3814 1041 3874 Quare
1069 3814 1154 3879 pridie

368 3905 448 3956 quam
466 3894 576 3941 naturae
593 3889 775 3949 satislaoeret,
791 3903 849 3941 cum
867 3891 977 3954 quidem
995 3895 1021 3943 tn
1037 3894 1099 3943 villa
1110 3893 1158 3944 Ca·

367 3972 440 4035 regia
455 3969 564 4021 cubaret
582 3980 680 4032 aeger,
695 3970 730 4019 ita
747 3975 858 4033 repente
869 3971 984 4024 concidit
995 3977 1083 4033 totus,
1099 3976 1158 4024 nul·

367 4053 420 4101 lam
438 4054 466 4100 ul
482 4050 536 4108 jem
555 4060 619 4099 suae
637 4049 729 4099 salutis
747 4062 820 4111 spem
844 4051 970 4115 reliquam
994 4053 1158 4104 ostenderet.

368 4126 446 4191 Quod
457 4128 550 4188 homo,
568 4132 597 4176 ut
610 4139 715 4189 semper
727 4130 909 4190 cautissimus,
926 4132 1082 4195 intelligens,
1094 4133 1156 4182 nihil

368 4208 444 4270 prins
461 4207 569 4265 babuit,
585 4219 662 4267 quarn
681 4209 710 4254 ut
726 4206 827 4256 animae
845 4209 974 4260 medicum
991 4216 1157 4271 accerseret,

371 4287 413 4336 eui
424 4286 458 4335 da
468 4287 612 4335 contractis
629 4288 684 4334 tota
701 4286 754 4334 vita
766 4288 853 4337 noxiis
865 4287 1015 4338 Christiano
1029 4291 1079 4339 ritu
1092 4302 1158 4339 eon·

370 4364 499 4415 uteretur.
514 4366 597 4426 Quem
615 4377 662 4426 ego
684 4365 816 4416 homiuem
841 4372 934 4429 postea
957 4370 1156 4430 mirabundam,

371 4443 411 4493 sie
422 4455 506 4505 prope
518 4443 605 4491 audivi
617 4448 782 4504 narrantem,
798 4446 860 4495 nihil
878 4447 927 4497 sibi
944 4462 1057 4513 unquam
1071 4462 1156 4511 neque

371 4523 471 4581 majus,
489 4533 572 4582 oeque
597 4522 777 4574 incredibilius
800 4529 902 4585 risum,
923 4541 1002 4590 qnam
1023 4528 1156 4591 quomodo

370 4598 526 4649 Laurentius
543 4603 683 4658 constans,
700 4606 861 4666 paratusque
878 4606 1008 4655 adversus
1025 4612 1156 4666 mortem,

371 4682 451 4741 atque
468 4681 679 4740 imperterritus,
703 4683 730 4728 et
745 4685 951 4743 praeteritorum
976 4687 1157 4745 meminisset,

371 4761 398 4807 et
414 4757 566 4820 praeseutia
583 4756 780 4818 dispensasset,
797 4766 823 4809 et
844 4762 877 4811 de
899 4763 995 4814 tuturis
1017 4767 1079 4815 item
1097 4767 1158 4815 reli·

372 4836 520 4899 giosissime
548 4834 807 4901 prudentissimeque
833 4843 958 4893 cavisset.
986 4844 1068 4895 Nocte
1095 4845 1157 4895 dein

372 4918 456 4968 media
484 4916 651 4979 quiescenti,
678 4918 886 4983 meditantique,
913 4923 1039 4973 sacerdos
1064 4924 1157 4994 adesse

372 5010 431 5047 cum
450 5000 616 5047 sacramento
632 5000 779 5046 nunciatur.
792 4999 828 5048 lbi
840 5013 905 5050 vcro
917 5014 1060 5063 excussus,
1073 5023 1083 5045 ·
1097 5003 1159 5051 Pro·

373 5078 416 5126 cui
442 5077 526 5139 inquit
554 5090 569 5125 a
595 5088 635 5125 me
652 5076 701 5126 hoe
729 5076 811 5127 absit:
839 5081 926 5141 patior
951 5081 1039 5131 iesum
1057 5095 1158 5141 meum,

373 5161 417 5221 qui
445 5170 487 5207 me
508 5156 603 5217 linxit,
627 5158 671 5219 qui
703 5170 744 5206 me
766 5159 896 5220 redimet,
918 5161 951 5210 ad
977 5175 1061 5225 usque
1082 5162 1158 5213 cubi·

373 5236 527 5286 columboe
554 5236 656 5285 venire:
673 5237 756 5287 tollite
778 5237 838 5288 hinc
860 5240 972 5290 obsecro
999 5254 1041 5291 me
1065 5255 1160 5305 qnam·

374 5317 505 5375 primum,
529 5316 624 5375 tollite,
641 5320 670 5365 ut
682 5313 791 5367 Domino
803 5331 938 5368 occurram
954 5340 975 5367 ι.
997 5320 1028 5370 El
1045 5334 1103 5370 cum
1121 5322 1160 5370 di-

374 5399 417 5442 cto
434 5396 577 5446 sublevans
588 5396 645 5459 ipse
666 5408 694 5447 se
706 5402 831 5459 quantum
843 5403 961 5459 poterat,
977 5405 1055 5463 atque
1072 5402 1158 5450 animo

375 5478 495 5535 corporis
512 5475 715 5526 imbecillitatem
733 5481 898 5537 sustentans,
916 5481 1157 5531 interfamiliarium

376 5566 470 5602 manus
497 5556 602 5605 obviam
621 5556 722 5607 Seniori
744 5559 776 5608 ad
798 5559 882 5608 aulam
906 5574 988 5624 usque
1016 5562 1158 5627 procedit,

374 5634 449 5695 cujus
461 5632 493 5681 ad
505 5647 587 5695 genua
601 5649 761 5699 prorepens,
779 5639 944 5703 supplexque
957 5654 986 5689 ac
1000 5642 1159 5704 lacrymans:

378 5732 387 5754 ι
407 5713 444 5763 Tu
462 5714 559 5774 inquit,
578 5716 713 5768 mitissime
730 5717 805 5780 lesu,
830 5723 856 5771 tu
880 5721 1067 5783 nequissimum
1090 5720 1159 5775 hunc

823 615 1107 680 ronrmtcaros
1129 612 1353 678 innocuum!
1375 614 1528 681 Octavi.

1905 619 2015 700 (rim)

1225 754 1297 813 ralis
1314 750 1379 835 (qui
1401 754 1545 816 intellecta
1567 765 1661 817 morte
1679 754 1830 818 Laurentii
1851 758 2018 836 praedicti,

1223 853 1356 914 cumdem
1378 854 1407 913 in
1429 872 1513 915 mene
1535 854 1687 940 visitarit),
1707 858 1810 937 deponi
1831 858 1903 919 feeit
1927 877 1945 917 a
1967 878 2018 938 pa·

1223 1131 1332 1170 servum
1351 1124 1423 1171 tuum
1441 1121 1556 1184 dignaris
1578 1124 1708 1176 inviseret
1724 1124 1766 1186 ht,
1783 1125 1849 1188 quid
1872 1125 1942 1182 dixi,
1964 1138 2021 1176 ser·

1223 1201 1310 1249 vum?
1327 1202 1406 1249 immo
1423 1212 1487 1251 vero
1505 1203 1607 1253 bostem
1623 1206 1728 1267 potius,
1753 1209 1780 1256 el
1803 1205 1915 1270 quidem
1934 1206 2021 1269 ingra-

1223 1280 1369 1337 tissimum,
1386 1281 1431 1342 qul
1466 1282 1547 1348 tantis
1569 1282 1603 1331 ab
1634 1286 1660 1332 te
1683 1285 1835 1334 cumulatus
1860 1284 2017 1345 beneflciis,

1224 1368 1273 1407 nec
1291 1358 1338 1408 tibi
1355 1358 1426 1408 dicto
1442 1372 1555 1422 unquam
1573 1362 1684 1413 audiens
1699 1363 1817 1422 luerim,
1840 1368 1869 1414 et
1885 1368 1964 1414 lnam
1980 1369 2020 1415 to·

1223 1436 1273 1485 lies
1291 1438 1454 1498 maiestatem
1466 1439 1599 1489 laeserim.
1609 1440 1684 1501 Quod
1699 1454 1748 1506 ego
1765 1445 1855 1505 perte
1871 1443 1960 1505 illam,
1974 1459 2021 1508 qua

1222 1526 1305 1575 genus
1317 1528 1394 1565 omne
1407 1517 1540 1567 bominum
1553 1521 1746 1582 complecteris,
1756 1524 1931 1584 charitatem,
1941 1538 2021 1586 quae-

1222 1607 1273 1656 que
1296 1600 1321 1645 te
1348 1596 1459 1647 caelitus
1477 1598 1510 1647 ad
1527 1612 1576 1649 nos
1593 1599 1620 1649 in
1638 1605 1735 1652 terram
1748 1602 1878 1662 deduxit,
1896 1609 2020 1655 nostrae-

1223 1687 1274 1737 que
1286 1677 1456 1727 humanitatis
1469 1678 1553 1727 induit
1565 1680 1726 1739 involueris,
1739 1696 1808 1745 quae
1821 1683 1924 1733 samem
1935 1720 1944 1743 ,
1955 1698 2018 1747 quae

1224 1755 1314 1812 sitim,
1331 1766 1399 1818 quae
1416 1755 1520 1818 trigue,
1536 1762 1657 1819 aestum,
1678 1760 1805 1820 labores,
1820 1762 1942 1821 irrisus,
1960 1776 2019 1813 eon-

1223 1834 1362 1892 tumelias,
1379 1834 1480 1897 tlagella
1498 1840 1524 1886 el
1541 1838 1673 1900 verbera,
1694 1852 1762 1901 quae
1779 1844 1923 1903 postremo
1941 1845 2016 1893 etlam

1224 1916 1352 1977 mortem,
1369 1925 1529 1978 crucemque
1553 1916 1643 1967 subire
1668 1921 1699 1972 te¹
1721 1921 1865 1983 compulit,
1882 1934 1936 1984 per
1954 1922 2019 1972 banc

1225 2003 1272 2053 ego
1289 1994 1316 2042 te
1334 1992 1455 2043 salutiler
1470 1993 1531 2044 Jesu
1555 2008 1666 2058 quaeso,
1689 1997 1885 2062 obtestorque,
1910 2004 2016 2050 avertas

1223 2069 1317 2119 taciem
1334 2083 1349 2136 a
1365 2073 1484 2134 peccatis
1502 2075 1587 2131 meisa
1604 2078 1633 2123 ul
1650 2088 1708 2125 cum
1728 2081 1789 2126 anta
1806 2076 1932 2127 tribunal
1948 2082 2017 2129 tuum

1223 2150 1404 2211 constituero,
1421 2165 1473 2215 quo
1490 2166 1532 2202 me
1548 2152 1701 2209 iamdudum
1718 2157 1794 2206 citari
1811 2158 1896 2220 plane
1915 2163 2023 2218 sentio,

1224 2241 1276 2279 uon
1294 2242 1351 2279 mea
1367 2230 1458 2290 trans,
1475 2244 1527 2282 nou
1544 2234 1622 2295 eulpa
1638 2235 1791 2297 plectetur.
1808 2236 1860 2287 sed
1877 2240 1945 2287 luae
1964 2251 2021 2288 eru·

1224 2309 1262 2358 cis
1274 2311 1375 2359 maritis
1387 2311 1561 2362 condonetur.
1580 2313 1669 2364 Valeat
1681 2314 1707 2363 in
1724 2328 1804 2365 eausa
1829 2330 1892 2367 mea
1919 2321 2021 2381 sanguis

1224 2387 1267 2436 ille
1284 2393 1355 2448 tuus,
1370 2387 1440 2445 iesu,
1458 2390 1685 2452 preciosissimus,
1696 2404 1774 2457 quem
1793 2408 1845 2457 pro
1864 2397 2020 2446 asserendis

1225 2469 1252 2517 in
1268 2467 1417 2520 libertatem
1435 2468 1602 2528 hominibus,
1619 2472 1646 2521 in
1662 2485 1709 2523 ara
1726 2475 1770 2523 illa
1786 2474 1903 2525 sublimi
1916 2480 2019 2527 nostrae

1224 2547 1415 2610 redemptionis
1432 2550 1548 2601 eiiudisti
1563 2571 1583 2599 a.
1601 2551 1671 2601 ilaec
1683 2557 1762 2615 atque
1775 2555 1827 2603 alia
1844 2567 1908 2606 eum
1922 2556 2020 2606 diceret

1224 2626 1394 2691 lachrymaos
1405 2629 1473 2691 ipse.
1485 2629 1764 2694 lachrymantibusque
1775 2635 1822 2697 qui
1834 2633 1953 2684 aderant
1965 2638 2019 2684 une

1225 2706 1328 2765 versis,
1350 2706 1428 2768 lubet
1451 2719 1510 2757 eum
1532 2709 1637 2758 tandem
1661 2710 1788 2761 sacerdos
1811 2714 1920 2772 attolli,
1942 2718 2017 2777 atque

1224 2783 1401 2835 in‘lectulum
1426 2799 1517 2846 suum,
1544 2800 1596 2850 quo
1624 2794 1821 2841 sacramentum
1855 2793 2020 2843 commodius

1225 2863 1470 2922 administraretur,
1486 2865 1589 2916 reterri.
1606 2868 1682 2929 Quod
1697 2870 1757 2922 ille.
1781 2883 1843 2921 cum
1866 2872 2019 2936 aliquandiu

1226 2942 1356 2993 iacturum
1367 2948 1504 3005 negasset,
1523 2949 1609 2995 tamen
1621 2960 1653 2997 nc
1665 2946 1766 2997 seniori
1784 2961 1835 2999 suo
1853 2950 1927 3000 toret
1942 2952 2023 3000 miuus

1226 3020 1388 3084 obsequens,
1400 3023 1506 3073 exorari
1518 3035 1547 3074 se
1558 3036 1668 3086 passos,
1685 3027 1787 3077 iteratis
1799 3028 1927 3090 eiusdem
1940 3029 2018 3080 terme

1226 3102 1371 3149 sententiae
1388 3100 1501 3161 verbis,
1517 3114 1614 3165 corpus
1632 3114 1662 3153 ac
1678 3105 1833 3169 uuguioem
1853 3105 2019 3158 dominicum

1225 3180 1321 3241 plenus
1334 3180 1388 3239 jem
1407 3181 1576 3240 sanctitatis,
1591 3184 1620 3230 et
1635 3180 1724 3231 divina
1740 3185 1857 3246 quedam
1877 3189 2020 3249 majestate

1226 3259 1368 3315 verendus,
1385 3259 1496 3320 aceepit.
1511 3258 1576 3310 Tum
1588 3260 1721 3312 consolari
1735 3262 1840 3314 Petrum
1852 3264 1940 3316 lilium
1950 3270 2020 3328 (nam

1226 3339 1319 3402 reliqui
1341 3338 1467 3400 aberant)
1487 3351 1615 3401 exorans,
1635 3340 1718 3392 terret
1739 3354 1827 3406 aequo
1850 3346 1943 3396 animo
1971 3346 2020 3396 vim

1227 3415 1396 3465 necessitatis
1432 3413 1606 3472 admonebat,
1632 3428 1682 3465 oon
1721 3415 1876 3469 defuturum
1906 3422 2016 3471 caelitus

1225 3493 1421 3555 patrocinium,
1437 3492 1508 3556 quod
1524 3507 1557 3543 ne
1574 3494 1625 3544 sibi
1641 3495 1748 3557 quidem
1764 3510 1884 3561 unquam
1903 3502 1930 3550 in
1941 3502 2021 3551 tantis

1226 3583 1315 3621 rerum
1332 3572 1507 3634 fortunaeque
1528 3574 1702 3623 varietatibus
1721 3573 1870 3636 defuisseta
1893 3580 2018 3629 virtutem

1226 3650 1306 3701 modo
1323 3655 1351 3701 et
1368 3649 1464 3700 bonam
1482 3654 1597 3700 mentem
1614 3652 1727 3713 coleret,
1743 3652 1814 3705 bene
1830 3658 1956 3707 consulta
1975 3658 2019 3707 bo·

1225 3742 1274 3779 nos
1291 3733 1402 3779 eventus
1420 3729 1547 3791 paritura.
1564 3727 1677 3780 Postilla
1690 3733 1955 3796 contemplabundus
1973 3736 2021 3785 ali·

1226 3807 1342 3871 quandiu
1358 3808 1478 3870 quievit3
1495 3809 1611 3858 exclusis
1642 3809 1701 3858 dein
1723 3813 1822 3861 ceteris
1844 3814 1962 3865 eundem
1990 3816 2021 3864 ad

1226 3891 1356 3937 senatum
1370 3890 1459 3947 vocat,
1476 3887 1557 3936 multa
1575 3892 1673 3947 monet,
1685 3888 1765 3938 multa
1782 3891 1928 3954 praecipit.
1939 3894 2020 3943 multa

1226 3967 1337 4026 edocet,
1353 3979 1420 4029 quae
1437 3966 1553 4016 noudum
1566 3966 1637 4016 ieras
1649 3974 1816 4027 emanarunt,
1835 3970 1916 4032 plena
1933 3974 2019 4021 omnia

1227 4050 1314 4096 lamen
1327 4048 1414 4106 (siculi
1427 4045 1585 4107 audivimus)
1610 4052 1637 4094 et
1655 4047 1801 4109 sapientiae
1821 4048 2021 4112 singularis,et

1225 4126 1431 4184 sanctimoniae,
1448 4138 1560 4187 quorum
1573 4128 1660 4175 tamen
1674 4136 1753 4175 unum
1770 4126 1842 4191 quod
1859 4129 1939 4179 nobis
1951 4133 2018 4180 seire

1226 4205 1332 4268 quidem
1349 4204 1470 4264 licuerit,
1481 4204 1641 4254 adscribam.
1655 4223 1664 4246 ·
1678 4202 1756 4254 Cives
1768 4206 1863 4270 inquit,
1876 4207 1911 4256 mi
1927 4207 2018 4267 Petra,

1227 4297 1409 4336 successorem
1433 4290 1458 4334 te
1481 4298 1566 4335 meum
1590 4284 1660 4334 haud
1682 4284 1763 4335 dubie
1785 4292 1942 4350 agnoscent.
1965 4288 2018 4341 Nee

1226 4370 1314 4415 autem
1332 4376 1441 4423 vereor,
1458 4377 1491 4414 ne
1508 4378 1560 4414 oon
1577 4365 1669 4414 eadem
1688 4365 1792 4414 iuturus
1811 4366 1978 4417 authoritate
1994 4368 2018 4416 in

1225 4444 1275 4493 hac
1292 4444 1430 4506 republica
1446 4443 1502 4501 sis,
1525 4457 1577 4506 qua
1596 4456 1644 4493 nos
1662 4445 1712 4507 ipsi
1729 4443 1762 4493 ad
1778 4444 1845 4494 hanc
1864 4446 1937 4496 diem
1962 4446 2019 4496 iue-

1226 4524 1315 4573 rimus.
1333 4522 1523 4587 sedquoniam
1542 4522 1636 4573 civitas
1662 4524 1746 4573 omnis
1763 4536 1863 4588 eorpus
1881 4529 1922 4575 est
1939 4526 2019 4589 (quod

1227 4604 1311 4666 alunt)
1327 4603 1469 4652 multorum
1488 4601 1621 4663 capitum,
1647 4616 1734 4666 neque
1751 4607 1809 4653 mos
1825 4606 1883 4665 geri
1906 4605 2018 4668 singulis

1226 4686 1328 4747 potest,
1345 4686 1476 4732 memento
1497 4683 1523 4730 ln
1540 4681 1671 4738 ejusmodi
1689 4682 1868 4733 varietatibus
1885 4684 1912 4733 td
1929 4685 2019 4734 eonsi-

1227 4762 1289 4812 lium
1306 4761 1382 4826 sequi
1400 4774 1516 4823 semper,
1532 4760 1604 4823 quod
1622 4773 1683 4811 esse
1700 4774 1777 4824 quam
1794 4762 2015 4814 honestissimum

1228 4841 1367 4905 intelliges,
1378 4842 1511 4904 magisque
1523 4841 1712 4898 univcrsitatis,
1721 4854 1800 4903 quam
1808 4854 1943 4897 seorsum.
1952 4846 2019 4906 ejus·

1227 4934 1279 4982 que
1296 4924 1424 4971 rationem
1448 4919 1544 4969 habeto
1565 4942 1587 4967 ·.
1605 4920 1738 4970 Mandavit
1763 4927 1790 4970 et
1807 4921 1841 4971 de
1858 4922 1977 4983 sunere,
1993 4926 2019 4971 ul

1228 4999 1338 5057 scilicet,
1356 5000 1399 5047 avi
1411 4998 1499 5048 Cosmi
1517 4999 1650 5061 exemplo,
1664 5000 1740 5061 juxta
1753 4999 1805 5049 sibi
1823 5000 1935 5060 flerent,
1952 5002 2019 5052 intra

1229 5078 1335 5127 modum
1352 5077 1477 5128 videlicet
1501 5090 1560 5127 eum
1578 5082 1624 5140 qui
1645 5080 1751 5141 privato
1774 5082 1929 5130 conveniat.
1946 5080 2019 5131 venit

1228 5157 1289 5207 dein
1305 5156 1395 5207 Ticino
1407 5157 1523 5207 Lazarus
1540 5162 1649 5218 vester,
1668 5158 1785 5209 medicus
1801 5162 1841 5222 (ut
1852 5162 1962 5223 quidem
1982 5165 2019 5211 vi·

1228 5249 1285 5286 sum
1303 5240 1355 5295 esti
1372 5237 1636 5299 experientissimus,
1654 5240 1698 5300 qui
1715 5243 1804 5289 lamen
1822 5252 1885 5289 sero
1903 5240 2020 5292 advoca·

1230 5322 1282 5376 tus,
1299 5331 1332 5367 ne
1349 5317 1413 5380 quid
1438 5317 1607 5378 inexpertum
1626 5318 1802 5379 relinqueret,
1819 5319 2016 5380 preciosissima

1229 5397 1357 5460 quaedam
1375 5398 1483 5460 gemmis
1501 5409 1578 5446 omne
1595 5409 1694 5459 genus,
1711 5396 1914 5460 margaritisque
1926 5403 2018 5449 conte·

1229 5478 1329 5536 randis,
1346 5476 1535 5526 medicamenta
1549 5476 1677 5527 tentabat.
1695 5477 1847 5537 Quaeritibi
1859 5483 1916 5529 tum
1934 5492 1968 5530 ex
1981 5480 2018 5529 ia·

1230 5556 1375 5607 miliaribus
1387 5557 1544 5606 Laurentius
1560 5557 1624 5618 (jam
1637 5558 1704 5606 enim
1723 5557 1830 5607 admissi
1843 5558 1946 5621 aliquot
1962 5560 2017 5608 lue·

1230 5638 1329 5698 ramus)
1348 5636 1411 5699 quid
1436 5637 1480 5684 illc
1496 5638 1609 5699 agilaret
1632 5637 1767 5696 medicus,
1783 5638 1846 5699 quid
1870 5640 2016 5690 moliretur·

1228 5719 1345 5770 Caicum
1357 5732 1405 5782 ego
1418 5720 1626 5780 respondissem,
1635 5720 1765 5781 epithema
1777 5733 1836 5771 cum
1849 5722 2014 5773 concinnare.
