4492 6859
300 614 414 700 (asor)

304 762 372 823 loeo
390 758 443 819 sibi
463 756 578 830 debito,
595 756 669 818 idem
689 767 792 818 eontra
812 776 857 819 me
876 778 928 838 per
947 759 1096 820 inhoneste

305 860 396 923 verbe
409 859 556 939 prorupit,
568 877 653 919 asser·
664 877 696 919 os
710 859 803 938 ipsum
817 878 874 920 non
891 880 950 921 esse
966 860 1100 920 Patriar·

305 962 392 1024 ehem
410 959 642 1032 Antiocheuum,
661 959 708 1019 sed
730 960 874 1021 Raronem
897 961 985 1023 Urbis
1003 970 1032 1021 et
1051 978 1101 1018 as·

305 1062 453 1122 sisterrtem
481 1059 605 1139 Papae,
635 1072 788 1140 propterea
820 1080 878 1121 non
912 1061 985 1122 velle
1015 1079 1100 1121 ome

307 1162 393 1241 pati,
412 1158 490 1239 quod
521 1162 613 1239 ipsum
643 1158 679 1217 ad
711 1162 890 1221 voluntatem
921 1179 1014 1220 meam
1037 1172 1100 1219 tra·

307 1274 432 1332 starem,
447 1259 496 1320 aed
513 1260 610 1319 locum
630 1257 683 1318 sibi
702 1259 829 1321 debitum
849 1260 990 1339 assignari
1012 1260 1100 1331 velle,

308 1374 339 1424 et
357 1359 483 1440 quadiu
502 1360 631 1439 cappella
662 1358 785 1439 Papae,
814 1362 909 1440 prima
938 1361 1029 1420 berica
1062 1359 1101 1419 sit

309 1459 630 1532 Protbonotariorum,
649 1472 806 1541 propterea
824 1461 920 1538 quod,
935 1474 963 1523 et
982 1460 1021 1518 ibi
1035 1457 1100 1530 sibi,

309 1571 340 1623 et
359 1560 439 1621 socio
452 1558 677 1620 Prothouotario
694 1561 817 1640 primam
833 1560 954 1620 huncum
970 1560 1100 1637 assigna·

309 1680 391 1724 rem:
406 1661 551 1740 respondi,
563 1659 601 1720 ibi
613 1660 652 1720 eis
664 1678 720 1721 nou
730 1680 790 1722 asse
802 1663 898 1722 locum
914 1663 1101 1729 assistentiae,

311 1762 361 1824 sed
372 1760 449 1840 apud
468 1759 587 1839 Papam,
599 1772 627 1821 et
640 1762 735 1840 ipsum
754 1762 828 1824 scire
843 1762 959 1833 debere,
969 1759 1046 1838 quod
1062 1759 1100 1819 ibi

313 1872 409 1922 manet
428 1862 577 1940 episcopus
588 1860 830 1923 l'rothonotarius
841 1866 927 1923 etiam
939 1880 995 1921 non
1011 1878 1099 1940 pura·

312 1972 372 2034 tus,
392 1962 475 2039 longe
496 1960 587 2040 magis
602 1973 732 2041 paratus3
753 1964 780 2023 in
800 1965 926 2042 cappella
945 1978 1061 2022 scamna
1082 1977 1100 2018 a

312 2078 400 2121 muro
419 2062 605 2139 computari,
624 2078 707 2122 secus
726 2061 773 2123 hic
791 2072 820 2122 et
837 2061 980 2122 similibus
1008 2061 1078 2121 locis
1089 2080 1100 2132 3

309 2171 465 2241 propterea
478 2160 555 2221 hunc
568 2163 664 2221 locum
676 2162 728 2221 sibi
744 2174 907 2242 competere
922 2180 978 2222 non
993 2162 1100 2233 alivum,

312 2278 399 2339 quem
415 2262 438 2320 si
455 2262 540 2330 velit,
554 2263 599 2321 vel
615 2279 671 2321 non
690 2264 768 2332 velit,
780 2264 866 2323 faeiat
883 2265 951 2342 ipse:
967 2263 1101 2321 advertat

312 2370 409 2422 tamen
438 2361 516 2438 quod
535 2363 625 2421 alium
655 2379 711 2421 non
742 2364 885 2441 recipiet,
919 2364 947 2421 in
980 2379 1038 2438 quo
1069 2377 1101 2419 se

313 2459 407 2541 ipsura
437 2478 492 2520 non
522 2462 686 2539 vituperet:
719 2460 905 2523 Patriarchae
925 2480 970 2522 me
989 2461 1101 2520 nullam

315 2559 452 2637 injuriam
472 2564 627 2639 irrogasse,
643 2562 687 2623 vel
703 2563 843 2633 intulisse,
861 2563 909 2622 sed
930 2563 1028 2622 locum
1048 2560 1102 2620 sibi

314 2662 443 2725 debitum
462 2662 586 2722 dedisse:
607 2663 682 2724 idem
701 2675 731 2725 et
745 2665 797 2743 ipsi
816 2663 1043 2724 Prothonotario
1057 2662 1103 2722 se·

315 2764 417 2825 eissem
434 2766 535 2837 aliter,
555 2782 620 2823 nam
637 2782 764 2841 unquam
782 2784 870 2825 msem
887 2765 1020 2825 lactarus
1037 2762 1103 2822 eui-

315 2885 373 2945 que
403 2866 456 2925 nisi
485 2866 622 2925 debitum.
644 2866 747 2925 hlunsit
776 2864 817 2927 sio
848 2867 876 2925 in
906 2864 1007 2926 eodem
1039 2864 1105 2923 loco

316 2966 562 3028 l’rothonotarius
580 2979 608 3026 et
630 2986 660 3027 se
679 2966 751 3026 mihi
780 2968 904 3044 amplius
926 2982 982 3024 non
1011 2981 1105 3042 oppo-

316 3073 384 3131 suit.
403 3070 645 3149 Cappellanorum
666 3069 700 3128 R.
728 3069 763 3129 D.
783 3066 893 3147 Legata
912 3067 1105 3127 assistentium

318 3172 488 3231 indutorum
507 3170 722 3248 superpelliceis
741 3185 881 3229 numerus
902 3169 957 3228 tuit
988 3167 1106 3227 circiter

318 3288 394 3334 xtra.
422 3271 457 3331 D.
472 3274 600 3331 Alvarus
622 3270 746 3330 Garziae
765 3270 800 3331 de
820 3269 925 3331 Gorria
928 3310 1107 3329 .......

320 3370 532 3449 majordomus,
548 3382 577 3432 et
592 3370 776 3431 caudatarius
793 3389 863 3430 suus
878 3369 933 3430 luit
951 3387 1022 3429 suus
1035 3370 1108 3428 assi·

319 3486 396 3535 stens
418 3476 446 3532 in
465 3473 597 3553 pluviali,
619 3472 654 3532 de
675 3471 750 3530 libro
771 3471 823 3530 sibi
845 3471 984 3531 serviens.

361 3575 398 3635 D.
422 3574 550 3653 Rapheel
573 3573 607 3633 de
628 3572 757 3633 hathena
785 3573 932 3632 Diaconus
963 3569 1108 3650 cappellae

319 3677 380 3756 ipse
402 3675 529 3736 eunmiit
555 3673 746 3754 Evangelium
771 3684 822 3746 et,
841 3686 874 3734 ut
894 3674 1035 3745 diximus,
1056 3671 1109 3731 sibi

319 3778 449 3848 semivir,
473 3775 508 3835 D.
532 3776 691 3836 Ronolrius
713 3774 823 3835 Ricolui
843 3775 1034 3833 subdiaconus
1057 3771 1111 3830 sibl

320 3879 452 3949 servivit,
465 3874 631 3935 D.Diducus
639 3876 782 3935 Serranus
793 3876 929 3952 Scriptus·
939 3873 1111 3952 apostolicus

320 3977 442 4039 servivit
455 3975 508 4033 sibi
520 3975 554 4035 de
566 3973 705 4044 mitra,D.
715 3971 988 4032 budovicusPusnia
1000 3971 1112 4031 Caven-

323 4077 361 4136 sis
383 4075 604 4135 l'arrormitanns
619 4076 749 4154 portavit
780 4090 920 4143 erucem,
941 4071 977 4131 D.
1005 4071 1111 4131 l'etrus

322 4176 552 4239 Arrzhidiaeonus
564 4176 777 4235 delrasiamuru
786 4172 979 4233 hbbrcviutor
990 4173 1110 4234 servivit

323 4278 480 4349 deblissall
488 4278 571 4337 illum
583 4286 680 4337 tenens
691 4294 744 4335 suo
755 4273 935 4353 tenipure‚D.
944 4272 1111 4334 leonardus

323 4379 459 4459 Caponus
481 4378 635 4437 canonicus
656 4376 795 4436 Rasilicac
818 4373 959 4454 Principis
985 4377 1111 4453 Aposto-

323 4481 423 4542 lorum
456 4479 490 4539 de
524 4478 602 4541 Urbe
635 4478 756 4557 pluviali
788 4476 907 4537 indutus
938 4474 1112 4557 superpelli-

324 4584 365 4643 tio
392 4581 512 4643 servivit
545 4581 579 4639 de
612 4579 716 4637 bacuio
746 4578 883 4657 pastoraii
912 4596 998 4655 quem
1021 4594 1112 4654 usque

324 4682 362 4743 ad
389 4684 490 4760 ,dgnus
522 4679 575 4740 Dei
608 4680 710 4739 tenurit.
732 4680 813 4738 Rura
846 4679 946 4739 deinde
967 4695 1040 4740 xum.
1067 4678 1110 4738 vel

326 4782 406 4844 cirea
426 4781 487 4843 Rex
506 4799 573 4842 cum
593 4782 652 4839 suis
671 4780 859 4852 Curialihus,
881 4790 909 4839 et
929 4777 1112 4856 Beronibus,

324 4884 424 4964 pluvia
439 4882 535 4941 adhuc
549 4881 683 4952 durante,
703 4881 782 4941 veuit
800 4880 837 4940 ad
855 4880 1018 4949 ecelesiam,
1036 4886 1113 4939 veste

324 4985 419 5064 ampla
439 4983 473 5043 de
492 4983 629 5042 brocoato
648 4984 808 5043 eremesino
828 4982 917 5041 vicelo
945 4980 1114 5041 hermellino

324 5085 467 5145 subducta
485 5104 572 5164 super
592 5086 647 5143 alio
666 5102 758 5163 prnva
776 5092 853 5142 veste
872 5081 906 5142 de
921 5083 1050 5141 setonino
1069 5080 1114 5139 ni·

325 5205 382 5265 gro
409 5204 477 5246 eum
510 5185 607 5245 monili
625 5203 661 5245 ex
692 5185 784 5244 tribus
820 5185 925 5262 perlis,
957 5191 987 5243 et
1021 5180 1113 5260 lapide

325 5287 461 5366 precioso
478 5287 584 5345 valoris
599 5286 673 5345 torte
690 5288 808 5344 circiter
824 5284 1000 5344 ducatorum
1012 5299 1050 5343 vr.

327 5388 406 5466 quod
425 5389 568 5447 hrrvetum
588 5403 644 5445 non
665 5387 808 5458 mumvit,
824 5403 916 5463 usque
934 5383 971 5443 ad
991 5400 1114 5443 coronas

326 5491 533 5568 receptionem.
565 5487 649 5548 Venit
667 5486 702 5545 ad
719 5488 869 5546 ecclesiam
888 5488 967 5546 cirea
987 5485 1113 5546 medium

328 5590 413 5651 ebori
433 5590 657 5649 canonicorum:
677 5597 873 5647 occurrerunt
903 5585 929 5648 ei
959 5584 1113 5665 Atabiepi-

325 5710 430 5773 scopus
444 5691 647 5771 Neapolitanus
667 5698 697 5752 et
713 5688 885 5750 l‘atriarcha
896 5686 1113 5761 Antiocheam,

785 613 1071 681 POR'l'lFlsslTUS
1092 612 1317 676 tuuxtttuat
1338 613 1466 677 SEll'l'l.

1890 613 1954 676 309

1167 758 1218 836 qui
1240 757 1336 837 ipsum
1358 765 1549 837 receperunt,
1567 765 1597 819 et
1611 755 1813 819 deduxerunts
1832 759 1957 838 praelati

1166 858 1218 918 sibi
1247 868 1486 931 assurrexerunt,
1504 857 1571 918 lecit
1600 867 1628 918 et
1656 858 1715 938 ipse
1733 856 1796 920 Rex
1815 877 1957 919 reveren-

1167 959 1239 1030 tias,
1259 969 1288 1020 et
1308 960 1379 1020 sedit
1397 957 1482 1036 juxta
1504 959 1636 1020 ordinem
1664 961 1798 1040 superius
1833 959 1956 1021 dietum.

1166 1057 1254 1121 Lecta
1275 1060 1355 1120 bulla
1377 1080 1430 1139 per
1451 1060 1598 1120 dominum
1622 1061 1801 1141 Stephanum
1824 1061 1858 1122 de
1876 1060 1957 1121 Nar-

1167 1160 1226 1234 nia,
1246 1160 1309 1220 Rex
1328 1160 1485 1240 genutlexit
1505 1178 1594 1241 super
1616 1162 1763 1221 cussinum
1783 1180 1883 1221 coram
1895 1160 1957 1221 lae·

1166 1272 1257 1341 gato,
1290 1274 1319 1323 et
1351 1280 1368 1322 a
1395 1264 1517 1322 sinistris
1550 1261 1638 1341 Regis
1671 1262 1838 1341 genntlexus
1869 1264 1957 1324 etiam

1167 1374 1230 1424 erat
1256 1362 1293 1422 D.
1315 1363 1458 1424 lohannes
1485 1363 1631 1422 Pantanus
1659 1368 1834 1424 secretarius
1866 1382 1958 1436 suus,

1167 1464 1218 1542 qui
1235 1463 1434 1543 juramentum
1451 1484 1503 1543 per
1520 1464 1630 1543 Regem
1652 1466 1856 1544 praestandum
1879 1465 1959 1524 scri·

1167 1575 1249 1645 ptum
1271 1565 1377 1626 habens
1398 1567 1530 1625 iamenu
1551 1565 1675 1645 legebat,
1689 1577 1718 1626 et
1732 1565 1877 1645 Alponsus
1897 1564 1958 1624 Rex

1168 1666 1313 1744 repetebat
1333 1678 1361 1727 et
1384 1668 1424 1727 ita
1447 1669 1483 1727 ad
1498 1670 1681 1746 singulorum
1702 1672 1862 1729 verborum
1885 1686 1958 1746 pro-

1168 1764 1304 1827 lationem
1326 1778 1530 1846 processerunt
1552 1767 1589 1826 ad
1611 1769 1789 1846 completum
1801 1765 1958 1844 juramen·

1169 1880 1230 1928 tum
1245 1912 1254 1940 ,
1272 1877 1324 1940 et,
1348 1868 1468 1947 prolatis
1488 1888 1538 1947 per
1560 1868 1669 1944 Regem
1691 1868 1810 1940 verbis,
1831 1880 1862 1929 et
1881 1870 1958 1929 hoec

1168 1968 1288 2029 Sancta
1304 1969 1365 2029 Dei
1377 1970 1567 2052 Enunqelio,
1577 1968 1705 2050 laegatus
1720 1970 1832 2050 accepit
1846 1970 1958 2030 blissale

1167 2080 1300 2149 apertum
1314 2071 1341 2128 ln
1358 2071 1501 2141 munibus,
1513 2089 1598 2130 murru
1610 2091 1697 2151 snper
1712 2090 1804 2149 genua
1819 2088 1870 2129 sna
1886 2069 1958 2131 illud

1168 2181 1277 2241 tenens,
1290 2171 1367 2248 qnod
1383 2171 1418 2229 ad
1440 2172 1586 2233 dexteram
1607 2190 1690 2231 suam
1711 2170 1834 2231 hahebat
1849 2171 1960 2231 Cruci-

1168 2270 1258 2330 lixum
1270 2280 1336 2330 onte
1346 2291 1375 2331 se
1388 2273 1477 2350 igitur
1489 2273 1645 2353 depictum,
1657 2285 1684 2333 el
1696 2272 1732 2331 ad
1742 2274 1829 2332 aliam
1841 2289 1959 2331 manum

1168 2373 1271 2451 apponi
1295 2372 1421 2433 lecerunt
1448 2384 1582 2447 cartam,
1616 2375 1644 2433 in
1666 2392 1724 2451 qua
1745 2374 1853 2451 scriptu
1875 2384 1960 2433 erant

1168 2473 1307 2551 principia
1327 2484 1455 2550 quatuor
1470 2473 1719 2553 Evangeliorum,
1738 2474 1869 2534 videlicet
1886 2491 1961 2532 unus

1168 2573 1328 2634 seeundum
1342 2573 1501 2633 iohannem
1520 2576 1553 2633 in
1572 2575 1752 2654 principio,
1771 2585 1799 2635 et
1818 2574 1892 2634 ulter
1914 2593 1962 2634 se·

1169 2676 1296 2736 cundum
1308 2674 1468 2735 hlattheum
1489 2675 1571 2735 liber
1585 2674 1801 2756 generationis
1814 2720 1822 2745 ,
1833 2675 1888 2733 alia
1904 2674 1962 2735 duo

1170 2776 1296 2835 aliorum
1312 2772 1711 2853 duorumEvangelistarum3
1719 2793 1805 2852 super
1818 2791 1891 2850 quae
1901 2773 1962 2833 Rex

1172 2878 1270 2937 ambas
1292 2895 1394 2936 manus
1415 2894 1532 2956 ponens,
1555 2876 1686 2936 videlicet
1707 2874 1852 2944 dexteram
1874 2890 1962 2951 super

1172 2979 1346 3058 Evangelia,
1357 2988 1385 3038 et
1397 2979 1541 3036 sinistram
1554 2995 1640 3057 super
1651 2974 1840 3046 crucifixum,
1849 2971 1964 3049 juravit

1174 3098 1255 3140 more
1270 3080 1354 3139 solito
1365 3076 1421 3160 (l).
1435 3078 1510 3137 Tum
1523 3076 1650 3156 laegatus
1670 3077 1790 3136 instituit
1802 3087 1830 3136 et
1842 3074 1965 3135 investi·

1175 3182 1217 3240 vit
1229 3180 1350 3258 Regem,
1362 3198 1413 3259 per
1430 3178 1612 3237 traditionem
1631 3177 1739 3248 vexilli,
1749 3174 1783 3236 de
1802 3193 1893 3252 regno
1906 3184 1963 3233 ete.

1174 3284 1251 3343 etin
1274 3282 1353 3341 illius
1374 3283 1578 3360 possessionem
1595 3280 1688 3358 ipsum
1711 3276 1840 3348 induxit,
1864 3276 1962 3335 dicens

1171 3384 1373 3447 Auctoritulc
1399 3382 1577 3461 apostolico
1601 3390 1656 3439 ete.
1679 3378 1722 3439 De
1744 3377 1848 3456 quibus
1870 3375 1967 3437 verbis
2009 3396 2013 3402 ·

1176 3485 1272 3546 luerat
1289 3483 1333 3543 die
1350 3482 1530 3562 praecedenti
1546 3483 1631 3561 longa
1649 3482 1795 3560 quaestio:
1810 3497 1865 3557 ego
1880 3495 1965 3536 nam·

1177 3604 1233 3664 qne
1257 3586 1344 3647 verba
1363 3582 1530 3660 hujusmodi
1551 3582 1752 3661 subsequenti
1772 3592 1870 3641 tenore
1891 3595 1964 3638 eon·

1177 3706 1332 3768 ceperam,
1355 3685 1501 3747 videlicet:

1221 3813 1237 3844 e
1259 3788 1440 3848 Auctoritate
1463 3785 1626 3864 apostolica
1649 3784 1729 3842 nobis
1752 3782 1781 3840 in
1805 3781 1860 3840 hoa
1886 3790 1969 3859 parte

1178 3890 1342 3961 commissa,
1361 3907 1411 3966 per
1427 3886 1637 3966 impositionem
1650 3882 1738 3961 liujus
1756 3883 1850 3942 vexilli
1866 3883 1894 3941 in
1910 3882 1970 3940 tuls

1178 3989 1319 4060 manibus,
1336 4001 1363 4048 te
1379 3988 1415 4048 de
1430 4005 1520 4065 regno
1543 3987 1659 4046 Siciliae
1682 3987 1755 4045 citra
1778 3982 1921 4053 Pharum,
1941 3991 1971 4041 et

1180 4102 1238 4151 tota
1254 4103 1332 4150 terra
1348 4106 1421 4165 qnae
1437 4098 1479 4147 est
1494 4088 1568 4146 citra
1586 4086 1715 4144 Pharum
1730 4101 1822 4161 usque
1843 4081 1879 4140 ad
1895 4098 1971 4140 con·

1179 4191 1245 4250 linia
1261 4202 1408 4250 terrarum
1425 4188 1549 4247 Sanctae
1568 4186 1713 4246 Romanae
1733 4182 1880 4243 Ecclesiae
1897 4198 1971 4241 ver·

1179 4310 1228 4352 sus
1259 4291 1405 4350 civitatem
1427 4288 1677 4357 Beneventanum,
1700 4296 1727 4345 et
1749 4284 1812 4344 aliis
1832 4281 1971 4361 expressis

1180 4395 1208 4453 in
1231 4393 1333 4453 litteris
1355 4390 1522 4469 Apostolieis
1544 4389 1624 4448 nobis
1647 4387 1791 4456 directis,
1814 4403 1847 4444 nc
1878 4381 1973 4443 omrai·

1180 4496 1234 4554 bus
1264 4491 1382 4571 juribus
1414 4502 1443 4551 et
1474 4489 1651 4570 pertiuentiis
1683 4484 1852 4548 eorumdem
1887 4485 1973 4543 inve·

1181 4598 1310 4668 stimus,
1333 4605 1417 4672 teque
1438 4592 1465 4652 in
1488 4590 1604 4671 Regni,
1625 4599 1653 4651 et
1675 4590 1785 4649 Terrae
1806 4584 1975 4666 praedicta·

1182 4716 1271 4769 rum,
1293 4696 1421 4766 realem,
1448 4693 1653 4773 corporalem,
1675 4701 1704 4751 et
1737 4689 1880 4750 actualem
1904 4702 1973 4764 pos·

1181 4798 1334 4857 sessionem
1358 4794 1534 4864 inducimus,
1545 4793 1627 4871 juxta
1645 4791 1770 4850 lormom
1792 4800 1820 4850 et
1842 4798 1972 4847 tenorem

1183 4898 1335 4957 literarum
1363 4894 1540 4955 earumdem.
1568 4893 1600 4951 ln
1635 4890 1750 4950 nomine
1780 4887 1876 4948 Patris
1891 4930 1901 4961 ,
1923 4883 1976 4945 lilii

1181 5008 1211 5058 et
1233 4995 1360 5075 Spiritus
1382 4994 1492 5054 Sancti.
1514 4996 1605 5053 lmen
1630 5014 1656 5050 s.

1191 5140 1193 5143 .
1226 5121 1242 5152 s
1260 5096 1318 5157 Per
1331 5095 1541 5174 impositionem
1558 5088 1725 5168 hujusmodi
1743 5087 1839 5149 vexilli
1852 5086 1976 5146 Sanctae

1183 5198 1329 5259 Romanae
1351 5197 1497 5257 Ecclesiae
1519 5197 1688 5255 investimus
1711 5202 1739 5253 te
1760 5191 1795 5251 de
1815 5208 1907 5269 regno
1924 5188 1976 5249 Si·

1184 5301 1290 5373 ciliae,
1312 5311 1341 5361 et
1362 5298 1455 5360 Terra
1478 5298 1550 5357 citra
1572 5294 1705 5354 Pharum
1735 5289 1820 5370 juxta
1843 5301 1975 5351 tenorem

1186 5401 1392 5462 commissionis
1414 5397 1495 5459 nohis
1516 5399 1635 5469 larue,
1655 5407 1683 5457 et
1715 5404 1743 5454 te
1764 5395 1792 5452 in
1820 5390 1978 5471 posscssio-

1185 5520 1251 5563 nem
1279 5501 1399 5580 Regni,
1428 5509 1457 5561 et
1480 5499 1589 5559 Terrae
1609 5496 1778 5559 eorumdem
1812 5494 1979 5554 inducimus

1230 5702 1266 5763 (t)
1281 5698 1344 5749 Vide
1362 5713 1419 5761 pag.
1437 5699 1492 5749 297.
1509 5698 1556 5748 ool.
1577 5705 1595 5747 t.
