4492 6859
264 628 379 714 (uso)

307 765 391 829 Faria
401 765 537 840 4444444,
549 765 578 825 D.
593 764 719 827 octobris
736 766 824 827 lectae
846 765 963 828 luerunt
977 783 1048 826 con-

264 870 425 929 stitutiones
445 866 536 927 llotac
557 867 585 925 in
606 884 680 927 nova
698 867 840 929 audientia
870 866 946 947 apud
971 867 1050 928 hasi-

265 970 350 1030 licatn
371 966 470 1028 Sancti
490 967 580 1029 Petri.
599 967 712 1028 Domini
733 968 885 1030 Auditores
906 968 1007 1040 llatae,
1022 979 1052 1030 et

265 1070 458 1129 locatenentes
479 1080 696 1147 resumpserunt
714 1087 832 1130 44444444
849 1080 879 1130 44
899 1087 1006 1129 causas.

303 1168 391 1228 Faria
417 1168 514 1239 444444,
534 1168 564 1227 3.
584 1169 712 1230 octobris
744 1172 823 1231 circa
844 1170 946 1231 horam
972 1186 1049 1232 xxn.

263 1267 462 1328 veneruntad
482 1267 592 1329 Urbem
613 1269 648 1328 D.
670 1269 785 1330 44444444
814 1271 849 1332 de
876 1269 1049 1349 castiglione

261 1368 413 1447 episcopus
432 1366 578 1429 Cumanus
599 1368 634 1431 de
655 1370 791 1442 Triultio,
807 1382 836 1433 et
856 1371 1049 1433 (laidus-An-

261 1468 358 1530 tonius
377 1468 591 1543 Aroirnboldus,
606 1468 745 1533 Oratores
766 1473 811 1532 lli.
832 1472 922 1533 Ducis
936 1471 1049 1534 llledio·

264 1567 334 1635 lani,
345 1567 460 1646 quibus,
471 1569 506 1629 ad
523 1569 684 1631 instantiam
695 1582 723 1631 et
734 1590 834 1651 preces
850 1572 922 1633 Rev.
936 1572 1050 1633 Domini

261 1667 424 1729 cardinalis
445 1671 583 1742 Asconii,
611 1684 751 1733 venerunt
770 1674 886 1735 obviant
912 1673 1049 1751 aliquae,

264 1786 374 1846 paucae
394 1780 507 1842 tamen,
528 1758 650 1832 familiae
670 1773 835 1850 aliquorum
857 1773 893 1833 R.
914 1773 950 1834 D.
972 1771 1049 1833 Car-

263 1869 411 1942 dioallum,
428 1888 501 1948 quae
520 1889 610 1949 usque
625 1871 661 1931 ad
675 1872 829 1953 hospitium
848 1894 950 1935 eorum
967 1893 1048 1937 more

262 1968 349 2029 solito
367 1988 415 2030 eos
436 1972 626 2032 amociarunt.

303 2069 390 2131 rer-ta
411 2070 507 2141 tertia,
530 2068 579 2131 40.
600 2072 702 2133 mensis
722 2072 859 2146 octobris,
877 2085 942 2155 post
956 2093 1049 2154 pran-

261 2168 355 2241 dium,
376 2170 453 2231 venit
473 2169 509 2228 ad
529 2170 640 2233 Urbem
654 2170 689 2231 ll.
711 2171 745 2232 P.
766 2172 801 2231 D.
821 2174 969 2253 episcopos
984 2173 1049 2234 Pu·

261 2270 439 2342 teolonensis,
451 2270 560 2332 Orator
575 2271 746 2347 Ferdinandi
756 2271 844 2352 Regis
859 2272 1048 2354 Neapolitani,

261 2373 312 2449 qui
332 2370 369 2429 ah
389 2371 532 2449 aliquibus
550 2372 665 2432 lautitiis
685 2370 892 2446 cardinalium,
913 2374 1048 2453 particu-

262 2472 372 2532 laribus
382 2471 492 2545 amicis,
504 2473 713 2551 receptus-suit,
726 2484 754 2534 ct
769 2490 859 2552 usque
877 2472 913 2533 ad
928 2474 1049 2535 domum

262 2571 444 2632 habitationis
465 2589 546 2645 suae,
568 2582 600 2632 ut
621 2572 710 2632 moris
726 2584 780 2646 est,
800 2575 966 2634 associatus.

301 2671 467 2733 Eademdie
483 2673 594 2733 4444444
608 2672 682 2734 lacta
702 2684 746 2734 est
765 2674 792 2732 in
814 2673 931 2734 civitate
952 2674 1047 2751 Aqui·

261 2774 386 2845 lunense,
398 2790 485 2849 qnam
501 2771 563 2831 llex
575 2772 773 2833 Ferdinandns
787 2773 841 2833 sub
854 2791 905 2834 sna
922 2775 1046 2838 dictione

261 2871 417 2945 rehabuit,
438 2890 511 2950 quae
531 2872 613 2951 prius
633 2871 779 2935 Ecclesiae
800 2894 829 2936 se
853 2874 1046 2950 submiserat3

261 2984 291 3034 et
311 2972 476 3034 interiectus
507 2972 610 3052 est-D.
632 2973 817 3054 Vespasianus
837 2975 872 3036 de
899 2976 1047 3054 Gaglioffis

260 3073 482 3135 archidiaconus
497 3073 673 3150 Aquilensis,
694 3074 766 3136 sedis
780 3076 960 3154 Apostolicae
975 3094 1047 3154 pro·

262 3175 454 3247 monatarius,
474 3186 560 3253 caput
581 3176 665 3235 unius
686 3176 797 3255 partis,
819 3194 886 3236 cum
916 3175 1048 3255 pluribus

260 3274 443 3353 seguacibuis
479 3275 559 3347 suis,
585 3287 672 3355 prout
704 3277 832 3353 sequenti
862 3275 906 3335 die
939 3274 1047 3337 Romae

262 3387 395 3454 receptae
415 3375 515 3436 literae
535 3374 696 3436 docuerruu
717 3373 776 3458 (l).

304 3475 442 3549 Sabbata,
456 3476 507 3536 48.
526 3477 627 3538 mensis
647 3477 785 3550 octobris,
807 3488 948 3538 venerunt
965 3470 1047 3536 044-

263 3657 394 3705 boemiam
411 3660 579 3719 pervagante,
596 3656 670 3705 uberi
688 3657 817 3719 religionis
836 3656 921 3705 irnctu
940 3654 1043 3704 labora·

262 3738 309 3785 vit.
336 3735 373 3785 Ex
389 3734 505 3785 albiensi
529 3736 681 3797 episcopatu
698 3735 730 3785 ad
747 3736 898 3798 Agrienscm
915 3735 942 3784 in
963 3734 1045 3783 ’4444-

262 3815 381 3871 44444444,
397 3814 488 3864 Mathia
500 3812 658 3876 Ungarornm
676 3815 743 3877 llege
761 3818 875 3877 rogante,
892 3826 958 3862 anno
976 3814 1046 3864 4474.

263 3893 388 3943 4444444444
405 3896 466 3949 444,
483 3896 508 3940 44
525 3895 593 3941 4477.
609 3891 754 3941 Cardioalis
778 3892 946 3941 renunciatus
970 3891 1042 3940 asi·

262 3974 311 4019 444
328 3969 366 4029 1v,
383 3971 452 4018 illico
468 3969 582 4030 Legatos
599 3984 613 4018 a
631 3970 712 4019 latere
729 3972 755 4019 in
778 3971 863 4031 llegno
879 3969 1046 4032 Neapolitano

259 4050 414 4111 designatus
435 4051 492 4104 est,
508 4051 534 4095 44
552 4061 658 4097 munera
684 4049 875 4110 quamplurima
900 4048 976 4099 laude
993 4062 1044 4099 ex·

260 4129 354 4189 piavit·
371 4151 402 4163 -
417 4126 552 4186 hungarici
569 4126 685 4176 historici
703 4128 773 4176 illum
790 4128 822 4177 de
840 4126 994 4186 ambitione,
1011 4131 1037 4177 et

261 4207 296 4256 do
314 4206 381 4254 iasto
398 4205 488 4253 verbis
505 4205 666 4266 gravissimis
691 4205 867 4267 increparunt.
888 4205 935 4254 444
958 4217 1044 4255 44444

262 4284 428 4347 septuaginta
444 4296 525 4345 genus
541 4295 615 4333 suum
633 4283 752 4333 omnibus
769 4285 880 4343 reticuit,
896 4285 979 4334 donec
994 4282 1042 4331 Bn-

261 4365 357 4414 noniae
384 4363 409 4411 in
436 4361 567 4414 Nicolaum
585 4363 742 4425 llangonium
759 4362 895 4421 incidens,
919 4363 989 4411 illum
1012 4374 1045 4412 ex

262 4443 416 4506 improviso,
432 4444 522 4503 utpote
539 4442 647 4492 fratrem
665 4442 795 4500 salutavit,
807 4446 833 4490 et
850 4441 986 4504 amplexus
997 4446 1044 4490 est-

261 4521 332 4572 llaec
349 4522 403 4570 tere
420 4534 511 4570 omnes
529 4522 640 4570 44444444
658 4519 835 4569 Cardioallum
852 4524 982 4569 auctores·

300 4602 351 4652 Sed
367 4601 452 4663 Scipio
467 4600 548 4651 llatlei
565 4601 682 4659 (Verona
702 4599 839 4656 illustrata,
853 4602 921 4661 port.
936 4599 966 4649 ll.
983 4609 1043 4659 pap.

262 4680 338 4739 434.)
364 4681 539 4730 narrationem
567 4682 657 4741 utpote
682 4679 825 4730 fabulosam
851 4677 989 4740 repudiat.
1016 4679 1043 4726 et

260 4759 406 4823 Waddiogo
426 4759 459 4807 ob
476 4758 655 4808 credulitatem
674 4757 776 4807 irridet.
790 4756 821 4806 Et
846 4758 919 4805 corta
941 4758 981 4803 cst
1004 4754 1045 4803 io·

261 4836 387 4886 credibile
414 4835 560 4886 Pontificem
578 4836 611 4885 ad
626 4836 818 4885 cardinalatum
844 4832 971 4882 extulisse
1000 4832 1043 4881 ho·

262 4916 357 4964 minem
374 4916 449 4975 cuius
467 4914 635 4977 ignorabatur
652 4914 724 4977 origo
742 4918 768 4963 et
785 4913 889 4963 44444444.

302 4995 395 5044 Frater
411 4995 550 5043 casimirus
566 4993 599 5043 de
615 4994 706 5052 Roma,
723 4996 815 5043 auctor
839 4993 927 5053 operis
948 4991 1044 5042 444444-

260 5076 314 5124 4444
334 5073 451 5123 ictericiae
473 5072 537 5123 della
558 5071 646 5123 0444444
667 5085 679 5122 4
702 5073 870 5123 conveniadt
897 5071 994 5123 nracut
1018 5071 1045 5121 di

262 5154 348 5212 444444,
362 5165 422 5215 pop.
439 5154 492 5202 346.
509 5154 572 5213 stt,
585 5164 689 5200 errores
707 5152 768 5200 aiios
785 5150 921 5214 Waddiogi
939 5157 964 5201 et
981 5153 1042 5199 alio·

261 5247 319 5283 rum
348 5231 469 5283 emendat
486 5230 518 5281 de
535 5234 611 5291 hujus
628 5232 678 5279 viri
696 5233 749 5280 vita
767 5235 793 5281 44
816 5231 977 5281 muneribus.
995 5232 1043 5281 sed

261 5314 295 5362 da
312 5312 446 5361 historiola
463 5311 579 5371 originis,
592 5314 618 5359 et
629 5310 662 5360 de
678 5314 782 5374 generis
798 5315 825 5359 et
841 5310 951 5359 tamillae
969 5312 1041 5360 tarda

262 5391 472 5441 manifestatione
499 5394 592 5439 cuncta
618 5391 722 5451 penitus
750 5388 887 5440 confitetur
916 5391 1044 5453 ignorare.

261 5474 412 5531 Postremo,
427 5472 588 5522 4444444444
609 5469 726 5521 scrittori
742 5471 871 5522 4444444444
887 5473 948 5521 tom.
963 5471 1000 5520 JV.
1014 5481 1040 5531 p.

261 5554 317 5604 494.
328 5552 382 5601 294.
399 5553 453 5602 295.
471 5550 576 5600 notitias
594 5562 685 5599 omncs
698 5549 730 5600 de
742 5549 820 5600 Card.
833 5551 928 5613 atejus
946 5550 1040 5600 lamitia

262 5631 381 5682 collexit.

301 5717 340 5771 (t)
349 5712 401 5762 vid.
420 5714 532 5775 append.
543 5716 610 5763 circa
622 5712 837 5762 insurrectionem
851 5706 1025 5773 llcquilanam.

735 625 1014 694 rourutclrus
1034 625 1254 694 lllllDCEll'Tll
1272 626 1421 693 octavi.
1866 630 1906 696 79

1121 777 1197 828 tores
1220 766 1307 846 Regis
1328 767 1521 840 Francorum,
1540 780 1569 832 44
1589 770 1651 831 DD.
1674 770 1906 833 Florentinorum

1119 867 1156 926 ad
1186 866 1318 939 Urbem,
1350 868 1401 943 qui
1432 886 1448 926 4
1478 870 1701 948 particularibus
1736 870 1904 949 quibusdam

1119 967 1218 1027 amicis
1234 966 1340 1046 recepti
1358 965 1525 1040 luerunt,et
1544 987 1635 1047 usque
1655 970 1690 1030 ad
1709 970 1827 1034 domum
1848 972 1905 1033 ho-

1118 1067 1192 1148 spitii
1210 1068 1266 1140 sni,
1280 1078 1311 1127 ut
1326 1069 1416 1128 enoris
1430 1080 1485 1142 est,
1500 1069 1638 1130 nunciati.
1662 1070 1769 1132 Eadem
1786 1071 1832 1134 die
1847 1072 1902 1133 88.

1118 1166 1154 1239 D.
1173 1164 1207 1226 ll.
1226 1168 1350 1246 signarit
1382 1168 1511 1227 rotulum
1532 1170 1798 1249 expectatirarum,
1831 1190 1899 1231 cum

1118 1268 1326 1347 praerogativis
1344 1286 1397 1346 pro
1418 1268 1599 1329 444444444444
1610 1291 1620 1343 ;
1641 1288 1726 1347 quem
1748 1282 1840 1331 tamen
1862 1270 1898 1331 ll.

1117 1366 1152 1429 P.
1171 1367 1207 1429 D.
1231 1368 1378 1447 episcopus
1402 1366 1549 1429 buriensis
1567 1413 1576 1442 ,
1593 1370 1750 1443 Datarius,
1768 1372 1902 1452 pluribus

1117 1468 1216 1530 diebus
1233 1469 1274 1528 sic
1294 1471 1440 1548 signatum
1458 1468 1534 1548 apud
1552 1488 1581 1530 se
1603 1470 1732 1532 retinuit.

1159 1568 1285 1631 Sabbato
1305 1571 1334 1629 4.
1357 1568 1521 1631 novembris
1542 1570 1620 1631 eirca
1640 1570 1743 1631 boram
1757 1589 1811 1634 xv.
1823 1565 1903 1652 'por-

1118 1680 1208 1731 444444
1227 1672 1282 1731 4444
1300 1689 1406 1750 corpus
1428 1670 1473 1731 ho.
1501 1691 1556 1734 me.
1581 1672 1616 1733 D.
1634 1671 1731 1734 Lucae
1750 1673 1820 1735 beni
1845 1694 1898 1736 ro-

1118 1774 1206 1843 mani,
1226 1770 1362 1832 Gamerae
1385 1772 1563 1851 Apostolicae
1585 1773 1700 1848 clerici,
1718 1792 1751 1833 ac
1773 1774 1901 1853 ipsorum

1117 1872 1292 1933 clericorum
1316 1871 1439 1945 4444444,
1460 1872 1509 1950 qui
1528 1872 1592 1933 beri
1611 1873 1690 1935 circa
1716 1873 1820 1935 horam
1849 1894 1903 1936 ve·

1116 1991 1268 2053 sparorum
1291 1972 1366 2035 diam
1384 1974 1487 2034 clausit
1507 1984 1680 2049 extremum,
1698 1974 1734 2035 ad
1752 1974 1901 2036 ecclesiam

1115 2074 1342 2154 parroechialem
1362 2084 1419 2135 etc.

1156 2175 1240 2235 Faria
1255 2184 1369 2252 qnarua,
1384 2176 1413 2235 8.
1430 2176 1531 2236 mensis
1542 2175 1717 2248 novembris,
1730 2175 1785 2237 iuit
1799 2174 1896 2255 prima

1114 2275 1254 2356 expeditio
1271 2277 1435 2353 gratiarum
1456 2275 1711 2353 expectativarum,
1725 2287 1753 2336 44
1769 2275 1823 2335 44444
1840 2285 1900 2337 4444

1114 2376 1253 2458 expeditio
1273 2395 1328 2457 pro
1346 2374 1536 2436 familiaribus
1557 2376 1652 2456 Papae
1676 2386 1803 2450 tantum,
1826 2395 1901 2454 qna·

1115 2497 1183 2539 rum
1204 2496 1343 2540 numerus
1369 2477 1426 2537 4444
1446 2495 1489 2538 44.
1512 2478 1556 2539 444
1583 2478 1686 2551 444444
1706 2495 1772 2537 nam
1807 2476 1842 2537 ll.
1872 2478 1900 2538 44

1114 2578 1231 2641 Christo
1251 2578 1283 2637 P.
1315 2578 1351 2637 D.
1377 2576 1518 2638 lohannes
1539 2581 1686 2658 episcopus
1713 2577 1902 2639 Tornacensie

1115 2663 1216 2739 Palatii
1236 2676 1390 2758 Apostollci
1407 2676 1543 2754 lllagister
1564 2675 1685 2748 Domus,
1703 2695 1720 2737 a
1742 2695 1836 2740 mense
1857 2679 1901 2739 cl·

1116 2789 1161 2839 tra
1183 2779 1229 2839 444
1251 2779 1329 2838 44444
1349 2820 1358 2849 ,
1379 2776 1524 2837 ordinavit
1543 2777 1674 2842 rotulum
1693 2795 1747 2856 pro
1768 2778 1901 2839 omuibus

1115 2877 1325 2948 familiaribus,
1344 2876 1393 2953 qni
1415 2875 1556 2955 inprime
1578 2875 1753 2955 expeditione
1785 2874 1896 2953 hujus·

1115 2976 1192 3038 modi
1209 2977 1333 3056 expediri
1355 2976 1506 3049 deberent,
1524 2988 1552 3037 et
1575 2978 1639 3037 illos
1657 2978 1768 3038 monuit
1784 2990 1816 3038 ut
1834 2997 1900 3039 suas

1116 3078 1213 3139 literas
1233 3076 1477 3155 expectativarum
1498 3075 1585 3136 scribi
1616 3076 1742 3138 lacerent
1758 3075 1786 3136 in
1804 3077 1899 3139 forma

1114 3186 1143 3235 44
1163 3173 1273 3234 duabus
1300 3173 1390 3234 literis
1413 3194 1463 3253 per
1485 3176 1686 3237 cancellariam
1713 3179 1898 3256 apostolicam

1114 3275 1239 3356 expediri
1261 3274 1417 3347 consuetis,
1437 3284 1465 3334 et
1487 3275 1549 3335 illas
1569 3274 1621 3335 sibi
1641 3294 1731 3355 usque
1751 3277 1785 3337 ad
1801 3280 1899 3339 caleu-

1114 3376 1164 3436 das
1183 3372 1272 3452 hujus
1301 3374 1408 3435 4444444
1432 3387 1654 3455 praesentarent.
1678 3374 1758 3446 Quae
1786 3377 1899 3455 nitidem

1115 3480 1214 3538 literae
1237 3476 1289 3536 sibi
1319 3476 1361 3536 sic
1383 3487 1596 3554 praesentatae,
1624 3497 1674 3557 per
1699 3496 1766 3538 eum
1800 3478 1900 3541 missae

1112 3578 1232 3641 luerunt
1250 3578 1285 3638 ad
1308 3578 1441 3638 calendas
1460 3577 1620 3657 praedictas
1641 3580 1714 3639 citra
1728 3580 1764 3639 ad
1782 3583 1899 3643 cancel·

1113 3681 1216 3741 loriam
1236 3680 1430 3759 apostolicam.
1440 3679 1520 3740 llora
1538 3696 1605 3753 xx,
1619 3681 1664 3741 rel
1680 3681 1769 3754 circa,
1780 3682 1897 3761 singulis

1112 3780 1211 3843 diebus
1222 3782 1302 3860 paria
1318 3781 1365 3840 lite
1380 3798 1480 3840 rarum
1497 3826 1503 3840 .
1525 3824 1533 3839 .
1552 3826 1559 3839 .
1577 3779 1728 3852 44444444,
1745 3780 1829 3841 missa
1845 3781 1900 3842 do·

1114 3884 1196 3942 minis
1214 3881 1474 3941 abbreviatoribus
1493 3879 1527 3941 de
1549 3898 1637 3959 parco
1664 3878 1767 3956 majori
1793 3880 1898 3943 ibidem
2005 3883 2007 3886 ’

1114 3993 1265 4062 propterea
1285 3979 1444 4058 specialiter
1465 3978 1662 4057 congregatis,
1683 3990 1715 4038 ut
1735 3979 1799 4038 illas
1816 3978 1899 4040 vide·

1114 4092 1188 4152 rent,
1209 4079 1292 4141 etad
1313 4079 1434 4137 formam
1456 4078 1650 4139 cancellariae
1671 4076 1855 4152 reducerent,
1869 4091 1898 4141 et

1113 4181 1231 4261 singulis
1252 4177 1364 4250 diebus,
1385 4176 1440 4236 nisi
1459 4175 1553 4237 eidem
1572 4172 1611 4237 44.
1633 4177 1743 4237 Domus
1765 4181 1897 4242 remissae

1112 4280 1229 4351 suerint,
1248 4290 1275 4339 44
1290 4277 1374 4338 laodic
1401 4295 1498 4337 ornnes
1517 4277 1654 4339 collectae
1674 4279 1758 4338 simul
1780 4280 1898 4359 expedi·

1115 4394 1159 4445 tae
1181 4393 1210 4441 et
1231 4379 1392 4459 plumbatae
1414 4377 1450 4436 ab
1473 4376 1545 4437 hora
1575 4376 1775 4457 expedictionis
1806 4396 1898 4458 usque

1112 4484 1149 4542 ad
1168 4482 1269 4543 horam
1290 4480 1404 4541 tertiam
1427 4479 1521 4539 noctis
1547 4479 1591 4540 rel
1612 4480 1702 4539 cirea.
1727 4479 1846 4540 loterim
1867 4480 1896 4541 in

1113 4584 1218 4663 prima,
1234 4579 1369 4650 44444444,
1380 4590 1407 4640 44
1429 4580 1513 4638 tertia
1534 4578 1607 4638 aulis
1628 4577 1729 4639 Palatii
1742 4578 1897 4658 Apostolicl

1113 4683 1189 4763 apud
1204 4682 1235 4743 S.
1257 4681 1392 4751 Petrum,
1412 4690 1603 4757 congregatus
1624 4690 1665 4741 est
1684 4680 1823 4739 maximus
1839 4700 1897 4741 nu·

1116 4803 1212 4846 merus
1233 4780 1397 4851 curialium,
1413 4779 1615 4859 expeditionem
1635 4780 1821 4860 praedictam,
1835 4782 1896 4842 sire

1115 4902 1298 4967 processuum
1312 4881 1462 4942 decretum
1474 4880 1692 4959 expectantium.
1703 4882 1781 4942 44444
1799 4891 1895 4941 autem

1115 4988 1200 5049 tertia
1215 4982 1359 5063 praedicta
1378 4980 1555 5049 adveniente,
1569 4980 1720 5041 exiverunt
1734 4979 1767 5039 de
1782 4996 1897 5038 camera

1115 5086 1263 5167 Papogalli
1282 5083 1353 5145 Rev.
1369 5082 1396 5141 in
1407 5081 1523 5143 Christo
1543 5080 1643 5141 Patres
1663 5080 1774 5140 Domini
1790 5078 1824 5137 b.
1839 5097 1893 5137 ar·

1113 5190 1308 5267 clrieplscopus
1337 5184 1573 5252 Beneventanus,
1605 5182 1639 5240 Α.
1660 5180 1824 5250 4444444444,
1860 5177 1895 5240 44.

1112 5286 1346 5368 caputaquensis,
1367 5285 1400 5344 Α.
1421 5281 1651 5353 Tiburtinensis,
1671 5282 1705 5340 ll.
1726 5278 1896 5354 4444444444,

1114 5390 1147 5449 b.
1169 5386 1391 5467 Freguriensis,
1417 5383 1461 5443 44.
1483 5378 1745 5451 444444444444444,
1767 5379 1802 5440 Τ.
1822 5378 1899 5439 Exi-

1113 5487 1268 5560 nensis‚.ll.
1289 5482 1501 5554 castodiensis,
1521 5491 1550 5541 et
1570 5481 1604 5539 4.
1627 5480 1810 5541 Plentinensis
1834 5479 1898 5558 epi·

1112 5590 1203 5670 scopi,
1218 5598 1246 5649 44
1266 5586 1460 5665 Hieronymus
1481 5581 1625 5642 Dalbanus
1646 5580 1700 5641 88.
1721 5579 1758 5640 D.
1780 5578 1815 5641 lt.
1837 5579 1898 5639 Po-

1116 5711 1167 5773 pae
1186 5687 1368 5761 secretarius,
1380 5686 1520 5749 venientes
1538 5685 1573 5743 ad
1591 5682 1712 5765 primam
1728 5683 1822 5743 aulum
1840 5700 1892 5759 pa·

1826 6028 1831 6037 .
