4492 6859
303 624 344 690 70
432 693 439 705 ,
780 619 1062 686 PONTlFlGATUS
1082 620 1303 686 thOCENl'll
1321 622 1473 686 ociori.

298 760 379 826 illam
399 758 504 848 {inmiti
522 757 626 824 Dellini
644 757 792 838 praedicto
809 756 892 837 justa
911 759 1017 821 lectam
1032 777 1087 837 pe-

299 861 419 934 nulleao,
437 860 533 922 diceus
553 878 588 921 ex
609 857 685 920 libro
707 857 815 919 rerba:
835 855 953 937 Accipe
970 857 1086 918 Rosam

298 970 377 1033 etc,
397 971 486 1039 prout
509 958 537 1020 in
558 957 769 1020 caerimoniali.
791 955 964 1029 Quasnam,
984 955 1086 1019 Comes

296 1062 443 1122 osculatus
460 1072 503 1122 est
521 1077 641 1120 menum
662 1058 768 1139 Papae,
789 1076 846 1118 aon
867 1056 990 1137 pedem,
1018 1059 1085 1135 quia

296 1162 426 1240 cooperti
459 1169 543 1222 eraut
572 1160 657 1239 pedes
684 1158 790 1237 Papae.
826 1157 953 1220 Recessit
987 1156 1086 1220 deinde

295 1260 397 1322 Comes
417 1273 532 1322 etcum
554 1280 593 1321 eo
614 1260 781 1322 cardinales
802 1277 917 1332 omnes,
934 1260 983 1338 qui
999 1260 1086 1319 etiam

296 1363 390 1441 ipsum
405 1362 479 1421 inter
501 1360 611 1439 primos
627 1360 701 1420 duos
715 1358 858 1420 Diaconos
876 1358 1040 1420 Cardinules
1056 1359 1085 1418 in

298 1462 400 1522 ultimo
426 1461 491 1521 loco
512 1462 688 1538 equitantem
710 1479 792 1521 more
809 1462 917 1532 solitu,
938 1460 1085 1539 usquead

297 1560 415 1622 ιΙοιιιιιιιι
427 1578 496 1621 suae
507 1559 702 1635 habitationis,
721 1560 853 1622 videlicet
871 1562 1011 1640 palatium
1023 1560 1085 1623 Ur·

296 1664 425 1724 sinorum
446 1663 475 1722 iu
496 1659 606 1742 &napo
625 1661 747 1735 Florae,
767 1664 958 1723 associarunt.

339 1762 424 1823 Nerio
447 1761 558 1844 quinta,
579 1778 636 1824 vri.
659 1761 727 1823 dicti
754 1761 857 1826 mensis
877 1762 977 1841 aprilis
993 1766 1087 1822 intra·

297 1875 404 1926 verunt
413 1861 590 1946 Urbemper
604 1873 717 1943 portam
729 1860 866 1922 viridarii
883 1862 932 1923 la.
945 1860 1086 1923 Oratores

295 1963 386 2046 Ducis
413 1962 578 2036 Janueusis,
599 1961 631 2022 S.
660 1960 696 2021 Ι).
721 1973 820 2024 nostro
841 1960 1030 2022 obedientiam
1056 1972 1085 2022 et

293 2065 487 2126 reverentiam
516 2061 674 2124 exhibituri
714 2058 771 2131 Oui
797 2080 815 2121 a
843 2061 957 2124 lamile
986 2060 1019 2124 S.
1049 2062 1086 2122 O.

293 2165 406 2237 nostri,
437 2183 471 2224 oc
499 2163 535 2221 tt.
558 2161 596 2223 Ι).
625 2159 824 2224 Cardinalium
857 2164 965 2243 recepti
996 2173 1083 2238 suut,

296 2282 389 2344 usque
409 2264 446 2324 ad
466 2264 586 2324 doenum
605 2262 787 2340 habitationis
815 2262 901 2342 primi
921 2260 1084 2325 Oratorum

293 2365 482 2439 eorumdem,
503 2365 553 2443 qui
574 2363 733 2448 hospitatus
757 2375 800 2426 est
825 2366 855 2425 in
881 2364 967 2426 domo
995 2365 1083 2426 incidi

295 2465 409 2527 Prioris
429 2468 485 2527 viri
506 2468 635 2547 perversi
656 2466 693 2526 Ι).
714 2465 825 2530 Urbani
847 2466 882 2528 de
895 2466 992 2527 Flisco
1020 2467 1084 2545 epi·

292 2567 372 2647 scopi
391 2566 611 2650 Foroliviensis,
619 2566 659 2651 S.
675 2566 711 2628 Ι).
727 2565 762 2627 N.
778 2566 871 2647 Papae
885 2566 1084 2648 llelereodmii

292 2665 453 2746 domestici,
467 2663 624 2728 honorilice
636 2667 778 2742 associati,
794 2679 825 2727 ut
841 2669 932 2729 moris
948 2679 1000 2729 est.
1014 2667 1084 2727 Pri·

292 2784 357 2826 mus
378 2766 452 2828 inter
471 2763 612 2852 Oratores
632 2767 794 2847 praedictos
812 2779 876 2827 erat
893 2767 930 2827 Ι).
952 2769 1083 2828 Filome-

294 2870 376 2926 rinus
403 2866 438 2927 de
465 2864 708 2944 Campolregoso,
739 2865 881 2926 secundus
897 2861 1017 2928 'Hector
1049 2863 1084 2929 de

297 2967 406 3043 Flisno,
427 2966 542 3041 doctor,
563 2966 685 3048 praelati
706 2965 832 3048 episcopi
857 2966 961 3042 irater,
986 2984 1084 3028 omnes

221 3076 223 3080 Ι
297 3066 374 3128 'Nicia

332 3168 419 3230 Feria
441 3178 556 3248 quarta,
587 3166 638 3229 ΙΙ).
659 3167 764 3230 niensis
784 3168 884 3246 aprilis
905 3177 970 3247 post
992 3184 1084 3246 pron·

293 3267 373 3327 dium
388 3286 439 3347 per
450 3277 564 3347 portam
580 3266 715 3329 viridarii
729 3268 912 3328 intraverunt
928 3278 986 3328 tres
1003 3263 1084 3327 Ora·

293 3379 371 3430 tores
389 3369 474 3430 lllmi.
494 3367 583 3428 Oucis
601 3368 775 3430 Britanniae.
787 3368 904 3428 Primus
917 3368 975 3428 luit
997 3367 1033 3426 ll.
1050 3367 1082 3427 P.

292 3468 329 3530 Ι).
357 3468 503 3529 Robertus
529 3468 680 3547 episeopus
707 3467 902 3529 Trecorensis.
933 3466 1083 3529 Secundus

293 3569 329 3630 D.
353 3569 534 3648 Ouglielmus
549 3566 596 3627 Jo.
612 3565 713 3629 doctor
727 3578 759 3629 et
777 3566 867 3628 miles.
882 3566 998 3629 Tertius
1013 3568 1083 3645 qui·

293 3668 360 3728 darn
379 3666 530 3747 presbyter
548 3666 705 3727 saecularis
726 3663 854 3744 ejusdem
869 3666 961 3728 Oucis
976 3668 1004 3729 in
1019 3667 1083 3729 lio-

293 3785 377 3828 mana
398 3765 486 3828 Curia
508 3766 676 3839 solicitator,
698 3769 748 3846 qui
769 3785 786 3826 a
809 3766 924 3827 familiis
945 3767 976 3830 8.
992 3767 1028 3827 Ι).
1047 3768 1081 3831 N.

295 3868 391 3948 Papae
411 3878 440 3927 et
461 3865 660 3928 cardinalium
679 3878 747 3928 sunt
775 3868 907 3947 recepti,
931 3880 960 3930 et
991 3887 1081 3948 usque

293 3967 330 4028 ad
355 3968 509 4049 hospitium
531 3967 671 4048 praedicti
697 3966 833 4049 Episcopi
856 3966 1014 4030 honorifice
1034 3988 1084 4029 as·

292 4069 391 4129 sociati
412 4068 512 4129 ordine
533 4079 680 4130 consueto.

335 4170 422 4231 Faria
443 4170 543 4247 quinta
570 4185 637 4229 xxa.
665 4167 734 4228 dicti
763 4168 869 4230 mensis
896 4169 996 4249 aprilis
1021 4182 1085 4257 post

294 4268 460 4351 prandium,
473 4270 551 4330 eirca
564 4268 679 4337 boram,
695 4287 747 4347 per
764 4278 878 4348 portam
886 4267 1021 4330 Viridarii
1038 4270 1085 4328 in·

297 4380 450 4430 trorerunt
464 4368 574 4430 Urbem
587 4367 645 4429 duo
657 4363 797 4430 Oratores
811 4368 898 4428 lllmi.
910 4367 1086 4429 biarchionis

293 4468 508 4530 llloutislerroti.
534 4468 649 4528 Primus
671 4468 752 4552 miles
775 4479 847 4530 erat.
876 4468 1027 4550 Secundus
1047 4468 1083 4532 O.

294 4566 329 4629 N.
350 4568 442 4629 irater
462 4566 499 4630 Ι).
528 4566 666 4628 (luidonis
697 4566 800 4644 lionati
831 4567 979 4649 scriptoris
1006 4572 1085 4649 Apo·

296 4667 416 4743 stolici,
445 4668 569 4741 doctor,
598 4667 683 4728 ambo
711 4670 785 4730 laici.
808 4670 963 4730 Alamiliis
997 4667 1028 4729 S.
1049 4669 1087 4732 Ι).

294 4770 384 4831 nostri
405 4784 433 4831 et
454 4770 651 4831 cardinalium
679 4772 785 4850 recepti
817 4782 904 4844 sunt,
936 4782 965 4831 et
995 4787 1085 4849 usqne

293 4869 330 4929 od
367 4887 469 4930 eoram
507 4868 661 4949 hospitium
696 4869 796 4932 ordine
834 4881 971 4933 consueto
1005 4891 1086 4933 osso·

293 4970 369 5031 elati.

335 5069 421 5131 Nerio
441 5079 557 5146 quarta,
583 5068 633 5130 at.
661 5069 790 5150 ejusdem
815 5066 920 5131 mensis
946 5071 974 5131 io
1001 5072 1086 5132 tertia

293 5172 362 5231 aula
386 5169 491 5230 Palatii
503 5171 659 5249 Apostoliei
684 5171 761 5249 apud
787 5170 927 5232 Sanctum
954 5170 1085 5246 Petrum,

297 5270 427 5330 habitum
448 5281 492 5331 est
512 5289 564 5350 per
587 5269 619 5330 S.
639 5268 675 5330 Ι).
697 5269 730 5331 N.
760 5269 911 5352 publicum
939 5270 1087 5334 Consisto·

300 5370 379 5429 rium
407 5367 435 5428 ln
467 5387 526 5450 quo
555 5386 610 5448 aar.
633 5370 773 5433 Oratores
805 5370 966 5433 cardinalis
996 5371 1086 5450 Oucis

198 5464 202 5469 ’
295 5469 466 5544 bonensis,
493 5474 607 5532 nornine
637 5467 789 5548 ejusdem,
814 5483 843 5533 et
867 5471 1085 5535 Communitatis

295 5588 411 5644 eorum,
431 5573 636 5650 praestiterunt
657 5571 688 5631 S.
705 5571 743 5634 Ι).
755 5570 790 5632 N.
811 5573 976 5634 lnnoeentio
989 5573 1084 5653 Papae

1836 623 1947 706 (4485)

1153 777 1204 819 nos
1225 759 1324 833 decet,
1343 761 1466 822 Domino
1486 759 1611 821 Hectora
1646 759 1681 821 de
1717 760 1820 824 Plisco
1856 780 1946 822 orau-

1155 868 1182 921 te
1205 856 1266 941 (l).

1195 959 1322 1028 Sabbata
1353 976 1424 1022 xxi.
1456 960 1560 1021 mensis
1584 960 1654 1021 aneti
1681 960 1712 1021 iu
1742 979 1832 1024 mane
1867 964 1946 1024 eirea

1153 1057 1256 1119 horam
1271 1076 1328 1120 xri.
1339 1078 1390 1138 per
1402 1070 1515 1137 portam
1527 1059 1662 1120 viridarii
1677 1062 1870 1124 intraverunt
1885 1062 1946 1126 Ur·

1153 1159 1217 1221 bem
1231 1158 1267 1218 lt
1282 1157 1317 1217 P.
1331 1159 1367 1219 Ι).
1381 1158 1425 1219 lo.
1436 1160 1584 1239 episcopus
1596 1159 1826 1224 vuormatiensis
1838 1174 1872 1225 et
1883 1182 1945 1222 ma·

1152 1258 1274 1339 guillaus
1284 1259 1322 1320 Ι).
1334 1259 1500 1321 bernardus
1515 1259 1617 1321 Comes
1635 1260 1670 1322 de
1685 1260 1842 1324 Ebostausi
1857 1262 1945 1324 Pala-

1154 1362 1240 1432 tinus,
1254 1358 1338 1419 Sacri
1352 1358 1475 1419 Romani
1489 1360 1605 1439 lmperii
1623 1359 1768 1424 Electoris
1789 1360 1946 1437 Oratores,

1153 1462 1203 1541 qui
1220 1480 1238 1521 ιι
1256 1460 1370 1522 familiis
1390 1459 1422 1521 S.
1440 1460 1476 1522 Ι).
1500 1460 1534 1520 N.
1554 1472 1584 1523 et
1603 1462 1806 1524 Cardioalium
1837 1467 1947 1545 reeqoti

1152 1572 1230 1634 eunt,
1247 1571 1278 1622 et
1298 1579 1389 1639 usque
1409 1560 1447 1620 ad
1468 1560 1586 1623 domum
1607 1563 1837 1632 Alamannorum
1867 1578 1946 1628 retro

1152 1660 1293 1742 Campum
1324 1660 1430 1722 Florae
1450 1660 1479 1720 iu
1501 1680 1559 1740 quo
1590 1662 1729 1743 hospitari
1761 1665 1946 1737 voluerunt,

1152 1781 1234 1824 more
1247 1763 1332 1824 solito
1341 1763 1484 1823 associati.

1192 1863 1279 1924 Fer-ia
1307 1873 1405 1934 sexta,
1426 1878 1527 1924 xxvrr.
1559 1862 1626 1925 dieti
1658 1864 1764 1926 mensis
1785 1866 1859 1926 maii
1886 1877 1947 1944 pou

1151 1960 1306 2041 prandium
1327 1962 1363 2021 ab
1383 1973 1465 2022 extra
1488 1961 1608 2024 Pontem
1628 1963 1763 2027 ldilriutn
1785 1984 1842 2044 per
1863 1975 1946 2045 prata

1152 2073 1181 2122 et
1201 2072 1317 2141 portam
1339 2061 1474 2123 Viridorii
1494 2063 1679 2125 intraverunt
1697 2080 1751 2125 ιιι.
1775 2066 1849 2126 novi
1867 2063 1946 2127 Ora·

1152 2171 1251 2235 tores,
1274 2162 1473 2235 Venetorum,
1492 2162 1758 2237 blediolonensium,
1778 2176 1811 2227 et
1829 2166 1945 2228 Ferra-

1152 2261 1290 2322 riensium
1311 2261 1440 2334 Oucum,
1461 2275 1588 2339 quatuor
1606 2261 1763 2341 cujuslibet
1782 2265 1881 2327 Oucis
1894 2287 1946 2330 eo·

1152 2360 1306 2434 eumdem,
1337 2373 1366 2424 et
1387 2379 1455 2422 eum
1476 2363 1543 2441 ipsis
1576 2381 1650 2426 unus
1676 2366 1817 2444 antiquus
1831 2363 1945 2429 Orator

1150 2460 1239 2523 Ducis
1258 2462 1424 2537 Nediolani,
1450 2474 1479 2525 et
1502 2464 1577 2524 alius
1597 2466 1734 2543 antiquus
1754 2465 1849 2530 Ducis
1871 2469 1947 2530 Fer*

1150 2562 1294 2635 auriensis,
1316 2564 1365 2641 qui
1380 2564 1467 2628 ambo
1478 2585 1532 2629 suo
1549 2565 1651 2628 ordine
1667 2584 1735 2628 curn
1754 2568 1841 2629 noris
1859 2569 1947 2648 equi·

1152 2673 1252 2723 tarum
1261 2661 1310 2745 (Ξ)
1321 2663 1426 2741 quibus
1435 2664 1551 2726 obviarn
1566 2678 1705 2735 venerant
1716 2666 1847 2737 familiae
1861 2667 1896 2730 S.
1910 2668 1945 2729 O.

1151 2764 1241 2824 nostri
1267 2775 1296 2823 et
1324 2762 1521 2825 Cardinulium
1548 2764 1668 2826 luculliae
1679 2788 1690 2840 3
1721 2778 1751 2828 et
1780 2766 1945 2829 Cardinolis

1152 2860 1251 2922 Sancti
1271 2862 1364 2924 Marci
1384 2864 1524 2940 equitavit
1552 2885 1604 2945 per
1631 2868 1745 2930 miliare
1772 2884 1869 2934 unum
1901 2870 1945 2930 rel

1152 2965 1244 3036 circa,
1266 2964 1344 3024 ultra
1360 2975 1474 3043 pontem
1490 2967 1680 3044 praedictum,
1694 2977 1724 3030 et
1740 2966 1853 3028 familia
1869 2966 1945 3030 car·

1151 3064 1254 3124 dinalls
1280 3062 1444 3126 Parmensis
1471 3084 1562 3144 usque
1593 3066 1631 3127 ad
1656 3066 1779 3130 eundem
1804 3081 1942 3147 pontem

1151 3163 1223 3225 aliae
1253 3164 1378 3226 familiae
1402 3177 1590 3245 expectoruut
1615 3168 1645 3226 in
1672 3168 1772 3245 pratis.
1806 3168 1941 3232 Primum

1154 3264 1251 3326 locum
1284 3266 1450 3328 habueruut
1480 3264 1620 3329 Oratores
1649 3268 1783 3343 Vetteli,
1812 3271 1942 3334 medium

1153 3364 1295 3439 videlicet,
1313 3385 1329 3426 a
1345 3355 1451 3428 dextris
1470 3366 1606 3429 habentes
1624 3367 1781 3430 Oratorem
1800 3370 1944 3434 Mediolo-

1150 3466 1244 3527 nensis
1269 3477 1336 3527 eta
1362 3468 1482 3528 sinistris
1508 3468 1702 3530 Ferrariensis
1723 3468 1851 3531 Ducum.
1869 3472 1943 3535 Cum

1151 3566 1349 3645 reciperentur
1360 3584 1377 3624 a
1388 3566 1497 3626 laatilia
1510 3569 1595 3647 primi
1607 3567 1768 3630 Cardinolis
1777 3570 1942 3633 eisobviam

1152 3669 1289 3740 recalente,
1313 3666 1459 3747 respondit
1478 3685 1534 3747 pro
1549 3669 1682 3731 omnibus
1700 3670 1813 3749 primus
1829 3668 1940 3734 Orator

1150 3766 1326 3829 Venetorum
1337 3788 1348 3840 ;
1371 3785 1477 3826 cuma
1503 3768 1611 3828 lumilio
1627 3770 1744 3830 secundi
1767 3770 1942 3849 Cardinalis,

1153 3869 1264 3948 primus
1273 3864 1381 3928 Orator
1393 3866 1625 3944 Mediolanensis3
1636 3889 1702 3930 eunt
1714 3891 1732 3930 a
1742 3873 1852 3934 familia
1866 3874 1943 3935 tertii

1150 3969 1321 4042 Cardinalis,
1340 3971 1452 4049 primus
1472 3966 1582 4030 Orator
1597 3970 1812 4047 Ferrarieosis3
1834 3994 1905 4037 cum
1924 3995 1942 4037 a

1149 4067 1257 4131 familia
1268 4070 1365 4146 quarti
1386 4068 1557 4143 Cardinulis,
1572 4072 1677 4132 iterum
1698 4073 1811 4152 primus
1829 4072 1942 4140 Orator

1151 4169 1286 4244 Venetus,
1307 4169 1397 4231 etsie
1418 4171 1613 4233 continuando
1635 4182 1668 4233 ut
1689 4174 1782 4251 prius,
1803 4175 1873 4254 quia
1895 4175 1943 4237 alii

1152 4267 1291 4331 Oratores
1305 4288 1362 4331 aon
1376 4272 1585 4351 responderunt
1600 4275 1714 4351 cuique.
1729 4275 1869 4338 latrando
1881 4277 1942 4341 Ur·

1194 4507 1229 4566 (ι)
1245 4506 1394 4556 Orationem
1409 4506 1531 4557 {lectoris
1547 4508 1581 4557 de
1597 4507 1681 4557 iliaco
1691 4507 1790 4569 publici
1802 4510 1870 4567 juris
1881 4511 1942 4561 lech

1153 4584 1316 4636 Christianus
1338 4585 1419 4649 buolg
1435 4594 1443 4647 l
1457 4585 1586 4637 &otioaes
1606 4588 1743 4638 Pronnaea
1761 4587 1884 4652 Europae
1898 4603 1941 4642 eo-

1152 4666 1317 4728 rumdemque
1331 4666 1505 4716 llinistrorum
1521 4679 1552 4715 nc
1573 4667 1724 4729 lopolorom
1739 4672 1768 4717 ul
1786 4672 1809 4717 et
1824 4667 1941 4720 chorum

1151 4745 1370 4797 celeberrimorum
1388 4746 1413 4792 ln
1430 4743 1646 4808 multifaciatam
1663 4745 1771 4795 loetitiae
1790 4759 1869 4808 quum
1895 4750 1941 4798 tri·

1153 4824 1235 4874 stilico
1250 4823 1369 4881 cerbus,
1385 4835 1432 4874 nco
1447 4836 1499 4874 non
1515 4823 1573 4874 baill
1588 4837 1620 4873 cc
1639 4825 1710 4885 pocla
1726 4826 1847 4887 nepotls's,
1867 4827 1940 4877 item·

1150 4915 1200 4964 que
1230 4903 1364 4966 ltets'ps'ons's
1394 4914 1476 4951 occsa
1505 4903 1536 4953 ob
1569 4902 1667 4963 aliquot
1697 4903 1808 4954 sneocle's
1833 4905 1870 4956 od
1892 4919 1941 4956 os·

1152 4995 1217 5031 num
1239 4984 1308 5032 1716.
1332 4980 1411 5030 lutino
1437 4980 1527 5044 llapuo
1550 4981 1664 5041 babilae,
1681 4984 1703 5033 al
1719 4983 1745 5030 s'n
1760 4982 1845 5034 luccat
1862 4985 1941 5036 editae

1153 5059 1254 5121 lipsiae
1283 5062 1362 5119 1113,
1383 5060 1407 5107 in
1432 5061 1469 5109 1².
1488 5058 1537 5108 Vol.
1560 5060 1578 5109 l.
1593 5070 1652 5121 pop.
1680 5063 1719 5111 77.
1731 5062 1758 5119 l,
1775 5062 1825 5110 hoo
1843 5063 1936 5113 titulo:

1153 5137 1239 5187 Oratio
1253 5135 1382 5187 naerens
1398 5138 1489 5191 Purser.
1505 5136 1643 5188 Ganuensta
1659 5139 1815 5201 ltetpobltcoe
1824 5139 1940 5191 Oratam

1152 5216 1188 5265 od
1207 5216 1379 5266 lnnocents'um
1395 5217 1443 5267 Vlll
1462 5216 1596 5267 Summum
1624 5220 1754 5269 ltomoaoc
1776 5219 1848 5274 secte
1871 5224 1940 5274 Anti·

1152 5297 1243 5354 aldeni,
1258 5309 1313 5357 quo¹
1323 5296 1467 5361 Pontificius
1485 5298 1535 5358 s'pss'
1547 5297 1718 5350 descensioni
1732 5302 1834 5356 somma
1848 5309 1941 5365 meta·

1152 5374 1218 5426 lotus
1229 5375 1345 5435 honores,
1355 5375 1412 5426 belli
1429 5375 1455 5423 in
1472 5375 1577 5436 Tereos,
1593 5378 1679 5430 ltolloe
1688 5383 1787 5441 portem
1798 5382 1940 5448 insidentes,

1153 5453 1263 5517 prendi,
1279 5454 1372 5504 umber
1387 5466 1526 5516 suasorque
1543 5459 1586 5506 est.

1194 5535 1230 5596 it)
1253 5533 1291 5583 lie
1316 5533 1422 5583 venetis
1438 5537 1499 5596 post
1515 5547 1606 5598 pacem
1629 5536 1688 5585 anni
1705 5540 1844 5599 praeterlll
1867 5541 1938 5592 recl·

1152 5614 1255 5675 plaudis
1275 5615 1318 5665 rat
1339 5626 1392 5663 noo
1404 5650 1412 5672 ‚
1426 5618 1454 5663 et
1474 5614 1507 5665 dc
1523 5618 1634 5678 negotils
1658 5628 1740 5678 cuper
1763 5626 1938 5682 argumenta,

295 5667 411 5731 Octavo
440 5670 652 5745 obedientiam,
691 5682 778 5750 prout
815 5670 905 5735 NOOOS
940 5673 1084 5736 CNPNNN·
1116 5667 1121 5752 Ι
1152 5694 1274 5743 consulas
1291 5698 1457 5758 monumenpn
1474 5695 1500 5744 ln
1518 5695 1655 5760 appendic.
