4492 6859
294 623 353 685 isa
754 620 1038 689 PONTiFlCATUS
1059 620 1284 686 tailoclllluu
1303 620 1456 684 octavi

292 759 464 840 Magnificus
483 761 623 823 Dominus
644 762 822 842 Augustinus
846 762 881 823 de
900 763 1008 824 Vouico
1025 759 1076 844 (i)

293 862 470 936 Trivisanus,
490 863 600 925 Doctor
618 875 647 926 et
668 864 775 938 miles,
794 884 884 943 usque
902 864 938 924 od
956 864 1075 945 Capito-

292 962 362 1021 lium
384 980 489 1041 pompa
506 981 588 1025 more
609 963 693 1025 solito
714 966 878 1025 associatus.

332 1062 416 1122 Foris
438 1062 554 1139 quinta,
576 1062 711 1141 vigesima
730 1066 797 1126 dicti
819 1064 921 1125 mensis
932 1065 1075 1141 octobris,

291 1161 371 1221 illus.
403 1161 542 1223 Dominus
562 1162 687 1224 Jacobus
712 1184 747 1225 ex
768 1166 983 1227 diarcbiouibus
1015 1167 1075 1226 Be-

291 1262 425 1324 derasibm
442 1274 508 1324 ante
529 1262 631 1324 boram
654 1266 764 1346 prandii
783 1267 884 1346 babuit
903 1269 1076 1329 audientiam

291 1382 309 1422 a
332 1363 387 1423 SS.
404 1362 440 1423 D.
452 1362 499 1439 lt,
511 1364 573 1425 itit.
587 1365 649 1426 DD.
661 1366 859 1447 audegavensi
878 1380 905 1429 et
925 1370 1076 1430 Beneven-

294 1473 362 1524 tsno
381 1463 768 1540 Cordinalibus,acDomiuo
787 1469 915 1531 dobanne
937 1469 1078 1531 dlolitoris

293 1563 523 1637 Decano,Adem
541 1568 604 1647 Dry
624 1578 741 1631 cantore
762 1569 908 1632 Ecclesiae
924 1570 1079 1643 lindensis,

295 1665 340 1727 do.
359 1666 394 1727 de
420 1666 629 1747 Perrovagensi
651 1669 738 1729 nobili
760 1671 836 1731 laico
858 1681 886 1731 et
914 1690 960 1732 me
990 1690 1078 1751 proe-

294 1767 431 1839 sentibus,
444 1767 472 1826 in
493 1786 551 1845 qua
571 1768 638 1829 fecit
656 1788 778 1850 parvam
797 1772 1006 1845 orationem‚et
1026 1772 1080 1833 be·

296 1870 382 1948 nignc
402 1887 419 1928 a
439 1867 562 1929 Sanctis.
584 1867 674 1929 DN.
694 1881 827 1950 receptus
847 1882 899 1931 est.

343 1967 468 2029 Sabbata
488 1984 583 2029 xxxi.
600 1979 630 2030 et
644 1969 747 2029 ultima
762 1972 865 2031 mensis
876 1970 1011 2044 octobris,
1024 1969 1079 2030 SS.

297 2066 333 2127 D.
355 2066 392 2127 N.
414 2078 532 2146 paratus
555 2086 636 2129 more
663 2070 747 2129 solito
769 2070 846 2130 veuit
866 2070 901 2129 ad
923 2071 1080 2150 cappellam

297 2167 439 2246 majorem
465 2168 563 2248 palatii
589 2170 737 2249 apostolici
762 2170 839 2250 apud
861 2172 1000 2232 Sanctum
1021 2163 1082 2231 Pe·¹

297 2280 387 2342 mrim,
410 2270 459 2329 ubi
479 2271 609 2331 interfuit
631 2273 756 2351 vesperis
776 2272 912 2351 publicis,
934 2290 1006 2350 quas
1021 2273 1081 2333 Sua

298 2367 439 2430 Sanctitas
458 2371 581 2450 incoepit
599 2389 680 2431 more
697 2383 839 2433 consueto.
854 2374 887 2432 ln
908 2372 1012 2434 eisdem
1029 2393 1082 2434 ve·

298 2469 390 2549 aperis
410 2468 474 2529 dedi
495 2471 590 2530 locutu
605 2469 751 2550 praedicto
765 2471 925 2534 diarcbioui
942 2473 1063 2533 Badensi
1073 2518 1082 2547 ,

299 2580 328 2631 et
349 2569 378 2628 in
398 2568 499 2629 babitu
519 2571 646 2631 clericali
664 2571 812 2645 incedenti,
826 2573 854 2632 in
876 2592 992 2635 scamno
1009 2591 1082 2633 cau-

300 2669 479 2731 datariorum
494 2670 689 2732 cardinalium
708 2672 737 2733 iu
760 2675 862 2754 capite,
876 2692 964 2755 supra
985 2693 1082 2735 omnes

338 2903 373 2963 (l)
395 2904 423 2952 la
442 2901 539 2952 Codice
563 2904 711 2965 appellatur
725 2904 880 2966 Annustinns
904 2906 994 2969 Omnia
1019 2908 1084 2958 Por·

299 2981 424 3030 mannus.
436 2981 487 3030 Sed
502 2981 535 3029 de
552 2985 659 3031 nostrae
677 2982 866 3032 emendationis
883 2986 995 3035 veritato
1008 2989 1084 3036 testi-

299 3061 388 3109 monia
414 3059 522 3109 indubia
539 3060 666 3110 babemus
684 3063 708 3110 in
726 3062 835 3111 historia
852 3062 1016 3126 diplomatica
1037 3066 1084 3115 Se·

299 3142 419 3189 natorum
445 3138 527 3187 almae
543 3136 640 3197 Urbis,
657 3141 790 3189 Francisci
806 3142 910 3190 Antonii
933 3142 1023 3192 vitale.
1044 3143 1083 3194 Ex

299 3219 389 3266 multis
405 3216 614 3276 auctoritatibus,
631 3217 695 3268 baec
713 3222 814 3270 tentum
834 3221 859 3268 in
877 3221 935 3276 eius
952 3222 1020 3270 llbro
1039 3234 1084 3271 se·

299 3295 414 3359 ligimus:
428 3316 438 3338 ι
457 3296 530 3346 sotto
542 3297 630 3347 i‘aano
646 3297 743 3348 istesso
760 3300 849 3358 (litt).
866 3303 930 3349 a'tt.
943 3301 968 3349 di
980 3305 1085 3351 settem-

299 3375 348 3425 bre
366 3376 383 3424 il
400 3374 496 3424 Veneto
512 3375 633 3426 Governo
649 3378 689 3426 coi
706 3391 783 3427 nome
799 3379 825 3427 di
842 3380 965 3441 Agostino
986 3380 1085 3430 Barba·

266 3478 268 3482 ·
302 3454 376 3515 rigo,
393 3453 474 3502 ellora
491 3451 580 3514 Doge,
605 3454 731 3503 indirlzza
756 3469 790 3504 un
815 3460 901 3519 amplo
929 3466 1085 3522 passaporto

300 3531 426 3580 universis
447 3534 470 3580 ct
491 3531 597 3592 sinpnlis
615 3535 666 3579 tam
682 3533 775 3582 amicis
790 3547 866 3594 quam
882 3537 1007 3597 fidelibus,
1024 3550 1087 3599 pre·

302 3609 386 3669 gando
403 3610 436 3670 gli
453 3609 528 3680 amici
545 3622 559 3658 e
577 3611 755 3660 comendando
768 3615 791 3660 ai
812 3613 908 3663 sudditi
931 3614 980 3663 cbe
1002 3617 1084 3666 sendo

301 3714 331 3724 -
348 3688 500 3749 designatus
516 3689 605 3737 bimae
621 3687 696 3738 Urbis
716 3691 826 3740 Senator
848 3697 931 3754 spect.
948 3695 1042 3743 denotor
1059 3701 1086 3745 et

303 3779 396 3829 eques,
413 3778 442 3815 ac
460 3766 573 3816 dilectus
591 3767 658 3816 civis
675 3772 765 3819 noster
777 3770 950 3832 Difnostinns
966 3772 995 3821 de
1012 3773 1087 3821 Vonl-

303 3858 342 3904 eo,
355 3846 398 3908 qui
409 3846 435 3895 in
446 3845 655 3907 praesentiarum
673 3848 853 3909 proficiscitur
869 3849 902 3899 ad
918 3851 1015 3900 dictum
1028 3853 1085 3913 cias

303 3927 485 3987 magistratum
497 3926 571 3986 -gli
587 3928 706 3987 prastino
722 3929 793 3990 aiulo
809 3941 824 3978 e
840 3928 939 3981 favore.
952 3952 961 3971 ·
975 3934 1087 3990 varran,

301 4007 361 4053 tom.
381 4003 410 4062 ll,
431 4005 601 4065 p.ttu,t81.
623 4003 760 4065 Defuncto,
778 4020 845 4057 anno
862 4010 930 4059 fido.
942 4010 1085 4071 Augustino

301 4083 458 4145 praedicto,
474 4087 535 4145 post
559 4083 636 4133 oflicii
657 4084 827 4136 Senaturatus
849 4088 1087 4147 confirmationem,

302 4161 360 4211 Dux
375 4160 530 4223 barbarigus
549 4160 688 4212 Hermolao
711 4164 847 4224 barbaro,
868 4168 951 4229 legato
967 4167 1087 4217 Venetia·

302 4253 359 4288 riam
378 4240 411 4288 ad
425 4240 587 4300 Pontificem,
603 4240 669 4291 lilios
685 4245 826 4303 spectabitis
838 4247 940 4296 Domini
953 4246 1088 4308 Anpustini

300 4319 330 4367 de
345 4319 435 4368 Venno
450 4319 513 4368 ciuis
528 4321 608 4370 nostri
625 4319 752 4372 Tarvisini
768 4324 879 4387 defuncti
891 4329 1028 4388 postremo,
1043 4327 1088 4378 Se·

302 4398 399 4446 notoria
410 4398 510 4457 llomnc,
525 4402 700 4451 commendat.

345 4475 479 4525 Postremo
491 4491 494 4496 ’
504 4479 658 4538 sciendum,
678 4493 775 4544 corpas
797 4482 911 4531 defuncti
939 4483 1086 4533 Tarvisium

306 4555 451 4613 teselniam,
468 4560 493 4604 et
511 4556 590 4606 nobili
607 4565 776 4609 monumento
793 4560 963 4621 decoratum,
983 4561 1032 4612 bac
1048 4564 1090 4610 in·

305 4633 455 4696 scriptione:

607 4753 663 4799 unu
680 4752 793 4801 Dexiuo

325 4830 483 4875 Anausriao
499 4828 606 4877 voaico
622 4828 648 4877 v.
665 4833 691 4877 c.
708 4833 787 4879 Pauci
805 4833 832 4879 F.
849 4834 954 4880 Junrsc.
969 4835 1065 4891 Eonrrr

336 4903 466 4964 comato.
483 4909 601 4956 connais
617 4906 647 4954 ln
664 4910 756 4956 asans
772 4911 861 4957 cisra
876 4912 1052 4970 iarnnneoon

636 4995 761 5034 vrassro

350 5064 390 5113 lta
406 5066 513 5113 Parata
529 5067 639 5112 omaus
656 5066 768 5115 Manrro
784 5067 834 5122 Qut
846 5068 932 5123 Quoa.
949 5067 1043 5115 bonon

554 5144 675 5190 sauata
694 5140 847 5191 iuransser

392 5221 456 5267 aaa.
472 5222 592 5269 Arauris
607 5219 693 5269 LXlil.
710 5224 795 5268 aleas.
813 5227 850 5268 rx.
868 5223 896 5269 lt.
913 5223 991 5270 xllx.

304 5298 402 5345 senar.
419 5299 595 5347 masrsranrn
612 5302 745 5347 Francus
763 5301 852 5346 virsa
869 5298 983 5359 Qnooua
1001 5309 1087 5350 resta

305 5375 487 5426 Tenaiasvra
499 5381 573 5426 nano
584 5379 708 5426 Gaurion
724 5377 880 5427 mccccxc.
897 5381 1007 5428 Posrnr.
1025 5382 1087 5428 sax.

501 5458 643 5504 luuocarvr.
661 5453 721 5503 vill.
740 5454 818 5504 Poar.
835 5459 903 5505 iiix.

384 5533 484 5580 rannus
501 5537 640 5582 annectas
656 5535 838 5582 nrnnorraus
854 5534 878 5584 F.
894 5539 1015 5584 Prrssrar

465 5611 593 5662 lavacro
609 5613 637 5660 ln
654 5616 780 5661 taratra
797 5614 929 5664 corrone

597 5691 626 5737 li.
644 5694 675 5739 Μ.
692 5693 720 5739 ll.
738 5692 764 5739 Ν.
782 5695 805 5739 s.

1825 619 1932 703 (⁴⁴89)

1144 760 1327 822 caudatarlos
1344 758 1512 821 eorumdem
1521 756 1716 818 Diaconoram
1729 756 1931 819 cardinalium

1142 873 1170 923 et
1191 861 1332 934 medicos3
1352 859 1421 919 alibi
1441 859 1494 918 sibi
1516 869 1663 935 tamquam
1684 858 1886 920 ecclesiastico
1905 871 1933 920 et

1142 964 1257 1023 nullum
1278 961 1402 1041 gradum
1418 960 1533 1021 habenti
1552 961 1634 1020 locus
1645 963 1856 1022 convenienter
1873 961 1935 1020 dari

1142 1080 1199 1122 non
1219 1062 1475 1142 potai13secussi
1495 1062 1523 1121 in
1544 1059 1645 1120 babitu
1664 1079 1721 1122 aon
1742 1061 1879 1123 clericali
1890 1063 1936 1121 in-

1143 1163 1269 1224 aedisset.
1836 1215 1840 1226 .

1186 1263 1353 1333 Dominica,
1369 1261 1582 1340 decimaquinta
1601 1260 1668 1322 dicti
1691 1262 1799 1322 mensis
1816 1278 1938 1322 novem-

1145 1364 1215 1434 bris,
1237 1367 1265 1423 iu
1288 1380 1370 1423 mane
1393 1361 1447 1422 SS.
1469 1362 1506 1422 D.
1529 1360 1563 1422 N.
1587 1363 1739 1441 equitavit,
1759 1374 1792 1424 et
1814 1380 1884 1422 cum
1905 1382 1939 1424 eo

1146 1464 1181 1523 R.
1200 1465 1236 1523 D.
1258 1462 1416 1526 cardinalis
1438 1462 1471 1522 S.
1491 1463 1665 1535 Anastasiae,
1689 1475 1718 1524 at
1738 1464 1790 1523 alii
1808 1473 1867 1524 etc.
1888 1483 1939 1523 as-

1146 1584 1201 1643 que
1229 1565 1266 1625 ad
1292 1563 1415 1624 fluminis
1436 1564 1529 1643 ripam
1551 1563 1644 1624 Trans
1671 1563 1865 1636 Tiberinam,
1892 1564 1939 1623 ubi

1146 1667 1241 1727 navim
1274 1653 1399 1726 ascendit
1426 1665 1521 1724 iturus
1547 1662 1582 1724 ad
1612 1665 1745 1728 Hostiam
1767 1664 1939 1727 Tiberinam

1146 1786 1232 1828 causa
1253 1767 1346 1829 solatii
1368 1776 1397 1827 ct
1418 1763 1551 1826 Portum.

1187 1867 1296 1928 Eadem
1317 1867 1376 1939 die,
1394 1867 1466 1927 bora
1479 1868 1615 1946 vigesima
1630 1867 1727 1940 tertia,
1744 1866 1783 1925 lt.
1799 1866 1942 1927 Dominus

1146 1967 1304 2029 Cardinnlis
1326 1966 1477 2040 Senensis,
1498 1968 1547 2046 qui
1569 1967 1614 2027 die
1640 1967 1791 2028 undecima
1816 1968 1941 2027 anteacti

1147 2069 1309 2131 novembris
1331 2070 1395 2128 anni
1415 2068 1536 2149 proximi
1558 2066 1707 2148 praeteriti
1728 2087 1763 2130 ex
1785 2067 1873 2131 Urbe
1893 2088 1944 2129 re-

1148 2172 1241 2242 cessit,
1252 2171 1402 2230 Perusiam
1424 2172 1533 2241 iturus,
1548 2170 1596 2229 ubi
1616 2167 1743 2248 begatm
1764 2170 1943 2229 constitutus

1147 2281 1227 2342 crat,
1240 2282 1269 2330 et
1285 2270 1349 2330 inde
1363 2269 1398 2331 de
1413 2288 1506 2330 meuse
1521 2270 1635 2348 augusti
1649 2269 1694 2329 vel
1710 2271 1792 2329 circa
1807 2269 1943 2348 proxime

1148 2371 1302 2451 praeterito
1323 2371 1360 2433 ob
1389 2370 1473 2431 ferias
1498 2371 1573 2430 venit
1595 2367 1740 2442 Romam,
1768 2369 1859 2431 rediit
1877 2388 1944 2430 cum

1149 2472 1246 2551 parteis
1256 2472 1325 2544 suis,
1339 2472 1405 2550 quia
1418 2472 1488 2530 alias
1498 2472 1631 2533 omuibus
1643 2472 1828 2551 promiserat,
1841 2482 1874 2531 et
1889 2489 1943 2531 non

1148 2573 1204 2632 fait
1223 2592 1240 2632 a
1259 2591 1405 2650 qaroquam
1425 2583 1580 2651 receptus,
1601 2573 1649 2633 vel
1669 2572 1854 2643 associatus,
1875 2589 1943 2631 cum

1149 2674 1246 2733 nullus
1269 2670 1332 2750 ejus
1360 2672 1469 2733 reditus
1499 2671 1573 2733 diem
1602 2672 1822 2751 praesciverat;
1854 2690 1942 2751 quem

1149 2773 1220 2834 feria
1239 2773 1373 2846 secunda,
1385 2773 1495 2833 decima
1509 2784 1586 2833 sexta
1600 2770 1728 2850 ejusdem
1743 2772 1867 2845 mensis,
1881 2786 1944 2853 post

1149 2873 1302 2952 prandium
1337 2873 1488 2933 visitarant
1518 2874 1614 2951 primo
1635 2872 1812 2943 Aleriensis,
1841 2873 1944 2934 deinde

1150 2972 1289 3054 Neapolit.
1311 2974 1396 3034 Feria
1415 2974 1510 3045 tertia,
1522 2975 1688 3036 diedecima
1710 2976 1944 3054 septima,etiam

1151 3086 1213 3154 post
1234 3074 1397 3154 prandium,
1420 3074 1563 3149 Sabellus,
1587 3075 1745 3148 dantiensis,
1759 3076 1795 3137 de
1809 3076 1898 3138 Faxo
1918 3090 1944 3139 et

1150 3176 1365 3239 Beneventanus
1381 3178 1431 3256 qui
1451 3181 1610 3239 successive
1639 3188 1780 3239 venerunt
1796 3223 1805 3251 ,
1819 3191 1853 3240 et
1873 3180 1945 3240 insi·

1152 3280 1214 3339 mul
1236 3297 1333 3340 omnes
1356 3290 1553 3352 recesserunt,
1574 3279 1637 3338 aliis
1658 3277 1758 3338 diebus
1786 3279 1945 3341 visitarunt

1151 3380 1257 3459 ipsam,
1278 3391 1306 3440 et
1326 3380 1375 3440 alii
1387 3380 1504 3457 quidam
1525 3378 1702 3451 cardinales,
1722 3381 1797 3441 inter
1820 3400 1897 3459 quos
1917 3394 1944 3445 et

1152 3481 1313 3542 Cardinnlis
1340 3481 1438 3541 Sancti
1460 3481 1551 3542 blanci
1579 3484 1662 3542 venit.
1693 3480 1780 3543 Card.
1811 3481 1944 3544 Senensis

1152 3583 1270 3661 siugulis
1291 3582 1406 3641 obviam
1430 3581 1555 3644 venitin
1577 3584 1713 3644 mantello
1742 3581 1830 3644 brevi
1856 3602 1942 3663 super

1153 3683 1316 3743 rochettum
1333 3694 1364 3742 et
1384 3682 1507 3762 desuper
1524 3682 1702 3763 cappucoino
1723 3694 1752 3743 et
1773 3701 1877 3744 omnes
1891 3684 1940 3744 de·

1153 3802 1259 3864 ponere
1279 3782 1349 3844 fecit
1372 3801 1475 3863 cappas
1497 3802 1563 3843 cuni
1585 3803 1619 3844 ex
1640 3802 1716 3862 equo
1727 3784 1942 3857 descenderent,

1156 3888 1200 3947 vel
1222 3885 1435 3965 cumprimum
1459 3886 1521 3945 illos
1542 3884 1693 3964 reciperet,
1708 3885 1942 3966 exceptoCardi·

1153 3989 1216 4048 nale
1239 3986 1338 4047 Sancti
1359 3985 1524 4064 Merci,qui
1540 4004 1658 4065 cappam
1681 3986 1826 4048 dimittere
1850 3988 1941 4049 noluit

1154 4108 1245 4169 usque
1262 4091 1290 4149 in
1305 4105 1448 4150 cameram
1468 4086 1638 4160 cardinalis,
1653 4087 1716 4161 ubi,
1728 4105 1785 4148 uon
1799 4089 1937 4168 primam,

1157 4190 1302 4271 deposuit,
1326 4200 1436 4250 retento
1457 4188 1593 4249 continuo
1610 4189 1744 4249 mantello
1762 4207 1815 4267 pcr
1837 4187 1939 4249 Cardi-

1153 4294 1247 4352 nulem
1269 4291 1431 4351 Seneusem.

1198 4392 1282 4452 Feria
1297 4403 1412 4469 quarta,
1429 4392 1539 4452 marna
1557 4402 1659 4451 octava
1681 4390 1750 4451 dicti
1770 4392 1874 4451 mensis
1889 4408 1940 4451 no·

1157 4492 1292 4565 vembris‚
1301 4491 1366 4553 ·SS.
1387 4492 1423 4551 D.
1441 4492 1475 4553 N.
1488 4512 1521 4553 ex
1538 4491 1638 4552 Hostia
1650 4504 1678 4553 et
1690 4492 1782 4552 Poriu
1795 4492 1940 4564 Tiberino,

1156 4595 1204 4653 ubi
1226 4613 1311 4656 eausa
1328 4594 1420 4654 solatii
1441 4593 1507 4666 fuit,
1526 4594 1610 4654 rediit
1630 4593 1658 4651 in
1681 4594 1763 4664 navi,
1778 4603 1807 4654 et
1822 4612 1894 4653 cam
1909 4612 1941 4654 eo

1156 4694 1220 4755 RR.
1259 4693 1321 4755 DD.
1349 4693 1514 4755 Cardinoles
1536 4694 1815 4768 vicecancellarius,
1845 4694 1941 4754 Sancti

1159 4795 1240 4858 Petri
1266 4796 1302 4854 ad
1327 4795 1473 4866 Vincula,
1499 4794 1733 4874 audegavensis,
1758 4807 1788 4856 et
1819 4791 1942 4855 Sanctae

1158 4898 1343 4968 Anastasius,
1364 4906 1392 4957 et
1416 4896 1534 4975 praelati
1555 4898 1759 4973 quamplures3
1788 4896 1941 4974 prandium

1154 4998 1224 5060 fecit
1235 4999 1302 5059 nilo
1321 4997 1481 5079 Manliano
1494 4994 1550 5079 (D),
1562 5009 1589 5056 et
1600 4997 1699 5057 deinde
1721 4997 1749 5056 in
1766 4996 1942 5058 navieadem

1158 5101 1233 5160 venit
1254 5097 1399 5175 usquead
1424 5098 1518 5175 ripam
1544 5097 1788 5159 Transtiberinam
1818 5096 1871 5157 abi
1888 5096 1943 5159 de·

1157 5199 1266 5260 scendit
1286 5217 1319 5260 ex
1341 5216 1413 5258 nave
1423 5241 1433 5270 ,
1451 5198 1578 5257 ascendit
1596 5216 1724 5276 equium,
1742 5209 1771 5259 et
1791 5197 1877 5259 rediit
1906 5198 1942 5257 ad

1161 5300 1296 5381 palatium
1318 5316 1402 5359 suurn
1426 5297 1502 5377 apud
1523 5297 1661 5359 Sanctum
1683 5299 1813 5360 Petram.

1197 5403 1282 5463 Feria
1302 5413 1389 5472 sextu,
1409 5398 1545 5479 vigesima
1561 5401 1627 5461 dicti
1648 5400 1749 5461 mensis
1766 5399 1944 5474 novembris,

1157 5502 1192 5562 it.
1213 5501 1248 5562 D.
1272 5501 1433 5563 Cardinalis
1467 5502 1597 5563 Senensis
1628 5514 1692 5561 ante
1711 5501 1813 5562 borona
1839 5502 1943 5563 Consi·

1196 5688 1230 5747 (2)
1246 5682 1418 5733 Latifandium
1436 5682 1460 5731 V.
1480 5684 1580 5732 milliar.
1600 5680 1632 5730 ab
1645 5679 1712 5731 ilrbc
1729 5681 1836 5732 distans.
