4492 6859
296 619 406 707 (arnt)

299 759 371 836 quia
392 768 420 820 et
440 756 489 817 alii
503 752 605 835 tegra
624 755 667 816 sic
688 756 784 819 iacere
802 768 1024 819 consueverunt.
1043 789 1085 801 -··

296 858 457 920 videantur
478 857 573 915 omnia
591 867 758 934 paramenta
777 855 956 918 Pontificalia
978 868 1007 918 et
1026 855 1084 919 Re·

299 956 388 1034 galia.
410 987 449 1001 -
471 954 646 1015 Faldistoria
679 954 737 1016 duo
770 960 830 1018 sine
861 957 991 1018 scabellis
1017 976 1084 1017 curn

296 1074 404 1125 ,eorum
437 1055 578 1127 cussinis,
605 1065 634 1115 et
654 1056 805 1135 coopertis.
826 1088 864 1101 -
885 1055 974 1116 aliud
1000 1057 1086 1117 altius

300 1174 367 1215 cum
389 1154 537 1227 scabello,
556 1164 586 1214 et
605 1155 727 1215 cussinis
745 1154 867 1227 duobus,
897 1172 952 1234 pro
974 1157 1086 1216 carries·

299 1257 380 1317 sione
410 1254 483 1333 Regi
505 1254 643 1315 serviens.
665 1288 705 1302 -
723 1254 877 1315 Arisentur
900 1263 1031 1315 cantores
1051 1255 1087 1317 de

301 1356 387 1415 blissa
416 1354 544 1433 Spiritus
577 1353 677 1414 Sancti
699 1353 840 1427 dicenda,
872 1365 901 1416 et
934 1354 1013 1432 quod
1033 1374 1087 1434 pro

302 1455 422 1517 laetania
445 1453 519 1514 duos
540 1454 685 1533 deputent.
706 1487 742 1499 ·-
767 1454 911 1516 Pluuialia
932 1455 997 1516 alba
1019 1473 1086 1515 cum

299 1556 399 1628 stolis,
423 1554 534 1614 amictis
560 1566 590 1615 et
611 1554 819 1633 superpelliciis
849 1556 889 1616 ita
910 1556 989 1634 quod
1017 1557 1086 1636 pul·

298 1654 417 1715 citriora
439 1655 574 1734 praelatis
595 1673 663 1715 cum
684 1653 795 1734 Legata
816 1656 995 1718 venientibus
1019 1674 1086 1716 mu-

300 1768 442 1830 tuentur,
462 1759 614 1820 videlicetc

340 1859 567 1941 archiepiscopo
588 1861 757 1922 Patracenai
778 1871 808 1924 et
838 1860 985 1941 Episcopo
1007 1861 1086 1923 Tor·

296 1961 414 2021 cellano
445 1992 486 2005 -·
513 1960 658 2041 Episcopo
688 1961 850 2041 Seguntino
871 1996 911 2009 -
942 1961 1086 2041 Episcopo

294 2059 470 2122 Cotronensi
488 2093 527 2106 -·
549 2061 694 2143 Episcopo
724 2063 835 2123 Nolano
871 2094 908 2109 -
941 2064 1086 2143 Episcopo

295 2159 449 2222 Cannensi
470 2194 509 2208 ·-
530 2162 674 2244 Episcopo
693 2165 934 2243 Montispiiosi—
951 2161 1007 2243 (lli
1028 2164 1086 2225 duo

298 2261 391 2321 ultimi
414 2279 474 2324 non
494 2275 635 2324 venerunt
647 2264 668 2346 l.

340 2363 549 2423 baldachinum
571 2381 626 2442 pro
647 2363 750 2444 Rege,
771 2366 857 2426 Missa
878 2363 982 2440 finita,
1004 2376 1085 2427 extra

299 2472 415 2540 portam
430 2463 574 2523 ecclesiae.

342 2561 503 2624 Portitores
514 2563 691 2638 baldachini,
702 2577 731 2627 et
742 2576 847 2628 mutae.
865 2598 901 2611 -
918 2565 1020 2645 Equus
1032 2584 1087 2646 pra

301 2661 385 2742 Rege·
412 2675 542 2724 ornatus.
564 2695 603 2709 -
625 2662 684 2734 Qui
713 2685 822 2745 equum
843 2665 931 2746 Regis
961 2667 1085 2729 babeant

300 2763 435 2825 dextrane
465 2774 495 2826 et
525 2775 632 2826 mutae.
654 2797 694 2811 -
715 2767 827 2838 Panni,
860 2778 889 2829 et
919 2770 1000 2848 palea
1032 2788 1087 2850 pro

299 2866 420 2925 ecclesia
432 2908 442 2939 ,
463 2866 572 2939 altari,
593 2877 622 2927 et
643 2867 792 2941 thalamo,
814 2870 935 2948 pallium
956 2888 1013 2949 pro
1041 2872 1086 2931 al-

302 2965 473 3026 tari-Per
492 2985 578 3045 quam
599 2967 676 3027 riam
694 2979 722 3029 et
736 2987 795 3046 quo
805 2969 867 3031 Rex
884 2971 984 3033 debeat
1001 2974 1086 3049 equi-

301 3078 363 3128 tare
383 3077 448 3146 post
469 3070 694 3130 coronationem.
717 3103 758 3114 -
780 3069 886 3132 Omnia
918 3084 1086 3151 paramenta

298 3168 479 3230 Pontificalia
494 3180 523 3231 et
544 3188 599 3250 pro
617 3170 757 3231 ministris
773 3182 803 3232 et
820 3172 1026 3233 assistentibus.
1047 3206 1084 3218 -

300 3269 426 3330 Scamna
454 3288 508 3350 pro
540 3272 734 3349 praelatis-
759 3270 994 3334 Oratoribus-
1024 3272 1087 3334 No·

300 3370 408 3431 bilibus
420 3383 450 3431 et
460 3372 630 3433 Beronibus.
654 3404 693 3419 -·
707 3372 889 3453 lleputentar
912 3373 970 3433 duo
991 3372 1081 3434 Nobi·
1106 3409 1109 3418 ·

301 3471 341 3533 les
362 3473 413 3550 qui
431 3473 545 3551 singula
576 3474 641 3535 loca
659 3476 801 3552 assignent
830 3493 865 3535 aa
884 3476 1082 3536 commissione

301 3571 390 3652 Regis
410 3584 467 3634 etc.
491 3603 531 3618 -
550 3572 649 3635 bocus
672 3593 727 3655 pro
748 3575 938 3649 cantoribus,
968 3585 997 3637 ct
1015 3576 1086 3655 pul-

299 3675 396 3752 pitum
420 3693 475 3753 pro
497 3674 581 3735 libro.
603 3706 643 3721 -·
665 3675 732 3735 Duo
752 3675 875 3737 scabella
899 3676 999 3736 viridia
1033 3694 1087 3754 pro

300 3777 441 3853 praelatis
471 3775 545 3854 Regi
574 3775 775 3836 assistentibus.
809 3810 849 3821 -
880 3775 968 3836 atiud
997 3777 1087 3838 simile

300 3893 356 3954 pro
371 3874 447 3932 libro
462 3874 599 3934 laetaniae
613 3875 735 3954 desuper
753 3875 1087 3955 ponendo—Cooperta

298 3992 354 4053 pro
383 3971 546 4032 Pontificali
572 3992 624 4051 per
641 3972 789 4053 aegaeum
818 3975 923 4035 utendo
958 4007 994 4017 —
1029 3974 1087 4043 Qui

304 4072 456 4133 brachium
471 4084 500 4134 et
512 4074 654 4151 spatulam
668 4072 755 4152 Regis
769 4075 876 4154 possint
894 4074 929 4136 de
941 4075 1019 4135 sacili
1035 4075 1088 4136 de-

305 4182 404 4252 tegere
422 4184 450 4233 et
472 4174 582 4234 nudare
603 4192 658 4252 pro
678 4176 812 4236 unctione
830 4175 969 4236 iacienda.
1043 4209 1053 4225 ι

343 4275 506 4347 bombacis,
524 4284 553 4335 et
572 4276 750 4354 pannicellus
765 4295 818 4355 pro
837 4276 970 4337 unctione
990 4277 1087 4356 ligan-

300 4378 347 4436 da.
362 4409 403 4420 -
415 4376 547 4436 Hostium
562 4378 701 4439 ecclesiae
717 4384 746 4437 in
766 4397 848 4440 mone
863 4378 1016 4441 antediem
1032 4396 1087 4438 cu-

300 4478 455 4540 stodiatur.
476 4509 513 4521 -
540 4478 721 4557 Deputentur
752 4480 803 4558 qui
832 4479 966 4540 locandos
991 4480 1086 4539 iutro-

299 4581 439 4654 mittant,
465 4591 494 4640 ct
519 4591 673 4641 serventur
699 4584 794 4641 omnia
828 4583 891 4641 loca
923 4581 1006 4641 chori
1032 4598 1085 4660 pro

301 4680 462 4741 curialibus
480 4679 568 4759 Regis
593 4696 660 4739 cum
679 4680 759 4761 Rege
781 4683 976 4756 venientibus,
992 4693 1021 4741 et
1047 4683 1087 4741 ita

301 4782 471 4842 ordinentur
491 4778 703 4860 quod‚11egato
718 4793 831 4861 parato,
846 4794 1000 4860 antequam
1021 4783 1087 4842 offl-

302 4883 380 4941 cium
398 4882 588 4942 coronationis
604 4882 738 4962 incipiat,
757 4883 853 4944 omnia
880 4884 944 4943 loca
965 4883 1019 4944 sint
1039 4881 1088 4941 di-

301 4982 425 5042 stributa
448 4993 476 5042 et
506 4995 664 5062 occupata,
689 5001 723 5044 ac
752 4984 847 5045 omnia
874 4986 903 5043 in
925 4986 1028 5063 quiete.
1048 5014 1086 5031 ·-

300 5084 483 5163 Deputentur
502 5084 591 5161 aliqui
613 5083 726 5146 Nobiles
746 5086 807 5164 qui,
825 5083 937 5165 Legato
951 5086 1087 5159 intrante,

301 5183 415 5246 Nobiles
429 5196 459 5246 et
478 5185 605 5247 barones
623 5185 822 5267 Neapolitanos
840 5197 869 5247 et
884 5188 956 5247 allos
971 5188 1087 5261 iaciant,

303 5286 503 5346 commissione
522 5286 620 5365 Regis,
641 5305 696 5348 suo
718 5289 819 5350 ordine
834 5287 930 5349 debito
944 5288 1087 5366 equitaret

303 5386 454 5459 scutiferi,
476 5397 505 5448 et
523 5386 631 5447 familia
652 5386 755 5467 legati
770 5390 810 5449 sit
835 5389 995 5450 immediate
1021 5400 1086 5449 ante

301 5487 428 5548 barones
444 5520 484 5533 -
501 5485 668 5568 Responsio:
683 5488 754 5549 ltaec
767 5490 863 5550 omnia
879 5489 1086 5551 commiserunt

302 5586 339 5646 R.
358 5586 394 5646 D.
413 5587 493 5648 ,lulio
510 5587 645 5668 episcopo
664 5588 829 5669 Tropiensi,
846 5589 984 5652 Sereniss.
997 5588 1085 5669 Regis

302 5689 470 5769 cappellano
480 5688 584 5767 majori
594 5688 699 5752 ibidem
717 5696 873 5771 possenti,
884 5709 940 5755 una
959 5709 1028 5756 cum
1043 5690 1086 5753 eis

762 619 1044 687 marmeians
1065 617 1289 684 mansuum
1310 616 1437 681 suxit.

1875 611 1939 676 285

1153 759 1190 818 ad
1204 758 1359 838 praemissa
1376 754 1461 816 etiam
1478 753 1631 834 deputato,
1645 751 1725 832 quod
1743 769 1801 814 utta
1819 770 1935 815 mecum

1152 858 1308 939 praemissa
1321 857 1436 937 singula
1451 854 1619 916 ordinarent
1632 865 1661 918 ct
1676 864 1818 935 oportune
1835 854 1939 933 prori-

1153 959 1263 1020 dereut.

1195 1058 1255 1117 Pro
1277 1056 1323 1117 die
1340 1055 1481 1116 adventus
1504 1053 1606 1134 Legati
1625 1064 1823 1116 convocentur
1839 1071 1940 1116 omnes

1154 1157 1303 1237 religiosi,
1333 1166 1362 1216 et
1392 1157 1489 1216 clerus
1519 1154 1643 1216 civitatis
1669 1153 1869 1234 Neapolitanae
1899 1154 1936 1213 ad

1155 1257 1257 1318 boram
1277 1266 1484 1335 congruentem
1499 1253 1535 1315 ad
1551 1255 1702 1317 eeclesiam
1722 1253 1938 1333 Neapolitanam

1154 1376 1189 1418 ex
1203 1374 1272 1435 qua,
1294 1357 1356 1417 sola
1372 1375 1460 1418 cruca
1486 1356 1564 1417 illius
1583 1357 1720 1417 ecclcsiae
1739 1355 1936 1435 praecedente,

1154 1457 1260 1520 radant
1286 1470 1365 1518 extra
1395 1469 1510 1537 portam
1538 1456 1704 1536 Capuanum
1727 1456 1827 1517 ordine
1845 1456 1937 1516 solito.

1195 1559 1227 1617 la
1257 1558 1377 1621 ecclesia
1407 1556 1592 1636 Neapolitana
1621 1560 1648 1617 in
1676 1558 1798 1618 introita
1818 1568 1939 1637 paretur

1156 1678 1206 1718 ras
1234 1675 1327 1735 aquae
1354 1658 1518 1720 benedictae
1552 1678 1619 1720 cum
1638 1659 1800 1738 aspersorio
1828 1676 1940 1719 conre-

1154 1760 1250 1820 nienti.
1263 1794 1301 1805 -
1319 1758 1517 1820 Thuribulum
1537 1778 1605 1821 oum
1630 1761 1699 1839 igni,
1718 1761 1850 1819 navicula
1869 1776 1938 1819 cum

1153 1860 1278 1921 incenso.
1298 1891 1337 1904 -
1357 1860 1525 1923 Pontificale
1547 1880 1601 1942 pro
1619 1862 1765 1940 praelato,
1789 1870 1822 1919 ut
1842 1859 1939 1920 rarsi·

1154 1962 1235 2021 culos
1249 1970 1278 2022 et
1291 1962 1452 2022 orationem
1470 1981 1505 2022 es
1515 1952 1554 2023 'eo
1571 1962 1656 2022 dicat.
1675 1994 1714 2005 ·-
1730 1961 1936 2022 Faldistorium

1154 2077 1221 2120 cum
1240 2061 1382 2134 scabello,
1400 2062 1520 2122 cussinis
1536 2074 1564 2124 et
1580 2076 1736 2144 cooperta,
1759 2074 1822 2124 onte
1844 2079 1939 2124 cornu
2011 2130 2017 2140 ,

1153 2158 1300 2239 Epistulae
1327 2161 1427 2221 altaris
1460 2180 1514 2240 pro
1536 2162 1646 2242 begato
1666 2195 1704 2207 -
1733 2162 1820 2224 Aliud
1847 2163 1941 2223 simile

1154 2261 1344 2322 ialdistorium
1361 2279 1428 2323 cum
1441 2261 1562 2322 cussinis
1572 2274 1601 2323 et
1616 2274 1752 2342 cooperta
1771 2273 1835 2323 ante
1849 2279 1941 2322 cornu

1153 2361 1308 2442 Evangelii
1327 2380 1382 2441 pro
1400 2362 1491 2441 Rege,
1511 2363 1589 2441 quod
1609 2364 1650 2423 sic
1669 2364 1726 2424 erit
1740 2362 1777 2423 ad
1792 2363 1939 2422 sinistram

1155 2463 1255 2542 Legati
1284 2463 1435 2543 genuflexi.
1464 2497 1503 2509 -
1528 2461 1617 2524 Liber
1648 2482 1716 2524 cum
1745 2464 1878 2524 oratione
1906 2461 1941 2523 de

1155 2565 1262 2626 Sancto
1281 2564 1421 2626 ianuario
1435 2582 1487 2643 per
1506 2561 1650 2643 Legatum
1671 2564 1797 2626 dicenda.
1823 2595 1862 2608 ·-
1879 2563 1941 2624 De-

1155 2677 1273 2747 putetur
1306 2666 1462 2726 canonicus
1495 2665 1631 2726 ecclesiae
1659 2663 1859 2744 Neapolitanae
1891 2665 1940 2741 qui

1154 2767 1341 2827 thuribulum
1359 2764 1471 2844 bagata
1489 2765 1518 2825 in
1537 2765 1659 2826 introitu
1690 2764 1827 2826 ecclesiae
1854 2782 1940 2843 prae-

1155 2867 1247 2927 dictac
1279 2868 1380 2928 offerat
1412 2886 1466 2946 pro
1496 2866 1611 2926 incenso
1631 2865 1800 2945 imponendo
1821 2897 1861 2909 -
1884 2861 1943 2926 Rc·

1154 2969 1284 3048 sponsio:
1304 2969 1400 3028 omnia
1414 2970 1569 3048 praemissa
1581 2969 1790 3031 commiserunt
1801 2965 1943 3045 Episcopo

1155 3069 1305 3148 Tropiensi
1319 3080 1347 3129 et
1366 3068 1463 3143 mihi,
1484 3068 1643 3129 ordinanda
1666 3079 1695 3129 et
1715 3066 1889 3147 disponenda
1910 3076 1943 3125 ut

1155 3185 1254 3248 supra.

1203 3269 1370 3331 Praemissis
1404 3269 1496 3350 igitur
1524 3282 1666 3349 utsupra
1704 3269 1852 3341 narratis,
1886 3286 1939 3348 per

1155 3370 1284 3432 dominos
1313 3371 1348 3431 ad
1375 3390 1407 3433 ea
1428 3371 1579 3451 deputatos
1611 3371 1734 3450 desuper
1761 3370 1942 3439 nominatos,

1155 3472 1227 3532 milti
1264 3472 1453 3542 commissis,
1493 3471 1648 3551 receptioni
1692 3469 1851 3531 Cardinalis
1885 3468 1945 3530 lae·

1155 3572 1216 3652 gati
1243 3572 1369 3633 debitum
1397 3571 1527 3634 ordinem
1547 3572 1616 3634 dare
1641 3573 1776 3652 incipiens
1805 3590 1861 3651 pro
1877 3567 1944 3646 ejus

1156 3674 1346 3753 receptione,
1380 3673 1434 3734 ieci
1467 3674 1632 3735 memoriale
1654 3671 1822 3750 hujusmodi
1844 3673 1944 3735 conti·

1155 3774 1278 3835 nentiaer

1200 3873 1285 3935 Ordo
1307 3874 1486 3952 recipiendi
1503 3874 1578 3935 Neo.
1600 3874 1639 3934 1).
1656 3874 1828 3935 iohannem
1850 3873 1944 3934 tituli

1156 3972 1189 4031 S.
1205 3973 1369 4033 Susannoe
1386 3972 1605 4053 Presbyterum
1626 3972 1842 4042 Curdinulent,
1854 3972 1944 4032 Moss-

1155 4073 1198 4134 tia
1217 4072 1347 4153 Regalis
1365 4073 1544 4152 vulgariter
1559 4084 1783 4153 nuncupatam,
1802 4071 1941 4133 Siciliae

1155 4182 1214 4232 etc.
1236 4172 1389 4252 Regulam
1409 4173 1453 4232 orl
1470 4176 1682 4235 coronandum
1702 4174 1942 4236 Sercnissimrtm

1151 4273 1342 4353 Alpltonsum
1351 4272 1488 4335 Siciliae
1499 4284 1556 4334 etc.
1565 4275 1857 4356 Repem,Neapolim
1869 4275 1945 4336 mis-

1154 4394 1219 4434 sum
1240 4374 1273 4435 in
1289 4376 1425 4435 introitu
1448 4374 1492 4433 od
1512 4374 1674 4436 ciuitatem
1691 4374 1944 4454 Neapolitanam.

1197 4475 1343 4545 Praelati,
1365 4475 1498 4536 videlicet
1517 4474 1735 4555 archiepiscopi
1757 4486 1786 4536 et
1807 4475 1943 4556 Episcopi

1154 4578 1238 4655 regni
1269 4576 1409 4656 praedicti
1430 4578 1459 4636 in
1481 4579 1598 4638 civitate
1627 4577 1811 4658 Neapolitana
1833 4580 1943 4639 consti·

1155 4680 1211 4739 tuti
1233 4696 1423 4740 cumeorum
1440 4679 1584 4739 mantellis
1602 4689 1632 4739 et
1647 4680 1790 4759 capuceiis
1811 4680 1839 4739 in
1859 4691 1943 4739 aan-

1157 4798 1317 4848 seersum,
1338 4790 1367 4840 et
1390 4780 1526 4859 cappellis
1544 4797 1647 4841 eorum
1674 4780 1806 4859 dignitati
1834 4799 1942 4841 conre-

1156 4879 1298 4940 aientibus
1316 4890 1476 4958 quotquot
1495 4890 1561 4939 sunt
1576 4880 1659 4939 simul
1679 4882 1862 4958 equitantes,
1882 4880 1940 4940 bini

1154 4989 1183 5041 et
1195 4979 1264 5052 bini,
1275 4979 1454 5058 dignioribus
1463 4999 1574 5060 semper
1586 4981 1833 5060 praecedentibus,
1845 4979 1945 5061 [sega-

1154 5090 1184 5140 to
1199 5079 1314 5141 obviarn
1330 5080 1455 5153 venient,
1469 5099 1562 5158 usque
1577 5082 1654 5141 circa
1668 5081 1699 5142 S.
1715 5082 1875 5153 lulianum,
1891 5082 1941 5142 ubi

1154 5200 1232 5253 cunr,
1242 5181 1338 5259 primo
1352 5200 1407 5261 pro
1417 5181 1550 5241 omnibus
1566 5182 1711 5258 loquente,
1719 5180 1876 5244 honorilice
1891 5201 1942 5244 rc·

1156 5284 1274 5363 cipiant,
1293 5286 1387 5364 capito
1407 5282 1517 5344 detecta
1538 5283 1593 5343 sibi
1609 5282 1761 5344 dumtaxat
1776 5284 1944 5343 inclinantes

1155 5384 1264 5462 absque
1295 5401 1396 5443 manus
1420 5386 1632 5463 porrectione,
1666 5383 1766 5447 deinde
1800 5382 1943 5465 Legatum

1156 5487 1251 5566 ipsum
1266 5486 1345 5558 bini,
1365 5498 1397 5548 ut
1414 5498 1576 5561 venerunt,
1594 5497 1761 5566 sequentur.

1199 5586 1406 5650 serenissimus
1422 5589 1484 5650 Rex
1501 5588 1666 5669 alphonsus
1681 5589 1776 5650 reniet
1790 5607 1859 5649 cum
1884 5587 1943 5647 Ra-

1155 5689 1276 5752 ronibus
1304 5689 1363 5752 suis
1400 5691 1516 5757 obviam
1547 5691 1625 5755 (licto
1654 5691 1823 5767 cardinali,
1851 5708 1943 5769 usque
