4492 6859
296 629 357 693 ree
768 581 1467 689 mvrmmsuusmaoonarnooalvr.

335 773 422 835 Faria
445 770 583 844 secunde,
607 768 657 831 lit.
686 768 813 832 octobris
827 767 863 828 it.
887 766 922 827 D.
938 765 1084 845 Georgius

295 884 363 936 tunc
379 872 457 934 tituli
474 871 597 933 Sanctae
609 870 721 945 libariae
735 870 763 930 in
778 866 997 941 Transtiberim,
1011 885 1083 947 pre·

298 1104 421 1162 celeres,
436 1101 541 1151 nonnisi
568 1100 667 1151 semina
694 1103 829 1163 spargeret
854 1097 1011 1149 discordiae.
1029 1096 1082 1147 liae

296 1185 354 1232 erte
371 1179 405 1231 ad
421 1178 610 1230 conciliandum
622 1177 672 1228 sibl
688 1177 852 1237 Pontificem,
862 1177 900 1226 uti
912 1177 1013 1237 solitus,
1023 1187 1082 1225 cum

297 1261 405 1325 gravius
432 1257 530 1321 aliquid
556 1257 697 1320 petendum
725 1257 908 1320 excogitaret,
925 1260 1084 1319 provocaret

294 1344 368 1404 prius
384 1351 433 1404 per
449 1336 593 1388 calumnias
615 1336 708 1399 Regem
727 1336 753 1385 in
769 1336 885 1399 i'apam,
902 1336 989 1398 indeq.
1007 1334 1085 1393 adju·

296 1426 381 1472 terem
411 1430 441 1469 sa
466 1418 593 1468 simulans
620 1416 654 1465 ad
680 1414 891 1476 conciliandum,
919 1416 946 1465 ia
974 1413 1084 1464 tollendi

294 1502 356 1550 mali
372 1497 500 1562 gratiana,
517 1508 572 1546 rem
589 1498 694 1558 peteret
710 1496 874 1557 concupitam
890 1506 940 1558 pre
951 1491 1082 1545 mercedes

293 1580 366 1629 tanta
392 1576 524 1638 diligentia
550 1574 669 1624 fraudem
697 1576 855 1636 tegens‚ut
872 1574 915 1623 hie
938 1574 1010 1624 selus
1032 1585 1082 1636 pre

293 1657 407 1708 Romana
430 1655 507 1705 curia
524 1656 596 1704 stare
613 1666 647 1703 ex
663 1652 742 1703 callis
766 1652 888 1705 omnibus
917 1653 1081 1704 crederetur.

293 1736 322 1786 ia
338 1737 434 1787 fastum
459 1748 539 1799 porro
564 1731 756 1784 intolerandum
773 1746 831 1783 cum
849 1732 976 1796 dignitate
993 1731 1083 1782 cardi·

292 1819 397 1868 nalatus
418 1822 542 1877 evectus,
559 1814 625 1867 adeo
640 1816 726 1866 emnia
744 1813 794 1865 sihi
811 1812 892 1864 licere
910 1812 1029 1875 putavit,
1050 1815 1079 1861 ut

291 1899 347 1960 lam
364 1911 412 1960 pre
428 1899 495 1961 ltege
512 1899 642 1960 imperare
660 1894 808 1955 videretur,
823 1894 993 1956 omniumque
1010 1893 1037 1942 ie
1052 1904 1082 1943 se

293 1977 380 2027 οᾱίεει
405 1976 532 2027 accendit.
556 1976 639 2037 Quem
662 1977 741 2026 etiam
765 1986 824 2026 eum
845 1974 940 2024 heilica
964 1973 1084 2023 deiecta·

293 2060 373 2115 rent,
400 2068 492 2105 eorum
515 2056 684 2105 nihilominus
711 2055 787 2117 plana
815 2052 953 2115 ignarum,
973 2053 1083 2116 contigit

292 2149 360 2185 anno
378 2137 447 2187 1161.
464 2137 493 2185 ut
509 2146 568 2185 eum
585 2135 608 2183 is
624 2134 701 2195 liegie
724 2133 828 2182 nemine
845 2133 934 2195 copias
951 2131 1083 2181 Parisien·

292 2215 359 2263 sium
387 2217 501 2262 armatas
523 2214 600 2261 extra
628 2208 723 2260 Urbem
739 2214 815 2260 aesia
832 2210 900 2260 linea
926 2215 1034 2260 oreatus
1056 2214 1082 2261 et

294 2295 364 2342 mnia
380 2295 474 2342 vectus
500 2292 697 2350 recensuisset,
713 2301 744 2338 aa
761 2302 791 2339 re
814 2287 964 2352 indignatus
986 2288 1081 2339 Comes

293 2371 467 2429 Damnariinl‚
484 2381 567 2419 senex
584 2372 609 2418 et
626 2372 754 2430 expertus
775 2369 901 2429 bellator,
916 2368 948 2418 ad
964 2380 1022 2417 eum
1040 2379 1083 2416 au·

292 2449 434 2513 gillandum
452 2460 466 2497 a
484 2449 550 2511 liege
566 2447 686 2509 petierit,
705 2452 733 2497 ut
750 2448 799 2498 sibi
816 2446 1082 2498 concederetEbroi·

294 2541 349 2590 cas,
360 2528 393 2579 ad
404 2541 515 2580 eramen
526 2528 559 2578 de
571 2528 708 2579 sacrandis
725 2527 908 2579 sacerdotibus
925 2525 1083 2589 iaciendum,

295 2608 442 2671 proticisci;
462 2607 675 2672 quandoquidem
693 2612 744 2657 tam
762 2608 811 2658 sibi
828 2608 894 2658 haec
910 2620 985 2671 cura,
1004 2620 1081 2670 quam

296 2690 422 2751 episcope
445 2688 555 2737 militnm
577 2687 720 2751 recognitio
745 2689 907 2737 conveniret.
930 2685 991 2736 Post
1018 2685 1083 2736 ade·

294 2771 365 2828 ptam
382 2777 526 2829 purpuram
543 2768 640 2817 missus
656 2767 684 2815 in
700 2765 807 2815 calliam
825 2766 911 2816 iuerat
927 2765 1081 2825 ltalues,ut

296 2845 490 2896 ai‘arlamento
506 2844 729 2895 confirmationem
757 2836 930 2907 'extorqueret
950 2842 1014 2905 regii
1033 2841 1082 2891 de·

295 2927 379 2986 creti,
395 2925 428 2975 de
444 2924 593 2988 abroganda
608 2925 769 2986 pragmatica
794 2924 945 2983 sanctione,
960 2920 1031 2984 qued
1048 2920 1081 2971 ab

293 3005 368 3054 initio
385 3004 457 3066 regni
475 3004 516 3052 sui
541 3001 689 3052 Ledevieus
705 3006 876 3054 concesserat
902 3002 994 3052 ioanni
1020 2999 1082 3050 Car-

293 3083 376 3134 diaali
393 3081 584 3133 Aitrehaiensi.
596 3079 688 3131 Verum
704 3093 764 3131 cum
782 3094 833 3131 nen
849 3080 988 3131 videretur
1002 3081 1079 3143 piena

294 3161 449 3224 abrogatto,
464 3161 514 3210 nisi
533 3162 560 3210 et
576 3159 728 3210 Parisiensis
744 3160 856 3211 Senatus
876 3172 1021 3211 censensus
1040 3172 1082 3210 ac-

295 3242 421 3299 cederet,
436 3240 530 3290 Balues
547 3240 686 3290 occasione
696 3239 837 3299 seriarum,
853 3252 944 3290 mense
963 3238 1082 3301 octobri,

292 3325 416 3384 acceptas
433 3335 448 3371 a
464 3322 532 3384 licge
549 3319 728 3383 abnegationis
756 3321 857 3371 litteras
878 3321 964 3384 prime
985 3318 1013 3368 ia
1032 3318 1082 3368 Ca·

293 3402 399 3453 stellato
427 3404 437 3459 (
448 3400 521 3450 curia
547 3400 612 3449 haec
628 3399 740 3449 terensis
761 3399 924 3449 Pariamente
945 3398 1082 3459 subiecta)

293 3480 395 3545 absque
412 3481 490 3531 ullius
506 3480 698 3529 intercessione
724 3477 875 3540 publicavit.
890 3476 939 3527 ilbi
961 3490 1027 3527 vere
1055 3480 1081 3528 ln

296 3562 356 3612 auia
377 3558 468 3621 palatii
489 3559 516 3608 id
532 3557 628 3619 exequi
645 3558 744 3615 voluit,
757 3555 883 3607 ioannem
900 3570 915 3605 a
930 3556 955 3607 S·
967 3557 1081 3609 Romane

296 3640 397 3703 regium
422 3639 447 3687 in
474 3636 636 3686 Partameaie
662 3640 861 3697 procuratorem
890 3638 1009 3699 reperit,
1037 3639 1082 3700 qui

299 3716 360 3767 torti
387 3717 473 3765 anime
500 3715 669 3774 intercessit,
688 3726 723 3763 ne
747 3713 852 3764 litterae
874 3714 1082 3778 publicarentur.

300 3794 529 3859 Propterea,irato
539 3792 637 3852 Baiue,
653 3795 680 3842 et
695 3793 812 3842 muneris
823 3793 1016 3856 privationem,
1035 3795 1083 3846 lte·

297 3876 340 3938 gie
359 3874 463 3925 nemine
485 3873 614 3930 minanti,
629 3871 767 3935 respondit
784 3876 954 3935 procuratore
971 3873 1082 3925 liberum

298 3966 359 4006 ease
382 3953 443 4016 liegi
469 3955 592 4015 repetere
608 3949 678 4014 quod
691 3950 745 4013 iam
762 3954 932 4001 concesserat
954 3950 1083 4004 ciliciuma

297 4033 414 4097 quandin
430 4040 496 4082 vero
507 4029 571 4081 iilud
582 4033 729 4089 exerceret,
740 4030 776 4080 nil
788 4042 816 4081 se
825 4031 966 4091 iacturum,
975 4033 1045 4095 qued
1056 4034 1083 4083 ln

298 4113 378 4177 liegai
395 4112 519 4161 damnum
539 4121 680 4160 versurum
705 4113 794 4159 esset:
811 4110 916 4160 Balaam
933 4110 1020 4172 ipsum
1037 4124 1084 4174 pu·

295 4191 360 4242 dere
377 4190 477 4241 debere
494 4186 679 4252 postulationis
690 4187 812 4245 iniustae.
823 4188 1016 4240 contumeliose
1033 4191 1084 4240 ita·

297 4284 350 4335 que
367 4270 481 4333 rejectus
496 4269 591 4318 Balues
608 4266 641 4315 ed
658 4267 748 4329 peiora
765 4269 878 4318 animum
900 4270 1029 4329 intendit,
1046 4272 1084 4320 in·

295 4354 439 4414 gratusque
456 4350 483 4398 tn
498 4348 592 4410 ltegcm
605 4382 613 4404 ,
628 4345 673 4408 qui
700 4358 758 4396 eum
776 4347 809 4397 de
826 4351 947 4399 stercore
971 4349 1084 4400 suseita-

297 4432 393 4486 verat,
407 4426 513 4489 Regiam
529 4424 639 4474 vielavit
654 4425 817 4485 biajestatem
827 4462 835 4484 ,
845 4431 872 4476 et
888 4438 946 4476 eum
959 4428 1084 4492 episcope

297 4508 455 4560 virdunensi
483 4520 542 4557 cum
570 4506 663 4556 Cereio
689 4510 851 4571 conspiravit
881 4510 957 4573 liegis
983 4510 1084 4572 iratae,

298 4590 365 4653 (qui
383 4586 416 4638 ad
431 4586 597 4650 Burgundum
614 4586 787 4650 conlegerat)
804 4592 832 4638 ui
847 4590 903 4652 ipse
919 4590 989 4640 inter
1005 4591 1084 4655 liegia

296 4667 408 4718 dissidia
432 4668 607 4731 praevaleret.
631 4666 703 4716 Ciam
730 4670 818 4732 itaque
845 4683 941 4720 arcana
963 4670 1084 4723 hostibus

296 4748 534 4805 communicando,
556 4759 615 4807 cum
643 4759 733 4797 mense
757 4750 833 4811 apriti
855 4751 880 4800 in
910 4750 1081 4813 burgundiam

295 4830 419 4879 nuncium
437 4826 566 4887 misisset,
582 4826 654 4876 venit
670 4827 720 4877 istc
737 4826 844 4889 Cisiam,
861 4829 946 4878 vicum
964 4831 1017 4892 agri
1030 4829 1084 4879 liu·

296 4908 413 4967 mensis;
428 4907 475 4958 ubl
490 4907 518 4956 le
534 4906 620 4956 medie
647 4902 714 4967 ioci,
735 4919 817 4969 equus
838 4910 926 4969 (testa
945 4909 1084 4972 Papiensii

299 4999 471 5054 progressum
490 4985 630 5036 declinavit
642 4985 708 5035 adeo
724 4987 907 5054 pertinaciter,
924 4990 952 5038 ut
963 5001 1011 5039 nec
1027 4990 1083 5039 cal·

297 5069 419 5129 caribus,
446 5080 495 5118 nee
523 5065 652 5127 testibus,
678 5078 727 5116 nee
755 5066 955 5118 manuductione
981 5071 1082 5120 moveri

295 5162 412 5213 unquam
428 5148 558 5206 voluerit,
574 5150 747 5197 concurrente
764 5146 798 5196 ad
814 5147 1022 5198 colluctationem
1034 5160 1082 5209 pe·

296 5232 373 5292 puio,
390 5232 417 5280 ei
432 5226 592 5277 clamoribus
610 5238 742 5277 sessorem
760 5226 897 5277 illudente.
907 5226 987 5278 Erant
1002 5228 1080 5278 etiam

300 5308 327 5357 ln
354 5306 432 5358 turba
458 5306 511 5357 duo
538 5306 607 5368 liegii
636 5306 732 5357 milites
766 5306 935 5358 advertentes
967 5308 1080 5371 equitem

298 5388 435 5448 territum,
451 5389 495 5450 qni
513 5399 567 5436 rem
589 5388 616 5437 ln
642 5388 794 5451 religionem
811 5391 918 5438 vertere
938 5391 1080 5450 caeperat,

300 5466 511 5529 pallentibusque
528 5466 610 5516 oeulis
626 5467 695 5517 viam
712 5479 840 5529 quaerere
865 5466 965 5530 effugii,
981 5469 1083 5517 exeita·

302 5543 391 5593 verint
402 5557 460 5594 eum
472 5544 704 5608 comprehendere,
718 5549 746 5595 et
761 5545 923 5609 interrogare
933 5582 942 5606 ,
952 5545 1022 5595 unde
1038 5557 1082 5595 es-

303 5624 362 5674 set?
378 5635 429 5686 que
445 5626 593 5688 pergerat?
608 5624 777 5675 advertentes
799 5625 901 5675 littores
926 5628 1030 5688 gestare
1055 5626 1081 5675 in

299 5702 391 5754 intime
408 5703 467 5753 sinu
482 5704 543 5754 linei
559 5702 691 5765 thoracis,
702 5703 781 5756 tacite
796 5703 979 5767 perduxerunt
989 5703 1081 5756 adlte-

1829 623 1939 705 (rtet)

1152 765 1251 846 ebytar
1267 766 1455 839 ,endiadim
1471 764 1710 846 presbyterorum
1739 765 1938 829 Cardinalinm

1150 867 1250 947 prior,
1272 867 1433 948 praefectus
1461 875 1506 928 est
1531 864 1676 929 Ecclesiae
1701 866 1863 930 Albanemi
1891 888 1941 949 per

1151 1110 1218 1161 gem.
1235 1097 1283 1158 Qui
1300 1094 1500 1160 obstupeiaetus
1517 1102 1570 1147 tam
1587 1095 1687 1160 ingrata
1704 1110 1797 1149 rerum
1818 1098 1943 1161 imagine,

1151 1175 1316 1226 Cardinalam
1333 1180 1360 1228 et
1375 1175 1531 1240 Episcopum
1550 1179 1587 1227 rel
1599 1177 1684 1228 adhue
1700 1178 1811 1240 ignaros
1829 1179 1943 1227 accitos.

1153 1254 1314 1317 exprobrata
1337 1254 1459 1317 pertidia,
1481 1259 1552 1305 misit
1575 1257 1771 1316 insumerem,
1791 1257 1945 1320 quaestioni

1152 1335 1273 1397 subiecit.
1297 1334 1458 1385 Moriendum
1476 1348 1535 1385 cum
1552 1336 1602 1385 sibi
1618 1338 1724 1386 omnine
1746 1340 1901 1399 putarent,
1921 1343 1946 1388 et

1152 1427 1215 1463 vera
1225 1413 1406 1482 confessione,
1421 1413 1468 1464 Dei
1484 1417 1602 1465 invenire
1622 1414 1859 1476 misericordiam,
1885 1428 1948 1478 ape·

1152 1506 1230 1544 ruere
1253 1493 1329 1544 brevi
1353 1493 1448 1543 delicia
1465 1496 1562 1544 emnia.
1585 1493 1730 1545 cardinalia
1746 1506 1862 1545 causam
1886 1505 1948 1545 suae

1152 1573 1366 1631 machinationis,
1382 1572 1500 1623 dotorem
1517 1575 1626 1635 pretulit
1645 1575 1804 1625 imminutae
1821 1587 1890 1624 suae
1905 1574 1947 1624 di·

1151 1652 1275 1715 gnitatis,
1291 1664 1321 1702 ne
1336 1643 1479 1715 potestatis
1497 1654 1631 1716 appetitae
1652 1652 1790 1713 studium,
1813 1652 1851 1703 ob
1869 1666 1946 1716 quam

1151 1732 1236 1795 regias
1252 1730 1431 1782 dissensiones
1455 1744 1560 1794 semper
1584 1736 1780 1794 procuraverat
1802 1736 1860 1782 tam
1889 1745 1945 1781 eum

1150 1808 1248 1869 tratre,
1264 1822 1343 1874 quam
1361 1802 1419 1860 cum
1436 1811 1550 1862 ltemaeo
1568 1810 1689 1861 ventiles
1709 1815 1738 1861 ut
1755 1812 1817 1874 ipse
1829 1811 1945 1861 omnium

1151 1891 1303 1941 moderator
1329 1891 1413 1941 fleret.
1435 1893 1565 1952 Receptus
1582 1889 1764 1941 consessiones
1783 1892 1861 1941 misit
1878 1892 1945 1940 iliieo

1150 1972 1205 2022 ilex
1226 1971 1254 2021 in
1275 1971 1434 2021 Britanniam
1454 1969 1490 2021 ,ad
1514 1970 1643 2029 fratrem,
1658 1973 1688 2020 ut
1703 1981 1737 2020 ex
1761 1970 1795 2021 iis
1823 1970 1946 2032 videret,

1151 2050 1247 2118 quihus
1274 2049 1471 2101 consultoribus
1487 2062 1550 2101 usus
1571 2051 1673 2100 inisset.
1693 2050 1805 2101 ltcdirei
1833 2051 1945 2116 proinde

1151 2129 1289 2193 aliquando
1305 2130 1338 2180 ad
1353 2131 1478 2189 tratrem,
1494 2134 1521 2180 et
1538 2130 1570 2181 ad
1596 2132 1731 2193 seipsum:
1746 2131 1824 2193 qued
1847 2131 1945 2182 iactum

1152 2209 1281 2269 aCaroie‚
1292 2208 1386 2260 iraude
1402 2209 1513 2273 cognita.
1529 2210 1625 2261 Romae
1637 2212 1724 2260 autem
1741 2211 1872 2261 nuntiata
1888 2210 1948 2262 car·

1151 2287 1247 2339 dinaiis
1273 2291 1439 2351 captivitate,
1466 2292 1517 2338 tam
1543 2287 1662 2339 miranda
1686 2290 1745 2339 visa
1770 2294 1837 2351 est,
1867 2304 1944 2354 qnam

1151 2368 1255 2419 insolita
1272 2368 1341 2430 apud
1358 2368 1454 2418 Gallos.
1471 2370 1524 2419 ltex
1541 2382 1574 2419 ne
1591 2369 1734 2425 iniustitiae
1752 2371 1916 2433 culparetur
1932 2385 1945 2420 ε

1150 2448 1216 2499 Sede
1227 2447 1386 2510 apostoliea,
1402 2447 1468 2498 duos
1485 2448 1591 2498 miserat
1606 2448 1628 2499 J.
1648 2446 1811 2509 Censuites,
1830 2463 1887 2500 nee
1905 2464 1947 2501 ex·

1151 2527 1282 2577 eusandae
1308 2528 1469 2589 captivitatis
1498 2538 1590 2588 causa,
1610 2528 1658 2579 sed
1684 2530 1795 2593 petendi
1824 2530 1946 2593 judiees,

1150 2608 1194 2668 qui
1211 2606 1354 2669 evestigio
1371 2607 1397 2655 in
1420 2606 1515 2657 callias
1541 2606 1755 2668 descenderent,
1784 2609 1946 2672 premittens

1150 2686 1254 2736 interim
1281 2686 1411 2749 supplicio
1437 2685 1579 2736 abstinere.
1605 2686 1700 2737 lisbito
1727 2693 1883 2751 prepterea
1898 2690 1944 2739 lto

1151 2779 1227 2817 mane
1243 2765 1419 2824 consistorio,
1435 2779 1494 2816 eum
1516 2765 1692 2817 cardinalium
1718 2767 1765 2817 aiii
1784 2769 1886 2819 Romae
1903 2769 1944 2818 ha·

1150 2845 1264 2896 bendum
1291 2846 1390 2895 veilent
1409 2844 1556 2907 judicium,
1583 2857 1633 2896 nec
1656 2845 1797 2897 videretur
1818 2848 1848 2897 in
1865 2848 1943 2898 callia

1150 2924 1243 2975 baberi
1261 2936 1340 2987 posse
1357 2930 1449 2987 preter
1469 2925 1589 2974 timorem
1609 2928 1692 2988 magni
1708 2925 1809 2989 Regis,
1829 2925 1877 2975 alii
1893 2938 1943 2975 ma·

1150 3017 1227 3067 gnum
1244 3004 1337 3068 Regem
1355 3016 1404 3067 per
1419 3016 1547 3054 summam
1564 3005 1649 3067 legum
1667 3004 1890 3064 observantiam,
1907 3006 1943 3054 ir·

1150 3083 1224 3133 ritari
1252 3095 1304 3132 non
1330 3085 1455 3145 opertere
1481 3088 1649 3133 asserereut=
1666 3083 1699 3134 dc
1716 3083 1855 3134 cardinali
1877 3085 1942 3146 ludi-

1149 3164 1217 3214 cium
1235 3163 1331 3214 Romae
1348 3166 1501 3226 suspectum
1517 3163 1652 3222 futurum,
1670 3164 1696 3213 in
1713 3176 1768 3226 quo
1786 3163 1941 3215 Cardinales

1149 3241 1298 3306 dignitatem
1325 3243 1422 3305 magis,
1438 3254 1516 3305 quam
1540 3253 1645 3291 causam
1671 3244 1818 3305 inspecturi
1841 3247 1938 3293 essem.

1148 3321 1363 3372 Pretostabentur
1379 3336 1394 3372 ε
1409 3322 1478 3383 ltege
1495 3321 1586 3383 missi,
1603 3321 1796 3386 delegationem
1817 3324 1846 3373 in
1862 3322 1942 3374 Gallia

1149 3406 1343 3463 necessariam,
1358 3400 1402 3451 uhi
1420 3408 1446 3451 et
1463 3401 1646 3465 probationum
1674 3405 1760 3466 mater
1779 3404 1823 3454 vis
1852 3408 1938 3462 essct;

1150 3483 1176 3529 et
1188 3482 1286 3531 certior
1300 3482 1361 3545 liegi
1377 3481 1453 3532 iteret
1468 3482 1533 3539 iuris
1551 3482 1654 3532 dicendi
1676 3482 1751 3533 tides.
1773 3482 1813 3535 Ne
1831 3483 1938 3533 Romam

1151 3559 1351 3611 traducerentur
1368 3565 1417 3620 rei,
1433 3561 1581 3613 certissima
1597 3562 1705 3613 obstare
1721 3564 1860 3626 perieula;
1870 3562 1939 3627 qued

1150 3641 1186 3687 lta
1213 3638 1362 3688 intiammati
1386 3638 1517 3690 Gallorum
1541 3640 1640 3701 animi,
1666 3641 1736 3691 nulia
1753 3640 1782 3690 vi
1798 3642 1937 3704 prohiberi

1149 3721 1271 3782 possent,
1287 3716 1351 3781 quin
1367 3718 1532 3769 membratim
1549 3724 1681 3770 tantorum
1700 3719 1834 3770 bellorum
1852 3725 1940 3771 aucte·

1150 3810 1194 3848 res
1221 3810 1236 3847 a
1263 3810 1293 3848 se
1320 3796 1449 3848 abeuntes
1475 3799 1667 3862 discerperent.
1699 3799 1820 3850 Penestis
1853 3802 1940 3863 itaqua

1150 3875 1280 3936 omnibus,
1297 3877 1447 3927 decretum:
1462 3877 1566 3929 iudices
1593 3877 1751 3941 delegandos
1767 3880 1814 3942 qul
1838 3893 1853 3929 a
1874 3880 1940 3942 ltege

1138 3948 1322 4020 ‘impetrarant
1339 3958 1473 4009 avenione
1489 3959 1670 4022 quaestionem
1686 3959 1792 4018 instruis
1803 3959 1832 4010 id
1850 3960 1874 4009 si
1889 3959 1939 4008 mi·

1151 4050 1200 4088 nus
1216 4038 1359 4099 impetrare
1376 4037 1511 4096 vaierent,
1527 4043 1582 4089 tres
1599 4038 1681 4090 Urbes
1697 4039 1722 4089 ie
1740 4039 1824 4090 Gallia
1841 4052 1940 4103 propo·

1150 4120 1245 4168 nerent
1269 4128 1372 4167 summo
1395 4117 1507 4179 imperio
1533 4116 1653 4181 Episcopi
1675 4117 1810 4179 subditas,
1827 4132 1938 4182 quarum

1150 4209 1202 4247 una
1219 4209 1268 4259 per
1283 4198 1378 4260 ltegem
1395 4196 1511 4257 deiecta,
1528 4198 1562 4247 ad
1578 4198 1696 4249 eamdem
1711 4197 1859 4261 judicaturi
1876 4211 1940 4249 con-

1150 4276 1293 4336 cederent,
1309 4277 1354 4327 ubi
1372 4278 1396 4325 in
1414 4275 1523 4327 liberam
1540 4278 1686 4328 custodiam
1703 4279 1847 4340 permissis
1863 4277 1939 4327 Prae·

1152 4357 1229 4416 latis,
1245 4355 1296 4407 ilde
1313 4359 1420 4418 recepta
1437 4357 1620 4419 acquiescendi
1635 4357 1724 4407 tuturo
1739 4356 1841 4414 judicio
1858 4358 1901 4407 rei
1913 4359 1938 4406 in

1150 4434 1269 4485 faverem
1287 4436 1470 4497 captivorum,
1488 4436 1531 4485 vei
1547 4437 1652 4496 eontra,
1669 4435 1703 4485 ad
1719 4448 1832 4487 eramen
1849 4450 1941 4501 prece-

1150 4513 1253 4564 derent.
1270 4513 1350 4577 culus
1367 4517 1422 4562 acta
1439 4512 1488 4562 suh
1505 4514 1588 4576 sigillo
1604 4514 1710 4564 itemem
1728 4514 1868 4565 mitterent
1879 4528 1940 4578 ape·

1150 4593 1244 4644 rienda
1260 4595 1286 4643 in
1302 4592 1399 4642 Senatu
1415 4591 1606 4650 cardinalium,
1618 4594 1663 4656 qui
1674 4595 1834 4644 sententiam
1846 4598 1939 4657 postea

1151 4674 1317 4723 remitterent
1332 4673 1357 4721 in
1374 4671 1455 4721 Gallia
1467 4670 1662 4734 publicandam.
1677 4673 1777 4724 Deiecit
1788 4673 1823 4724 ad
1836 4676 1938 4724 tantum
1956 4702 1959 4710 .

1150 4765 1215 4815 opus
1241 4752 1316 4802 inere
1342 4750 1492 4814 Alphirnsus
1508 4750 1647 4802 civitensis
1674 4752 1807 4804 Ecclesiae
1827 4754 1936 4805 Praeaul

1149 4834 1176 4882 iu
1192 4830 1337 4895 Hispania,
1361 4831 1450 4882 multis
1466 4830 1542 4881 annis
1566 4831 1661 4882 Romae
1682 4834 1885 4894 patrocinandis
1906 4834 1940 4883 ii·

1149 4912 1221 4962 tibus
1238 4914 1369 4961 versatus.
1385 4910 1508 4963 Nicotaus
1524 4909 1639 4961 tibaldus
1656 4912 1737 4962 ltotae
1753 4912 1867 4964 Auditor
1887 4913 1938 4963 ne·

1150 5002 1257 5047 menaea
1273 4989 1366 5039 Patrius
1382 4988 1537 5039 Tuscanelia
1554 4988 1705 5041 advocatus
1722 4990 1938 5051 Censietorialis,

1149 5072 1177 5119 et
1192 5068 1338 5118 ludovicus
1348 5067 1545 5118 lemteiaeensis
1561 5080 1612 5117 una
1629 5080 1688 5118 eum
1705 5068 1809 5119 duobus
1820 5071 1939 5133 scripto·

1149 5146 1239 5208 ribus,
1265 5146 1389 5206 adiuncto
1415 5151 1538 5210 tanquam
1556 5148 1669 5197 omnium
1693 5149 1782 5213 auriga
1808 5148 1938 5200 fidissimo

1148 5226 1258 5278 Falcone
1274 5227 1390 5277 Romano
1412 5225 1545 5275 Sinibalde
1561 5225 1663 5276 clerico
1678 5227 1803 5278 camerae
1821 5228 1938 5291 Aposto-

1148 5307 1232 5367 licae,
1248 5306 1292 5369 qui
1308 5305 1411 5356 dnahus
1428 5303 1599 5367 legationibus
1615 5305 1721 5356 iunctus
1737 5305 1807 5369 apud
1821 5307 1937 5371 Regem,

1149 5390 1224 5451 eique
1241 5391 1344 5451 gratus,
1360 5384 1487 5447 impetum
1505 5385 1623 5447 ejusdem
1645 5386 1720 5449 liegis
1737 5386 1820 5437 lenire
1836 5392 1939 5450 posset.

1148 5465 1215 5527 Quid
1231 5465 1310 5515 tantia
1333 5466 1419 5513 actum
1434 5464 1607 5525 praemissis?
1623 5477 1675 5514 non
1697 5464 1799 5528 legitur.
1826 5465 1936 5517 Certum

1149 5549 1204 5604 est,
1221 5543 1409 5594 virdunensem
1427 5544 1574 5606 conjectum
1592 5544 1617 5593 ia
1633 5543 1766 5594 Ballistam
1782 5558 1872 5597 arcem
1888 5546 1938 5596 p„

1148 5623 1303 5680 risiensem3
1321 5625 1347 5671 ct
1363 5624 1446 5682 (testa
1462 5623 1592 5681 comiaco)
1608 5625 1652 5686 qni
1669 5625 1729 5689 ltegi
1746 5631 1840 5677 aueter
1850 5628 1937 5679 iuerat

1149 5704 1293 5755 terreorum
1311 5702 1481 5765 quarumdem
1499 5716 1655 5765 caecarum,
1672 5705 1818 5759 altitudinis
1842 5708 1937 5759 humb
