4492 6859
295 590 359 656 248

294 728 522 809 praesentiarum
542 728 605 789 Rex
629 727 776 803 habetur,
795 738 825 790 et
843 729 962 791 iuturus
983 730 1083 809 lmpe·

297 841 403 904 rstor,
423 829 485 892 Deo
506 830 678 892 concedente
689 874 700 905 ,
720 838 855 910 speretur
879 853 906 890 s.
935 828 1085 909 Nusquam

293 933 370 994 euim
386 926 497 1006 injure
510 932 551 992 sic
572 930 607 993 de
627 932 731 994 ceteris
757 932 875 1012 regibus
895 932 944 993 sed
960 932 994 993 de
1006 932 1085 1011 Rege

295 1029 426 1093 Romano
440 1042 552 1092 tantum
567 1050 636 1093 cum
649 1051 686 1093 ec
703 1034 868 1095 reverentis
882 1032 966 1111 loqui
978 1033 1083 1093 summi

295 1129 449 1192 Pontifices
468 1133 576 1193 solent.

337 1230 494 1293 Praeterea
515 1242 617 1292 notum
647 1242 690 1293 est
713 1231 850 1293 Scnctam
872 1232 996 1293 lintrem
1022 1230 1083 1291 Ec·

295 1330 411 1392 clesiem
433 1330 461 1389 in
484 1329 605 1390 diversis
627 1331 764 1409 precibus
785 1331 969 1411 paschalibus
986 1331 1083 1412 lmpe·

296 1442 436 1503 retorem,
454 1441 517 1504 sut,
538 1449 573 1491 eo
588 1429 738 1501 defuncto,
749 1430 858 1511 Regem
874 1432 1085 1508 Romanorum,

296 1531 384 1593 etiam
404 1532 428 1591 si
448 1511 753 1611 nondum'lmperacor
774 1533 827 1607 sit,
849 1533 1085 1595 christianissi-

297 1652 378 1693 mum
398 1633 566 1712 uppellure,
586 1640 616 1693 et
634 1651 688 1711 pro
709 1652 744 1693 eo
762 1632 904 1711 singulari
925 1651 1011 1713 prece
1032 1652 1084 1694 ve-

296 1731 351 1792 luti
371 1750 426 1813 pro
447 1732 605 1812 praecipuo
625 1750 679 1793 suo
700 1731 879 1806 Dclcnsore,
899 1733 993 1795 Deum
1014 1752 1083 1814 pre·

299 1831 383 1907 cari,
408 1833 520 1894 tameui
546 1833 676 1894 nonnulli
705 1832 755 1893 elii
779 1832 876 1913 Reges
909 1833 995 1895 etiam
1027 1833 1083 1896 boc

298 1931 561 1994 christianissimi
580 1931 667 1993 titulo
679 1931 741 2011 jum
760 1933 850 1993 veluti
866 1945 1013 2014 usurpeto
1030 1934 1084 1996 sibi

295 2028 419 2091 blandiri
440 2030 603 2111 plurimum
617 2031 772 2111 gaudeant.

337 2130 459 2211 Insuper
479 2140 509 2192 et
531 2132 560 2192 in
580 2131 645 2193 aliis
666 2132 826 2210 precibus,
848 2149 916 2192 cum
934 2141 1001 2193 orst
1022 2131 1084 2193 Ee·

298 2231 383 2292 elesio
403 2250 458 2312 pro
469 2230 549 2311 Rege
563 2239 675 2304 nostro,
691 2248 747 2292 nou
762 2241 876 2291 constet
890 2250 954 2291 eam
970 2232 1006 2293 dc
1019 2232 1084 2293 Ro·

296 2350 452 2393 manorum
483 2332 566 2411 Rege
589 2333 775 2413 intelligere,
797 2334 846 2395 cui
880 2354 950 2415 prae
981 2334 1084 2395 ceteris

295 2433 341 2494 sui
362 2434 485 2494 tutelam
501 2451 641 2495 curamve
661 2435 833 2513 gerendam,
851 2444 883 2494 ut
898 2436 1002 2515 passim
1013 2431 1084 2509 jum

294 2534 408 2607 docent,
423 2532 484 2613 jsm
499 2533 569 2593 clim
588 2536 700 2613 saepius
718 2535 915 2596 demandavit?

336 2631 382 2693 Ex
403 2632 510 2712 quibus
529 2633 661 2694 omnibus
680 2635 802 2713 ulilsquc
820 2637 926 2697 multis
944 2635 1085 2698 similibus

296 2734 388 2813 liquet
419 2734 513 2814 ipsum
546 2734 657 2814 Regem
678 2735 904 2810 Romnnorum,
925 2754 1011 2814 quem
1032 2756 1083 2799 ce·

293 2835 365 2896 teris
378 2834 509 2914 Regibus
522 2832 654 2898 Ecclesia
670 2836 809 2915 praefert,
824 2835 860 2895 ob
875 2836 1008 2897 omnibus
1021 2837 1084 2899 Ec·

292 2934 395 2997 clesiae
416 2933 484 2995 ultis
516 2935 578 2996 sine
599 2936 728 2997 oliorum
749 2932 859 3013 injuris
883 2936 946 2998 iore
967 2939 1083 3018 preele-

292 3035 426 3098 rendum.

335 3134 400 3198 lice
420 3135 575 3197 dicendum
596 3148 661 3211 est,
682 3136 760 3217 quod
785 3141 915 3202 nonnulli
935 3153 1083 3223 opponunt

704 643 706 648 .
762 588 1049 678 reurmcnrus
1066 541 1290 653 nmxsnnm
1313 585 1440 649 suun.

1835 588 1947 675 (ltus)

1156 727 1232 809 qula
1250 724 1353 795 duris,
1374 725 1432 806 qni
1445 724 1542 787 sentit
1556 725 1726 808 decepistis
1738 727 1828 790 libro
1846 729 1877 789 V
1876 730 1903 790 1.
1918 742 1946 793 et

1142 827 1192 888 u.
1211 827 1380 887 seeundum
1398 837 1544 888 naturum
1564 827 1594 906 ff.
1613 846 1659 892 ec,

1193 926 1303 989 Contra
1316 927 1391 987 enirn
1408 945 1509 987 rerum
1528 937 1663 987 naturum
1678 927 1788 990 nedum
1801 929 1944 990 rationem

1151 1027 1216 1090 fleri
1240 1029 1404 1098 videretur,
1437 1028 1461 1087 si
1494 1026 1567 1108 Regi
1599 1027 1804 1090 Romanorum
1838 1048 1945 1109 greces

1153 1130 1270 1210 Imperii
1292 1129 1404 1189 labores
1425 1137 1454 1188 et
1476 1128 1574 1187 anxias
1594 1147 1682 1190 curas
1698 1129 1897 1203 demondsri,
1918 1142 1945 1191 ct

1151 1225 1282 1306 ejusduu
1304 1228 1429 1289 honores
1449 1238 1479 1289 et
1501 1229 1606 1289 titulos
1632 1230 1660 1290 ei
1679 1228 1821 1308 denegari
1842 1228 1945 1291 debere

1151 1328 1319 1389 dixerimus.

1193 1427 1262 1499 Quo
1295 1428 1327 1489 lit
1349 1438 1381 1490 ut
1401 1430 1561 1490 necessario
1592 1428 1828 1503 concludamus,
1850 1429 1944 1508 ipsum

1152 1529 1355 1593 Romanorum
1387 1529 1497 1609 Regem
1529 1532 1665 1591 canonice
1695 1532 1850 1604 electum,
1872 1542 1902 1590 et
1928 1550 1943 1589 s

1154 1630 1262 1692 Sancte
1295 1630 1428 1691 Romane
1456 1629 1589 1692 Ecclesia
1619 1649 1674 1710 pro
1695 1629 1777 1709 Rege
1809 1631 1941 1708 cgnitum

1151 1742 1239 1810 etque
1264 1741 1449 1811 susceptum,
1481 1732 1584 1792 ceteris
1616 1730 1751 1791 omnibus
1776 1729 1942 1791 christicole

1155 1832 1286 1913 Regibus
1299 1832 1361 1894 sinc
1375 1848 1481 1893 eorum
1498 1827 1608 1905 injuria
1629 1828 1859 1910 praeterendum
1883 1852 1911 1889 ι.

1194 1932 1285 1994 Hodie
1300 1931 1370 1994 dum
1385 1932 1472 1994 lllisss
1491 1932 1520 1991 in
1531 1931 1657 1992 Desilicu
1673 1930 1777 1991 Sancti
1794 1930 1883 1991 Petri
1897 1948 1943 1993 oe·

1155 2033 1335 2108 lebraretur,
1355 2034 1495 2096 vexillum
1516 2032 1578 2094 sive
1592 2031 1781 2093 stendardom
1804 2030 1837 2091 in
1859 2049 1944 2111 supe·

1156 2132 1235 2194 riore
1256 2144 1339 2212 parte
1360 2133 1468 2195 Turris
1488 2131 1583 2194 castri
1604 2132 1705 2194 Sancti
1725 2130 1836 2212 Angeli
1867 2133 1945 2211 posi·

1155 2245 1219 2294 tum
1233 2230 1317 2309 juxte
1334 2232 1460 2313 ligurum
1474 2233 1578 2313 singoli
1597 2232 1734 2293 deorsum
1755 2250 1877 2293 versum
1895 2251 1943 2312 per

1150 2353 1271 2396 murum
1287 2335 1456 2417 pendentem
1468 2334 1635 2415 permensit,
1649 2334 1729 2411 quod
1744 2332 1781 2394 sb
1796 2333 1944 2408 omnibus,

1155 2433 1295 2497 Pontibce
1316 2436 1345 2496 in
1368 2437 1432 2496 loco
1453 2434 1589 2513 publices
1609 2433 1820 2496 benedictionis
1839 2434 1943 2512 populo

1151 2535 1346 2612 benedicente,
1358 2536 1453 2598 visum
1467 2547 1518 2596 esc
1535 2535 1606 2595 lieri
1618 2553 1684 2596 sero
1699 2535 1834 2614 vesperis
1848 2534 1942 2595 nullus

1150 2637 1353 2716 episcoporum
1392 2634 1592 2698 Cordinalium
1625 2635 1760 2697 interluit
1772 2679 1783 2710 ,
1829 2647 1860 2697 ct
1890 2635 1943 2697 boc

1150 2754 1235 2800 mcnc
1257 2738 1361 2799 ltlissse
1392 2754 1467 2797 nnus
1494 2746 1633 2810 tuntum,
1654 2735 1792 2798 videlicet
1813 2735 1888 2799 Rev.
1909 2736 1942 2796 D.

1150 2837 1313 2900 Cardinslis
1334 2836 1545 2899 Ulisboneusis.

1191 2937 1277 2998 Ferte
1298 2949 1424 3017 qusrts,
1440 2955 1512 3000 xxi.
1534 2938 1603 3000 dicti
1626 2940 1732 3000 mensis
1754 2939 1849 3014 mcii,
1869 2938 1941 3000 Res.

1151 3036 1181 3097 in
1202 3037 1318 3100 Christo
1340 3037 1371 3097 P.
1394 3037 1533 3101 Dominus
1555 3038 1680 3101 Aloisius
1707 3040 1863 3120 episcopus
1891 3038 1942 3099 rt-

1150 3139 1306 3214 murensis,
1321 3140 1494 3200 constitutus
1508 3138 1621 3219 Regens
1637 3139 1840 3203 Concellarise
1859 3142 1940 3221 Apo·

293 3238 337 3299 illi
355 3239 557 3301 tantummodo
575 3238 776 3302 Romanorum
794 3241 870 3324 Regi
885 3244 939 3306 bos
958 3244 1082 3306 honores
1150 3239 1290 3312 stolicse,
1313 3250 1346 3301 ut
1378 3240 1445 3300 talis
1473 3258 1491 3299 a
1521 3238 1752 3320 praesidentibus
1781 3241 1820 3303 de
1846 3240 1941 3301 Pereo

292 3337 406 3414 deberi,
427 3341 489 3419 qui,
504 3341 586 3402 nullo
603 3342 664 3403 olio
684 3342 885 3405 Romanorum
899 3346 1082 3426 lmperetors
1148 3337 1255 3416 blsjori
1277 3351 1411 3421 receptus
1424 3351 1486 3402 esce
1505 3342 1657 3421 signatura
1674 3359 1745 3403 vero
1760 3340 1940 3422 simplicium

292 3439 423 3515 siverrte,
439 3440 598 3521 Imperium
616 3443 809 3506 administrat.
831 3444 904 3507 Nam
926 3466 994 3508 cum
1017 3466 1082 3507 ma·
1148 3441 1382 3503 commissionum
1393 3450 1423 3503 et
1438 3440 1562 3501 alierum
1577 3460 1629 3519 per
1640 3441 1745 3521 placet
1756 3441 1939 3521 signaturum

291 3542 425 3603 nilestum
463 3542 502 3603 sit
544 3560 602 3605 nou
633 3546 692 3605 ulia
725 3546 838 3609 ratione
871 3546 982 3627 Regem
1013 3548 1082 3629 eligi
1147 3542 1288 3614 extensio,
1301 3541 1373 3603 Rev.
1391 3542 1421 3602 in
1439 3539 1559 3602 Christo
1573 3540 1656 3602 Patri
1669 3542 1706 3602 D.
1723 3540 1939 3623 Christopbcro

292 3640 494 3710 Romanorum
508 3642 568 3703 alio
586 3643 686 3706 adhuc
708 3646 823 3708 vivente
835 3691 845 3721 ,
868 3648 921 3709 nisi
940 3661 973 3710 ur
995 3641 1083 3730 ipsiu,
1149 3641 1183 3706 de
1205 3640 1299 3701 Lotus
1319 3644 1411 3705 electo
1433 3640 1617 3704 Glandatcnsi
1638 3652 1682 3703 est
1702 3643 1872 3704 commissa.
1971 3689 1975 3695 .

293 3743 461 3822 imperantis
480 3739 543 3819 jam
575 3742 680 3807 debiles
702 3747 747 3808 vel
770 3748 942 3828 impotentes
968 3750 1083 3814 labores
1194 3740 1302 3803 Eidem
1318 3741 1375 3816 dies
1396 3741 1469 3804 ¹¹⁰¹·a
1490 3759 1546 3805 Π·
1569 3743 1614 3803 iel
1636 3743 1726 3816 cim,
1746 3762 1802 3823 W
1823 3754 1937 3825 portem

294 3842 444 3923 suscipiet,
468 3862 633 3925 gravesque
648 3846 761 3926 imperil
776 3865 864 3910 curas
878 3860 908 3911 ιι
921 3869 1011 3913 onere
1028 3870 1082 3933 ge·
1149 3843 1287 3908 Viridarii
1310 3843 1504 3912 intraverunt,
1515 3854 1644 3921 quotuor
1660 3839 1807 3906 Oratores
1826 3845 1938 3906 illustr.

297 3944 386 4008 rende
414 3954 598 4026 pertractet,
628 3958 658 4010 et
678 3947 858 4012 adrninlstret
870 3994 880 4026 ,
912 3953 1082 4017 rationabile
1150 3944 1295 4025 Principis
1310 3944 1345 4005 D.
1364 3943 1463 4006 Caroli
1477 3943 1616 4005 romanis
1633 3945 1752 4006 Amudei
1769 3945 1861 4007 Ducis
1881 3945 1939 4006 Su·

296 4047 426 4127 proiecto
458 4058 485 4108 et
510 4065 619 4126 equum
640 4059 708 4125 est,
730 4069 798 4112 eum
816 4069 885 4114 cum
903 4051 965 4133 ipso
985 4054 1082 4135 lmpe-

294 4158 414 4221 ratore„
434 4165 470 4208 ιι
503 4147 528 4208 si
550 4147 649 4210 eedem
671 4168 792 4228 persona
824 4162 898 4214 esset
917 4154 1021 4216 eisdem
1043 4156 1082 4216 tl·

293 4248 374 4320 tulis,
387 4259 416 4310 ct
432 4247 594 4310 bonoribus
609 4248 753 4311 decorari:
769 4250 837 4313 hinc
847 4273 950 4316 eorum
963 4266 1082 4316 utrum·

295 4364 374 4425 que,
395 4357 424 4409 et
446 4349 601 4412 Caesarem
628 4362 659 4413 et
679 4369 793 4432 semper
810 4355 977 4434 Augustum
998 4353 1081 4417 dom-

296 4449 433 4510 munibus
465 4451 559 4511 titulis
591 4452 731 4531 appellari
760 4452 914 4530 ridemus,
946 4466 978 4517 ut
1012 4475 1080 4518 cnm

293 4549 424 4611 eamdem
452 4561 482 4612 et
501 4552 689 4632 lmperstorls
722 4565 752 4615 et
771 4552 972 4618 Romanorum
992 4557 1081 4638 Regis

293 4650 497 4728 provinciam,
519 4650 658 4731 idemque
683 4658 837 4735 utriusque
867 4657 1001 4738 Regnum
1021 4678 1081 4721 csse

292 4751 455 4825 truamur,
473 4752 536 4831 ipso
550 4753 664 4817 nomine
677 4765 788 4817 tuntum
805 4777 854 4820 eos
874 4759 991 4823 differre
1009 4779 1080 4823 con-

293 4851 397 4914 cedere
419 4851 583 4915 debeamus.

335 4952 461 5014 Demum
481 4955 566 5018 sicuti
585 4955 618 5017 S.
633 4955 728 5019 lister
744 4958 886 5033 Ecclesia,
904 4979 939 5022 cc
954 4959 1080 5024 Sacrum

295 5056 462 5119 Romanum
483 5059 652 5139 Imperium,
673 5061 699 5120 si
720 5062 820 5141 sliquo
841 5064 927 5143 gravi
948 5064 1080 5142 periculo

294 5157 462 5222 bborcreot
482 5177 540 5221 non
557 5161 636 5221 senio
654 5161 819 5236 conlectus,
836 5172 889 5222 eur
908 5162 1020 5224 viribus
1034 5164 1079 5225 ei·

1149 4045 1280 4120 baudiae,
1292 4045 1421 4108 videlicet
1439 4044 1511 4107 Res.
1527 4045 1556 4105 in
1571 4044 1689 4107 Christo
1703 4043 1737 4106 Ρ.
1756 4044 1795 4105 D.
1809 4045 1937 4106 Dartbo·

1149 4148 1280 4209 lomecus
1300 4146 1450 4227 episcopus
1461 4144 1610 4217 Niciensis,
1629 4144 1726 4226 llagg.
1739 4144 1804 4206 DD.
1824 4146 1938 4207 utrius·

1150 4267 1206 4328 que
1234 4248 1316 4309 luris
1335 4247 1477 4310 Doctores
1498 4247 1650 4328 Philippus
1671 4248 1829 4325 Vegnonus
1852 4248 1936 4309 miles

1148 4348 1284 4429 licgister
1301 4349 1403 4411 domus
1418 4348 1486 4410 dicti
1498 4348 1597 4421 Ducis,
1617 4347 1723 4410 Petrus
1736 4348 1773 4411 de
1788 4345 1937 4430 Corioli)

1149 4450 1346 4524 consiliarius,
1366 4461 1395 4511 et
1414 4449 1591 4511 collateralis
1607 4446 1735 4525 ejusdcm
1749 4447 1844 4510 Ducis
1864 4466 1938 4528 pro-

1149 4560 1291 4624 curator,
1325 4562 1355 4612 et
1387 4548 1458 4610 Rev.
1495 4548 1583 4611 Peter
1616 4548 1757 4610 Dominus
1792 4549 1937 4612 Ιιιιιιιιιι

1149 4650 1264 4724 Dricli,
1285 4650 1338 4729 qui
1358 4669 1375 4710 o
1397 4651 1555 4731 praelatis,
1572 4660 1603 4711 et
1620 4649 1737 4711 familiis
1761 4647 1820 4712 88.
1842 4650 1881 4712 D.
1902 4648 1935 4712 ll.

1146 4764 1177 4815 ct
1197 4752 1292 4814 Revv.
1312 4751 1375 4811 DD.
1397 4750 1597 4813 Cardinslium
1619 4769 1701 4814 more
1731 4751 1819 4813 solito
1853 4770 1936 4814 rece·

1147 4854 1208 4935 pti,
1230 4852 1266 4912 sd
1286 4852 1504 4932 hospitiumque
1522 4870 1626 4913 cortem
1645 4851 1844 4929 habitationis,
1860 4852 1936 4930 quod

1148 4963 1211 5015 erut
1231 4953 1260 5013 in
1281 4954 1401 5031 regione
1427 4952 1559 5032 Regulae
1576 4949 1662 5028 juxta
1691 4952 1814 5014 demum
1841 4972 1937 5032 quou-

1147 5052 1213 5114 dem
1231 5052 1267 5112 D.
1287 5052 1367 5115 Petri
1380 5052 1414 5115 de
1428 5052 1564 5115 Perrerio
1580 5052 1742 5133 scriptoris
1760 5054 1936 5133 Apostolici,

1147 5154 1278 5215 associati
1299 5153 1430 5228 luerunt3
1448 5153 1643 5231 equitavimus
1661 5164 1771 5227 autem,
1794 5154 1935 5235 liegistro

292 5259 386 5323 iectus
402 5258 465 5338 jam
486 5260 670 5340 imperator,
689 5261 739 5325 sed
759 5265 818 5343 ipse
848 5261 910 5323 Rex
930 5261 1080 5325 Romano.
1147 5252 1249 5316 domus
1260 5252 1355 5335 Papae
1376 5254 1417 5315 sic
1437 5256 1561 5328 volente,
1582 5255 1628 5316 ris
1650 5264 1729 5318 rectu
1745 5255 1934 5337 sturnpum

297 5378 366 5421 rum
385 5360 412 5424 ei
434 5359 542 5422 viventi
568 5362 705 5424 suffectus
724 5362 781 5423 illis
801 5380 978 5424 succurrere
999 5375 1080 5425 cene-
1145 5355 1263 5429 Floree,
1285 5364 1313 5415 et
1335 5353 1441 5414 ibidem
1458 5354 1542 5434 juxta
1572 5355 1690 5417 domum
1712 5353 1877 5417 cardinalis
1903 5357 1935 5419 de

295 5472 401 5535 retur,
421 5462 462 5523 its
481 5462 691 5544 proculdubio
712 5474 935 5527 consentaneum
955 5477 983 5527 et
1004 5465 1077 5546 legl-

295 5558 399 5678 ffimllssf
419 5573 485 5678 {³¹2
503 5572 532 5625 ⁰¹
548 5563 599 5642 (1¹¹3
613 5564 728 5627 ¹⁰b⁰s0⁸
742 5574 772 5627 θῑ
786 5566 916 5645 Wiffll‘
933 5566 1079 5646 Dmsef‘t
1186 5611 1221 5673 (ι)
1236 5608 1293 5660 tlon
1310 5607 1340 5656 de
1356 5604 1450 5666 Corio,
1466 5607 1515 5658 sed
1532 5605 1599 5659 (loro
1617 5610 1675 5660 erst
1694 5608 1752 5669 clus
1770 5620 1933 5674 cognomen,

294 5678 318 5722 rs
340 5679 469 5727 cressum
489 5662 616 5730 bonores
632 5667 820 5747 praemioque
836 5668 995 5749 suscipiat,
1014 5666 1078 5731 lie·
1145 5692 1183 5741 uti
1199 5701 1233 5739 ιι
1251 5687 1381 5751 impressa
1398 5685 1528 5739 orations.
