4492 6859
253 608 364 693 (tros)

254 743 380 805 Secundi
402 740 521 805 Siciliae
539 754 594 804 etc.
611 741 701 823 Regis
715 744 771 805 hoc
787 745 899 806 ordine.
918 744 989 807 Res.
1008 744 1044 805 Ι).

254 845 408 907 Cardinale
418 844 630 923 montisregalis
644 844 755 924 legato
766 848 926 926 apostolico
941 865 1048 927 supra-

192 985 196 991 ·
254 944 333 1005 dicto
346 954 374 1004 et
386 944 466 1022 Rege
477 946 656 1005 serenissimo
672 947 700 1005 in
716 948 840 1025 quodam
857 966 971 1007 camera
987 947 1047 1009 Ca·

254 1046 309 1105 stri
330 1046 397 1105 nori
421 1044 538 1124 Neapoli
555 1046 583 1104 in
599 1046 712 1106 duabus
730 1047 844 1108 sedibus
862 1048 1047 1121 sedentibus,

254 1155 284 1205 et
305 1144 377 1204 inter
400 1146 474 1223 ipsos
495 1148 551 1206 alia
567 1155 596 1205 et
616 1146 654 1205 ad
669 1149 813 1207 sinisiram
829 1148 918 1227 Regis
938 1159 1045 1226 quarta

254 1245 394 1304 similibus
407 1245 521 1307 sedibus
538 1247 617 1306 vanis
632 1291 641 1319 ,
656 1249 735 1309 restit
752 1250 899 1327 praelatus
912 1249 976 1308 Don
992 1250 1045 1310 Jo-

254 1343 393 1404 lredusa
420 1345 519 1423 paucis
541 1343 691 1406 Nobilibus
713 1350 892 1421 associatus,
914 1359 942 1408 et
971 1351 1045 1411 sedit

254 1443 291 1502 ad
311 1445 456 1504 sinistram
479 1444 566 1523 Regis
578 1467 588 1518 ;
610 1466 715 1525 parum
736 1459 804 1527 post
839 1450 917 1509 venit
939 1449 1042 1510 Sancia

253 1544 400 1622 praedicta
415 1564 466 1624 per
483 1546 630 1606 lllustriss.
652 1546 686 1607 Ι).
706 1549 892 1611 Fridericum
914 1548 949 1610 dc
964 1550 1043 1610 Ara·

252 1645 338 1721 goniu
359 1644 480 1704 tratrem
500 1644 626 1725 Regisa
658 1649 784 1730 sinistris
804 1650 904 1711 eodem
933 1650 1042 1724 ducta,

251 1754 281 1804 ct
301 1762 362 1805 xtt.
387 1746 432 1805 rei
455 1746 534 1805 eirca
554 1747 724 1808 mulieribus
745 1753 806 1810 siae
828 1751 968 1810 matronis
990 1770 1042 1810 as·

251 1845 370 1915 sociata,
382 1863 456 1922 quac
473 1847 565 1907 locata
583 1846 641 1908 tun
655 1849 729 1910 inter
742 1848 886 1928 Legatum
903 1870 919 1909 a
935 1849 1041 1911 dextris

251 1955 281 2004 et
301 1944 411 2022 Regem
433 1957 544 2024 patrem
568 1965 655 2006 suum
676 1928 854 2022 asinistris3
878 1950 983 2027 quibus
999 1952 1040 2011 sic

251 2043 437 2117 sedentibus,
459 2046 536 2105 venit
557 2045 593 2105 tt.
617 2045 651 2106 P.
673 2047 708 2107 D.
731 2048 867 2110 Julianus
888 2053 1040 2129 episcopus

252 2143 418 2223 Tropiensis
445 2145 585 2223 praedicti
618 2147 742 2209 Serenis.
774 2150 863 2229 Regis
893 2151 1041 2230 cappella-

251 2263 306 2305 nus
318 2244 426 2321 major,
436 2248 558 2320 amictu,
570 2248 645 2322 alba,
658 2250 789 2329 cingulo,
804 2253 887 2323 stola,
902 2261 930 2310 et
951 2251 1040 2312 mitra

253 2348 392 2424 preciosis
418 2358 549 2425 paratus,
571 2351 701 2429 cappello
722 2369 786 2423 suo,
807 2351 1038 2429 superpelliceo,

252 2456 281 2506 et
303 2447 422 2525 pluviali
446 2449 572 2521 indutus,
587 2460 653 2510 ante
668 2451 761 2529 ipsum
782 2450 919 2511 baculutn
939 2461 1038 2528 pasto·

251 2549 343 2608 ralem
365 2547 516 2621 deserens,
548 2550 598 2627 qui
630 2569 731 2611 coram
765 2549 878 2629 Legnto
910 2561 938 2611 et
959 2549 1038 2629 Rege

251 2649 445 2720 constitutus,
466 2648 592 2727 deposita
614 2651 701 2710 mitra
717 2670 771 2730 pro
786 2651 948 2712 reverentia
970 2651 1039 2729 ipsis

251 2746 394 2820 iacienda,
425 2751 454 2808 in
484 2760 592 2809 terrant
615 2752 779 2830 genuflexit.
812 2752 889 2812 Tum
922 2764 1038 2832 accepta

251 2850 338 2908 mitra
352 2847 422 2909 dixit
442 2869 561 2928 sponsae
574 2871 582 2909 c
595 2853 646 2914 ΙΙΙ.
658 2853 818 2913 Modonnos
834 2853 965 2926 Soneio,
981 2872 1039 2916 oo·

251 2950 314 3010 lete
336 2951 388 3013 voi
401 2953 542 3033 piplicre
561 2973 619 3033 per
642 2967 748 3016 vostro
771 2955 925 3037 legittimo
947 2974 1038 3035 sposo

250 3049 499 3112 t’lttusna'ssimo
513 3052 581 3133 Sip.
594 3054 666 3114 Don
677 3054 834 3136 Justsredo
844 3057 967 3137 Rorpia
982 3058 1038 3136 qui

247 3161 403 3228 presente,
426 3150 463 3209 ad
485 3170 559 3229 quae
583 3152 670 3213 verba
693 3155 838 3233 respondit
859 3156 918 3216 sine
938 3173 1036 3215 mora:

250 3252 369 3333 voglio.
383 3250 449 3320 Quo
464 3253 540 3312 lacto
556 3253 630 3313 idem
646 3255 806 3332 episcopus,
823 3253 970 3313 advirum
987 3273 1038 3316 re·

251 3370 364 3425 versus,
385 3352 473 3413 dixit:
489 3353 711 3416 illustrissimo
725 3354 793 3435 Sip.
804 3354 963 3435 ¹Jortsredo
980 3376 1038 3417 vo·

251 3452 311 3513 lete
328 3453 380 3515 coi
397 3454 540 3535 piplicrre
558 3473 617 3533 per
637 3465 744 3515 vostro
766 3455 924 3536 legittime
944 3473 1038 3534 sposo

249 3564 279 3613 et
299 3555 451 3635 nropliero
470 3556 493 3614 Γ
505 3553 730 3616 illustrissima
742 3556 899 3617 Medocina
915 3555 1037 3617 Soneio

250 3657 288 3716 de
299 3656 461 3737 Aruponio
474 3656 531 3736 qui
540 3667 696 3735 presente·
714 3656 749 3715 atl
762 3675 837 3734 quae
849 3655 937 3718 rerba
948 3657 1036 3723 etiam

249 3757 308 3835 ipse
331 3756 477 3836 respondit
498 3758 557 3817 sinc
576 3775 674 3817 mora:
687 3759 801 3838 voglio.
816 3756 862 3817 Ex
878 3767 946 3817 tunc
961 3757 1036 3818 idem

248 3857 314 3917 Don
336 3857 473 3917 Jolredus
493 3857 613 3915 accessit
633 3855 669 3913 ad
695 3874 850 3934 sponsam,
870 3869 898 3917 et
916 3856 1037 3935 Episco-

248 3976 330 4038 pus,
361 3966 479 4034 accepta
507 3973 595 4015 snanu
616 3955 731 4016 dextera
753 3955 875 4015 Sanciae
895 3974 1038 4035 sponsae,

249 4056 399 4135 conjunxit
419 4074 483 4115 eam
505 4055 637 4116 dexterae
658 4073 745 4115 manu
767 4054 899 4129 dolredi,
931 4068 960 4117 et
988 4058 1035 4117 al·

252 4170 316 4219 tero
338 4157 459 4215 ulterius
480 4174 597 4214 manum
618 4156 661 4218 sic
683 4155 859 4230 tenentibus,
885 4156 944 4237 ipse
964 4157 1038 4237 Epi·

251 4277 357 4336 scopus
392 4255 462 4315 dixit
497 4266 556 4316 tres
589 4257 754 4330 orationes,
789 4257 921 4319 videlicet
951 4258 1037 4323 Deus

245 4360 423 4432 Robrornn,
434 4358 623 4420 Deusdsouc
633 4371 688 4419 ctc.
703 4360 868 4421 benedicat
882 4378 936 4422 vos
951 4360 1036 4422 Deus

244 4471 301 4520 etc.
312 4460 445 4539 Respice
460 4479 647 4539 quaesumus
661 4460 796 4522 Domine
813 4470 869 4521 etc.
891 4462 919 4520 in
936 4459 1036 4522 ordine

244 4561 421 4639 sponsalium
443 4560 572 4637 positas,
604 4559 708 4637 quihus
731 4561 872 4634 recitatis,
891 4561 1035 4640 producto

244 4682 332 4741 super
350 4674 475 4738 utroque
490 4661 572 4738 signo
588 4663 696 4734 crucis,
717 4664 846 4734 recessit,
860 4662 938 4721 lacta
953 4663 1035 4740 prius

244 4761 367 4841 legato,
391 4760 524 4839 et-Regi,
547 4770 579 4819 ut
600 4762 692 4838 prins,
714 4764 885 4823 reverentia.
906 4764 1033 4823 Attalum

246 4883 365 4943 sponsae
387 4880 442 4922 non
465 4864 610 4941 imposuit,
626 4863 694 4939 quia
714 4862 826 4924 dicebat
848 4863 1034 4924 consuetudi·

246 4983 312 5027 netn
336 4964 554 5043 Neapolitanam
577 4963 697 5023 anulum
722 4964 750 5023 in
772 4964 867 5024 salsis
887 4963 1035 5027 Ecclesiae

244 5078 311 5126 unte
334 5064 585 5125 intronizationem
604 5070 709 5144 sponsi,
730 5075 759 5124 et
777 5083 895 5136 sponsae
914 5065 1032 5144 imponi,

249 5184 309 5227 non
334 5166 431 5227 modo.
453 5166 504 5224 llis
525 5165 568 5223 sie
590 5168 735 5244 peractis,
757 5165 874 5243 quidam
897 5166 1032 5227 Notarius

244 5265 451 5346 Neapolitanus
473 5275 658 5327 contractum
677 5268 849 5327 matrimonii
866 5262 1032 5342 hujusmodi

245 5381 375 5448 tempore
397 5370 493 5427 clarae
527 5368 683 5427 memoriae
709 5367 884 5429 Fordinandi
917 5367 1033 5429 Siciliae

245 5470 333 5548 Regis
354 5471 542 5548 stipulatum,
563 5468 678 5548 publice
700 5469 791 5549 legit,
813 5466 900 5545 cujus
920 5469 1031 5547 copiam

243 5572 280 5633 D.
315 5571 479 5651 Stephanus
512 5570 546 5630 de
583 5568 691 5630 Narnia
723 5569 860 5631 Notarius
892 5571 1031 5633 Gamerae

242 5674 423 5753 spostolicae
445 5673 473 5733 in
495 5670 630 5733 matribus
648 5670 765 5749 habens,
786 5672 939 5754 diligenter·
961 5689 1030 5733 cum

723 583 1007 672 rontirrctrrts
1029 605 1255 668 sessanum
1273 605 1399 668 saxna.

1839 609 1899 670 aot

1115 745 1173 805 alio
1193 744 1352 822 originali,
1376 742 1454 821 quod
1476 741 1570 803 dictus
1585 740 1787 824 Neapolitanus
1808 743 1901 807 Nota-

1114 845 1176 904 rius
1196 843 1318 923 legebat,
1339 842 1521 903 auscultabat
1532 864 1543 916 3
1566 842 1594 903 in
1615 861 1675 921 quo
1696 844 1809 923 quidam
1831 863 1902 908 con-

1113 955 1212 1005 tractu
1243 947 1316 1004 inter
1337 945 1393 1005 alia
1412 942 1488 1003 dicto
1510 942 1573 1003 [lon
1595 944 1712 1006 Jolredo
1741 946 1901 1025 promicle·

1112 1044 1219 1104 bantur
1235 1045 1412 1123 principatus
1434 1063 1505 1116 sex,
1526 1054 1555 1104 et
1576 1046 1739 1117 comitatus,
1754 1057 1901 1123 quatuor·

1111 1146 1202 1204 millia
1224 1143 1400 1204 ducatorum
1431 1144 1554 1222 singulis
1574 1144 1656 1204 annis
1677 1144 1848 1218 inserentia3
1869 1156 1899 1207 et

1113 1243 1141 1303 in
1168 1244 1447 1317 comminabatur,
1480 1244 1558 1321 quod
1591 1247 1649 1324 ipse
1670 1245 1733 1306 Don
1763 1246 1899 1309 lofredus

1112 1344 1185 1403 inira
1206 1361 1315 1403 annum
1337 1343 1500 1422 quindecim
1534 1345 1626 1405 millia
1648 1344 1847 1422 ducatorum,
1868 1358 1899 1409 et

1107 1440 1215 1520 jocalia
1233 1446 1339 1505 valoris
1354 1443 1452 1505 decem
1469 1445 1592 1505 millium
1605 1446 1794 1520 ducatortmr‚
1810 1466 1900 1528 spon·

1109 1565 1158 1607 sae
1173 1547 1287 1607 tradere
1302 1545 1435 1618 deberet3
1451 1544 1501 1622 qui
1517 1556 1682 1607 contractus
1693 1545 1749 1606 luit
1769 1545 1804 1608 de
1821 1566 1896 1609 noro

1110 1648 1184 1707 inter
1207 1658 1303 1727 partes
1336 1647 1499 1726 praedictas
1521 1647 1688 1726 stipulatus,
1720 1659 1749 1708 et
1769 1649 1894 1727 stipula·

1109 1750 1214 1808 tionem
1232 1744 1398 1823 hujusmodi
1417 1747 1453 1807 Ι).
1471 1747 1634 1825 Stephanus
1650 1759 1677 1808 et
1693 1748 1767 1809 nlius
1783 1747 1895 1809 Notarii

1108 1848 1268 1928 supradicti
1290 1847 1396 1926 rogati.
1420 1845 1487 1915 Quo
1502 1858 1631 1926 peracto,
1647 1860 1814 1927 apportatas
1828 1850 1898 1912 lue·

1108 1959 1177 2009 runt
1199 1960 1327 2027 quatuor
1348 1950 1440 2028 petiae
1461 1948 1594 2010 brocbati
1626 1948 1810 2011 diversorum
1844 1968 1898 2011 co·

1107 2050 1205 2110 lorum
1227 2049 1450 2128 pulcherrimae,
1465 2059 1493 2109 et
1508 2050 1662 2109 nonnullae
1682 2051 1754 2111 aliae
1775 2049 1810 2110 de
1832 2050 1897 2111 sel·

1106 2148 1169 2209 luto
1190 2161 1246 2209 etc.
1266 2159 1295 2208 et
1316 2158 1376 2210 tres
1397 2150 1525 2210 collanae
1547 2167 1651 2210 aureae
1674 2168 1740 2210 cum
1769 2149 1893 2211 divensis
1956 2164 1959 2170 ’

1105 2252 1248 2328 genimis,
1270 2260 1299 2309 et
1320 2250 1429 2328 perlis,
1452 2250 1591 2321 monilia,
1625 2251 1710 2311 multi
1742 2251 1841 2311 annuli
1862 2262 1893 2312 et

1104 2350 1161 2410 alia
1184 2347 1353 2425 hujusmodi
1385 2362 1554 2410 ornamenta
1579 2350 1730 2411 muliebria
1764 2350 1871 2411 valoris
1885 2394 1896 2426 ,

1105 2460 1139 2510 ut
1151 2468 1167 2509 a
1179 2450 1433 2512 circumstantibus
1447 2450 1673 2524 estimabantur,
1688 2461 1755 2511 octo
1769 2443 1896 2512 millium

1105 2549 1306 2623 ducatorum,
1329 2551 1374 2610 vel
1409 2550 1509 2622 circa;
1539 2569 1614 2628 quae
1636 2551 1744 2610 -omnia
1775 2550 1897 2612 luerunt

1103 2670 1220 2731 sponsae
1232 2651 1334 2712 donata
1347 2670 1401 2729 pro
1417 2660 1499 2729 parte
1513 2649 1576 2711 Dan
1592 2649 1702 2711 Jolredi
1718 2650 1872 2729 praedicti.
1902 2711 1907 2717 ,

1145 2750 1274 2812 Recessit
1295 2750 1394 2812 deinde
1413 2770 1531 2830 sponsa,
1558 2770 1575 2808 a
1597 2748 1661 2809 Dott
1691 2750 1843 2812 Friderico
1864 2761 1894 2811 et

1103 2853 1163 2912 suis
1184 2852 1361 2911 Dominabus
1383 2869 1452 2911 cum
1474 2851 1580 2928 quibus
1597 2862 1727 2922 venerat,
1741 2850 1894 2924 associata,

1103 2963 1132 3013 et
1167 2952 1251 3012 rediit
1283 2951 1319 3011 ad
1353 2952 1557 3012 habitationem
1590 2969 1673 3011 suam
1700 2995 1709 3026 ,
1742 2969 1830 3029 qrratn
1863 2951 1893 3011 in

1104 3051 1182 3111 dieto
1204 3050 1308 3112 Castro
1339 3051 1471 3112 habebat.
1503 3049 1629 3130 [regatus
1649 3049 1735 3111 etiam
1757 3048 1892 3110 adstotim

1104 3162 1169 3231 post
1190 3170 1253 3212 casn
1285 3153 1423 3224 recessit,
1446 3170 1464 3210 a
1498 3151 1577 3229 Rege
1600 3150 1748 3229 usquead
1773 3151 1891 3231 planum

1103 3251 1200 3312 Castri
1218 3251 1255 3310 ad
1275 3252 1384 3311 mulam
1408 3268 1491 3310 suam
1510 3251 1692 3324 associatus;
1719 3261 1748 3311 et
1778 3249 1816 3309 ad
1836 3268 1893 3329 pa-

1103 3352 1205 3410 latium
1238 3348 1398 3430 episcopale
1419 3350 1601 3410 habitationis
1632 3369 1702 3412 suae
1732 3351 1887 3429 equitavit.

1103 3450 1304 3510 interfuerunt·
1322 3460 1419 3511 autem
1439 3450 1602 3529 praemissis
1623 3450 1745 3530 praelati
1773 3451 1891 3512 circiter

1102 3552 1247 3613 decentet
1272 3553 1399 3614 Barones
1424 3553 1541 3613 circiter
1563 3568 1642 3613 xxv.
1669 3562 1697 3614 et
1728 3553 1778 3612 alii
1807 3554 1893 3631 pauci

1103 3651 1257 3726 Oratores,
1272 3652 1407 3732 praelatis
1422 3652 1554 3732 demptis,
1573 3652 1624 3731 qui
1645 3652 1674 3711 in
1696 3670 1756 3713 uno
1775 3671 1893 3715 scamno

1101 3752 1252 3826 sedebant,
1274 3763 1389 3813 stantes.

1143 3851 1252 3913 Eadem
1290 3852 1335 3914 die
1367 3851 1496 3911 intimata
1527 3850 1582 3910 luit
1614 3850 1734 3930 singulis
1768 3848 1892 3912 Archis-

1101 3951 1244 4031 piscopis,
1276 3961 1304 4011 et
1336 3950 1476 4029 episeopis
1497 3949 1525 4009 in
1557 3949 1672 4009 civitate
1695 3946 1888 4028 Neapolitana

1101 4050 1284 4113 existentibus
1298 4048 1359 4110 dies
1374 4049 1568 4110 coronationis
1587 4047 1693 4127 Regis,
1712 4058 1740 4109 et
1762 4046 1840 4127 quod
1861 4050 1891 4110 in

1101 4172 1135 4214 ea
1155 4151 1262 4213 tacturi
1281 4160 1395 4223 essent,
1413 4169 1466 4229 pec
1486 4149 1617 4211 cedulam
1637 4147 1827 4209 continentiae
1849 4158 1892 4208 te·

1101 4255 1180 4315 noris
1200 4252 1406 4333 subsequentis.

1143 4379 1160 4412 ι
1173 4354 1325 4417 intimatur
1338 4352 1470 4413 omnibus
1482 4361 1510 4411 et
1521 4347 1890 4431 singulishrcbicpiscopis,

1100 4467 1129 4517 et
1147 4458 1288 4537 episeopis
1308 4457 1355 4516 hic
1376 4458 1405 4514 in
1424 4454 1542 4515 civitate
1561 4452 1745 4534 Neapolitana
1768 4453 1889 4514 asisten-

1100 4557 1178 4617 tibus
1209 4558 1287 4637 quod
1308 4557 1434 4617 crastina
1455 4554 1522 4629 die,
1540 4567 1644 4616 octava
1675 4551 1766 4630 hujus
1785 4553 1889 4615 mensis

1100 4658 1190 4731 maii,
1216 4677 1273 4736 qua
1295 4658 1351 4720 erit
1382 4658 1488 4718 festum
1517 4656 1696 4716 hscensionis
1727 4653 1889 4714 Salvatoris

1100 4762 1191 4821 nostri
1210 4759 1280 4820 iesu
1299 4758 1421 4829 Christi,
1441 4755 1644 4821 serenissimus
1663 4754 1828 4835 Alphonsus
1850 4752 1886 4812 de

1099 4862 1246 4940 drogooiu
1265 4859 1408 4920 secundus
1429 4858 1542 4918 Siciliae
1557 4868 1611 4917 etc.
1631 4856 1704 4928 Rex,
1720 4855 1747 4915 in
1765 4853 1886 4914 ccclesia

1099 4960 1285 5040 Neapolitana
1305 4978 1357 5039 per
1376 4958 1449 5019 Rev.
1469 4957 1504 5018 Ι).
1523 4955 1665 5035 legatum
1684 4953 1886 5034 Apostolicum

1099 5063 1309 5135 coronabitur,
1335 5070 1488 5139 propterea
1520 5057 1609 5117 velint
1626 5075 1685 5117 esse
1715 5055 1788 5113 hora
1809 5053 1885 5112 inter

1098 5183 1145 5227 xt.
1159 5176 1188 5226 et
1202 5182 1264 5226 χιι.
1281 5165 1308 5223 in
1328 5162 1434 5242 palatio
1449 5159 1688 5239 archiepiscopali
1704 5157 1886 5236 neapolitano

1097 5264 1267 5326 residentiae
1285 5260 1414 5339 ejsudem
1441 5260 1513 5321 tter.
1540 5258 1578 5319 Ι).
1595 5256 1707 5338 Legati.
1731 5256 1887 5319 ledaeum

1096 5365 1196 5426 eodem
1216 5363 1253 5423 ad
1274 5363 1425 5424 eeclesiam
1447 5360 1624 5441 praedictam
1647 5360 1740 5432 ituri,
1768 5369 1797 5419 et
1831 5358 1887 5418 ibi-

1097 5466 1160 5528 dem
1182 5475 1348 5545 paramenla
1380 5459 1584 5533 Pontificalia,
1606 5478 1680 5538 quae
1709 5458 1763 5517 sibi
1785 5459 1884 5538 dispo·

1096 5576 1185 5640 nent,
1218 5576 1246 5627 et
1277 5565 1331 5624 sibi
1360 5561 1457 5623 alierri
1480 5560 1608 5633 iaciant,
1637 5559 1667 5618 in
1700 5557 1800 5631 locis,
1823 5557 1885 5619 sire

1094 5667 1218 5733 scamnis
1236 5684 1292 5747 pro
1306 5666 1346 5727 eis
1367 5664 1477 5745 paratis
1490 5660 1649 5742 recepturi,
1659 5657 1792 5726 videlieet
1805 5655 1883 5719 umi-
