4492 6859
352 643 414 703 ιιι
841 636 1123 706 ronrnrcsros
1145 621 1371 711 luaxsnonr
1393 642 1519 707 saxos.

1891 632 2003 719 (asan

358 793 423 838 meo
437 785 566 855 teaspore
580 773 695 833 nullum
718 789 846 851 unquam
862 773 986 835 verbum
1005 775 1042 835 sit
1058 775 1144 837 babi-
1210 779 1337 861 primum
1367 780 1468 842 loctrm
1498 792 1587 856 supra
1606 771 1748 835 Oratores
1779 770 2001 851 lrcbiepiscopl

352 887 435 947 tum,
453 874 506 933 alsi
523 873 561 932 ab
578 869 725 950 aliquibus
742 872 824 931 annis
842 873 945 954 elapsis
960 875 1052 946 citra,
1074 893 1142 936 aum

352 976 382 1035 in
396 974 478 1037 Urbe
495 983 570 1034 esset
590 972 626 1032 t).
648 971 825 1034 wilhelmus
846 973 881 1032 de
902 973 988 1035 Ribra
1010 976 1093 1036 miles
1113 988 1143 1037 et

352 1073 474 1136 Orator.
505 1070 562 1142 Qui
585 1069 674 1148 bajus
695 1075 884 1134 contentionis
904 1078 988 1154 origo
1017 1076 1093 1151 luit,
1114 1088 1143 1139 et

355 1176 503 1245 inventor,
518 1190 646 1234 naerens
661 1193 696 1233 ex
715 1173 861 1252 lmperiali
876 1174 954 1235 bulla
969 1194 1059 1237 anrea
1081 1178 1142 1239 ca-

354 1276 447 1337 rolina
468 1273 688 1346 coloniensem,
709 1272 921 1334 cancellarium
943 1295 1002 1337 esse
1023 1277 1141 1357 lmperii

353 1395 407 1455 per
428 1376 555 1448 ltaliam,
576 1388 604 1437 et
624 1386 777 1455 propterea
799 1376 971 1456 praecedere
993 1376 1097 1439 debere
1112 1380 1141 1439 in

350 1475 434 1539 ltalia
449 1477 663 1556 Muguntinum,
682 1479 731 1555 qui
749 1477 946 1539 cancellarius
964 1489 1007 1538 est
1029 1478 1057 1537 in
1080 1478 1142 1542 Ge·

354 1579 523 1653 mania3noo
535 1580 692 1652 attendens,
703 1579 905 1659 Maguntinum
921 1579 1070 1641 Dacanum
1081 1600 1142 1643 essa

355 1680 484 1740 omnium
497 1678 677 1754 Electorum,
690 1692 851 1761 propterea,
863 1679 912 1742 ubi
928 1683 1007 1755 licet,
1020 1700 1142 1761 praece·

357 1778 426 1840 dere
444 1778 557 1841 debere.
574 1780 631 1841 Fui
646 1799 734 1861 super
751 1781 955 1843 consuetudine
971 1801 1023 1862 per
1043 1782 1141 1843 arnbm

352 1891 448 1958 partes
464 1880 683 1959 interrogatus,
700 1882 805 1959 quibus
823 1882 955 1961 respondi
975 1882 1050 1942 bane
1068 1901 1141 1944 con·

352 1980 508 2041 tentionem
529 1998 635 2041 novam
656 1999 728 2052 esse,
748 1993 777 2042 et
799 1981 980 2061 praedictum
994 1981 1140 2060 quondam

351 2077 508 2141 Dominum
540 2080 730 2143 Wilbelmum
754 2080 790 2140 de
818 2080 907 2141 Bibra
942 2084 1118 2160 excogitasse
1129 2105 1140 2157 3

356 2196 418 2256 quo
451 2180 595 2242 intellecto
627 2179 703 2241 inter
735 2198 766 2239 se
792 2178 1030 2255 concordarunt,
1062 2182 1141 2260 quod

355 2279 430 2340 alter
451 2297 555 2340 eorum
576 2277 725 2339 alternatis
746 2278 858 2339 vicibus
880 2280 1016 2355 venirat,
1040 2281 1141 2360 sicque

351 2376 441 2441 bodie
469 2378 612 2439 Dominus
634 2377 777 2438 Antonius
797 2389 999 2457 permaneret,
1019 2391 1047 2441 et
1066 2383 1140 2442 alter

351 2497 407 2559 pro
439 2479 487 2540 die
512 2479 657 2560 praedicta
682 2479 793 2539 veniret
805 2500 815 2552 ς
838 2497 898 2558 quo
923 2480 1025 2541 ordine
1051 2480 1140 2554 dato,

351 2578 447 2642 dictus
466 2577 501 2641 D.
527 2577 666 2638 Antonius
689 2578 766 2638 venit
787 2577 873 2639 bodie
898 2580 935 2640 nd
957 2581 1141 2661 cappellam,

352 2679 446 2740 altero
466 2689 548 2739 extra
568 2688 707 2739 manante.

395 2779 481 2841 Peria
496 2790 601 2857 quarta
616 2776 818 2839 Hebdomadas
833 2777 968 2854 Sanctae,
982 2798 1026 2841 ιιι.
1038 2782 1140 2843 mensis

354 2879 471 2960 aprilis,
493 2878 696 2939 sanctissimus
715 2877 752 2937 ι).
775 2876 809 2935 ll.
830 2877 957 2938 amictus
977 2879 1054 2952 alba,
1074 2881 1141 2940 oin-

357 2981 446 3059 gulo,
460 2979 532 3039 stola
548 2979 695 3049 violacea,
714 2988 743 3037 et
764 2996 854 3059 eappa
877 2978 912 3041 da
932 2982 1059 3041 scarleto
1079 2982 1139 3043 sinc

357 3079 463 3153 mitra,
476 3089 505 3140 et
519 3079 578 3139 sine
598 3096 697 3153 cruce,
719 3080 905 3157 sequentibus
919 3081 1015 3161 ipsum
1031 3080 1140 3142 Cordi·

356 3178 482 3253 nalibus,
499 3191 529 3242 et
542 3179 606 3240 aliis
620 3198 701 3240 more
716 3181 812 3253 solito,
833 3180 911 3240 venit
925 3179 961 3239 ad
981 3182 1140 3262 cappellam

354 3277 509 3356 majorem,
520 3279 582 3353 ubi,
592 3280 668 3340 lecta
682 3279 814 3340 oratione
824 3280 853 3339 in
864 3279 1140 3354 faldistorioasccn·

355 3379 399 3443 dit
428 3379 544 3442 solium.
565 3377 726 3441 cardinalis
747 3378 878 3441 Senensis
903 3390 932 3440 et
952 3378 1139 3441 Camerarius

352 3498 387 3541 ex
407 3500 437 3542 se
457 3497 515 3540 non
537 3489 679 3539 venerunt
708 3478 745 3536 ad
775 3477 932 3559 aptandum
962 3482 1139 3542 anteriorem

351 3590 464 3661 partem
486 3579 669 3639 fimbriarum
687 3596 795 3657 cappae
813 3578 909 3660 Papae
926 3580 955 3639 in
969 3580 1139 3656 faldistorio,

352 3697 447 3758 neque
467 3697 501 3740 ex
520 3696 551 3739 se
571 3677 681 3757 Papam
695 3677 731 3735 ad
750 3675 856 3738 solidm
873 3680 1015 3741 associare
1035 3681 1139 3743 value-

352 3790 432 3841 rnut
454 3779 487 3839 ln
508 3795 579 3856 quo,
596 3778 663 3840 ticet
678 3778 754 3838 torte
783 3796 839 3838 non
867 3780 1047 3852 erraverint,
1069 3780 1138 3859 quia

355 3892 451 3942 tamen
463 3879 661 3959 superioribus
674 3879 826 3958 temporib.
838 3878 866 3939 id
876 3880 970 3941 lacere
982 3881 1139 3943 valuerunt

354 3992 384 4044 et
406 3982 559 4054 lecerunt,
580 3980 616 4042 de
637 3980 692 4043 boc
713 3998 731 4039 a
752 4000 799 4042 me
822 3982 1009 4055 commoniti,
1030 3984 1138 4044 iterum

354 4083 443 4144 modo
463 4082 493 4143 id
524 4093 656 4162 egerunt.
691 4080 768 4160 Papa
800 4092 896 4144 autem
926 4082 956 4141 in
982 4083 1055 4143 salio
1074 4084 1139 4145 exi-

355 4194 476 4258 stente,
501 4184 588 4244 etiarn
615 4192 768 4260 antequam
797 4182 908 4242 sederet
934 4194 1115 4244 recesserunt
1127 4228 1137 4258 ,

352 4296 449 4367 aptata
471 4295 568 4345 tamen
589 4283 671 4364 prius
692 4281 745 4342 sibi
772 4300 789 4340 a
816 4294 898 4344 retro
923 4282 1136 4360 aliquantulum

352 4403 451 4465 cappa.
484 4384 562 4463 Papa
593 4394 691 4443 nutem
725 4383 755 4442 in
785 4380 841 4443 line
867 4382 1048 4462 Antiphanae
1071 4394 1137 4463 post

351 4486 544 4549 Benedictus
565 4482 685 4563 repetite
705 4482 741 4542 ad
761 4482 954 4545 faldistorium
975 4496 1086 4559 eunte,
1107 4494 1137 4545 et
1179 4488 1184 4505 '

354 4583 433 4657 inde,
448 4583 525 4645 dicta
538 4584 679 4655 aratione,
695 4582 856 4656 recedente,
869 4603 904 4645 ac
921 4586 1048 4657 interim,
1059 4586 1138 4663 quod

353 4684 459 4746 ibidem
475 4682 701 4763 genullecteset,
719 4693 807 4763 atque
829 4702 920 4765 usque
941 4685 969 4746 in
992 4704 1137 4747 cameram

355 4786 473 4868 Papae,
494 4785 576 4846 nullo
596 4802 699 4846 eorum
720 4784 919 4848 cardinalium
947 4786 1137 4847 assistentium

353 4906 384 4951 se
403 4886 640 4968 approximante,
659 4883 787 4947 fimbrias
807 4905 914 4968 cappae
935 4887 1030 4966 Papae
1050 4888 1137 4948 simul

241 5050 243 5054 .
355 4992 491 5052 collectas
507 4988 636 5069 portavit
650 4987 890 5067 ,trobiepiscopns
900 4987 1072 5048 Arelatensis
1087 5006 1137 5047 os·

354 5091 486 5164 sistens,
512 5098 541 5149 et
562 5100 657 5150 cetera
679 5088 775 5149 omnia
797 5087 948 5149 observato
968 5096 1037 5146 suut
1056 5105 1138 5149 more

355 5193 447 5255 salita.
474 5190 682 5265 lnterluerunt,
703 5190 782 5270 Papo
802 5190 830 5248 in
852 5188 960 5268 capella
981 5198 1078 5261 eunte,
1098 5189 1135 5249 D.

353 5291 528 5354 Laurentius
558 5290 593 5353 de
621 5291 710 5351 Bibra
738 5301 768 5351 et
785 5290 930 5351 lohannes
947 5331 1055 5349 .....
1074 5289 1137 5348 Λι-

353 5394 527 5473 cbiepiscopi
546 5392 741 5466 coloniensis,
762 5392 868 5453 Petrus
889 5387 1000 5460 Queicls
1032 5388 1137 5451 comes

355 5493 521 5566 Palatinus,
546 5506 575 5554 et
596 5492 742 5554 liebertus
763 5490 931 5553 Naturellus
952 5490 1042 5552 Ducis
1062 5489 1137 5551 Phi·

353 5595 421 5675 lippi
442 5593 620 5655 Serenissimi
633 5593 834 5654 Romanorum
855 5590 943 5671 Regis
956 5590 1008 5651 uttt
1023 5589 1135 5652 Orato-

354 5714 422 5770 res,
443 5706 472 5758 et
491 5710 559 5755 cunr
579 5694 674 5759 dietus
693 5693 778 5756 llam.
796 5682 941 5755 liebertus
957 5693 986 5756 ln
1004 5692 1133 5770 cappella

1208 878 1382 941 Coloniensis
1403 875 1571 956 recepisset,
1594 875 1661 936 licet
1676 872 1746 934 dicti
1762 869 1910 934 Oratores
1929 872 2003 932 rnibi

1208 978 1330 1039 nihilum
1352 977 1387 1038 de
1409 977 1465 1037 ltoc
1484 974 1630 1046 dicerent,
1648 991 1683 1035 ex
1703 992 1752 1033 me
1768 972 1863 1034 eidem
1884 970 1921 1032 Ι).
1939 971 2002 1032 llo·

1209 1079 1291 1140 berto
1306 1075 1362 1159 (ι),
1377 1078 1440 1136 aliis
1461 1092 1517 1135 non
1537 1072 1762 1152 intelligentibus
1785 1075 1830 1134 vel
1854 1072 2002 1133 audienti·

1209 1181 1273 1253 bus,
1285 1181 1341 1241 dixi
1354 1181 1448 1259 ipsun
1460 1196 1548 1258 supra
1560 1176 1732 1237 Electorum
1744 1170 1890 1235 Oratores
1901 1174 2001 1235 locum

1210 1299 1368 1361 numquam
1381 1281 1524 1353 habuisse3
1535 1289 1564 1338 et
1577 1296 1623 1338 sne
1638 1277 1710 1336 alias
1725 1276 1903 1337 intellexisse
1914 1294 2002 1355 prae-

1208 1382 1300 1443 latum
1322 1382 1469 1442 Illustriss.
1497 1379 1608 1440 Dircam
1636 1395 1723 1438 suom
1748 1376 1910 1448 statuisse,
1932 1393 1999 1436 cunr

1209 1480 1392 1543 Electoribus
1419 1496 1601 1558 nequaquam
1624 1477 1794 1539 contendere
1825 1477 1930 1549 velle,
1954 1476 2002 1537 sed

1209 1581 1321 1654 cedere3
1342 1592 1497 1661 propterea
1518 1580 1647 1659 cogitare
1666 1580 1754 1640 vellet
1777 1578 1850 1657 quid
1876 1589 2000 1657 ageret3

1210 1684 1272 1763 qui,
1293 1682 1349 1743 boc
1364 1701 1381 1741 a
1399 1700 1445 1743 me
1463 1681 1618 1753 intellecto,
1636 1681 1769 1740 adstatim
1786 1679 1953 1759 cappellam
1969 1678 2002 1739 de

1209 1783 1275 1845 loeo
1289 1783 1439 1863 praedicto
1454 1782 1552 1843 exivit.
1574 1781 1704 1841 Primam
1720 1781 1875 1841 lectionem
1892 1781 1998 1841 sire...

1209 1882 1343 1945 dixerunt
1358 1892 1496 1961 quatuor,
1512 1880 1647 1942 videlicet
1669 1880 1705 1940 l).
1724 1879 1856 1960 Rapbael
1874 1879 2000 1940 cubicu-

1209 1983 1298 2043 larius
1320 1982 1351 2042 S.
1374 1982 1409 2041 ι).
1431 1980 1465 2041 ll.
1488 1980 1682 2041 subdiaconus
1702 1980 1850 2059 cappellae
1873 1989 2005 2052 nostrae,-

1208 2091 1238 2142 et
1259 2081 1377 2159 quidam
1397 2082 1490 2154 nlius,
1511 2099 1545 2140 nc
1560 2079 1618 2140 duo
1632 2097 1667 2138 ex
1685 2078 1857 2139 cantoribus
1879 2081 2002 2159 cappel-

1210 2183 1253 2243 lae
1274 2191 1389 2241 nostrae
1409 2181 1571 2241 stantesin
1603 2177 1785 2258 presbyterio
1806 2177 1837 2238 in
1859 2179 1929 2240 loco
1951 2178 2000 2238 ubi

1209 2282 1354 2343 credentia
1374 2282 1442 2362 poni
1465 2283 1538 2341 solet
1556 2299 1610 2360 pro
1629 2279 1813 2353 celebrante,
1835 2280 1919 2340 libro
1941 2281 2000 2339 sive

1208 2382 1283 2443 loliis
1304 2382 1332 2441 in
1355 2382 1465 2462 pulpito
1490 2380 1593 2441 ibidem
1615 2398 1668 2460 per
1689 2380 1831 2440 clericum
1852 2380 2000 2460 cappellae

1208 2484 1322 2562 posito,
1354 2500 1436 2543 more
1461 2482 1608 2562 bispaolco
1629 2489 1786 2542 cantantes.
1818 2480 1900 2540 Alias
1931 2488 1997 2541 octo

1209 2582 1341 2644 dixerunt
1360 2595 1491 2645 cantores
1511 2583 1541 2643 in
1563 2586 1627 2644 loco
1648 2600 1750 2643 eorum
1772 2592 1926 2643 consucta.

1249 2685 1334 2746 Feria
1349 2684 1684 2763 tertia,xxtur.aprilis,
1694 2682 1731 2743 R.
1744 2684 1772 2744 in
1782 2682 1905 2745 cbristo
1920 2693 2001 2762 pater

1209 2785 1243 2846 1).
1252 2786 1399 2847 llarianus
1412 2786 1561 2867 episcopus
1575 2783 1786 2856 Glandstensis,
1799 2782 2000 2845 cancellariae

1207 2886 1387 2966 Apostolicaa
1406 2886 1541 2965 Regens,
1563 2884 1674 2948 Romae
1705 2886 1733 2947 in
1763 2885 1903 2945 domibus
1933 2903 2000 2946 auae

1208 2987 1307 3048 solitae
1337 2987 1533 3061 residentiae,
1566 2985 1643 3049 diem
1674 2986 1779 3047 clausit
1811 2995 1999 3060 extremum,

1207 3086 1292 3166 cujus
1311 3087 1407 3147 aalma
1429 3087 1592 3165 requiescat
1614 3089 1641 3147 in
1663 3104 1757 3167 pace,
1779 3084 1868 3164 cujus
1890 3102 1999 3165 corpus

1207 3187 1305 3249 eadem
1335 3187 1378 3248 dle
1410 3196 1474 3267 post
1496 3186 1598 3248 boram
1621 3206 1811 3267 vesperorum
1843 3197 1997 3267 portatum

1206 3287 1263 3347 tuit
1283 3286 1320 3346 ad
1340 3289 1491 3348 ecclesiam
1521 3288 1626 3349 beatae
1653 3287 1761 3349 Mariae
1791 3286 1828 3349 de
1857 3288 1999 3368 Populo,

1207 3388 1377 3448 emaciatum
1405 3406 1423 3447 a
1448 3389 1561 3449 tamiliis
1589 3388 1653 3452 lttt.
1676 3387 1739 3448 ιιι).
1762 3385 1947 3467 Neapolitani
1967 3400 1997 3449 et

1209 3486 1342 3549 Senensis
1351 3486 1707 3568 cardinaliumllxequine
1725 3488 1788 3566 ejus
1805 3486 1922 3549 lrabitne
1933 3498 1999 3547 sunt

1208 3588 1330 3648 indicta
1352 3589 1471 3649 ecclesia
1493 3588 1538 3650 die
1560 3590 1644 3650 lunae
1663 3606 1757 3652 xxrx.
1773 3587 1845 3648 dicti
1869 3588 1976 3649 mensis
1987 3611 1997 3662 ς

1207 3689 1322 3749 Missam
1342 3688 1499 3751 celebravit
1520 3688 1556 3750 ll.
1580 3690 1608 3750 in
1628 3690 1745 3752 cbristo
1766 3689 1854 3750 Pater
1876 3687 1914 3748 l).
1935 3687 1999 3749 Ga·

1207 3787 1279 3850 brial
1299 3789 1453 3869 episcopus
1474 3790 1647 3852 Adiacensis.

1247 3889 1334 3951 Paria
1357 3891 1466 3968 quinta,
1488 3890 1538 3951 25.
1560 3890 1629 3952 dieti
1658 3890 1762 3950 mensis
1782 3889 1903 3969 aprilis,
1924 3888 1997 3949 testo

1207 3988 1239 4051 S.
1253 3989 1345 4051 lllarci
1360 3990 1570 4070 Evangelistae‚
1585 3990 1617 4051 S.
1635 3991 1671 4050 l).
1687 3989 1721 4049 tt.
1736 4001 1857 4070 paratus
1872 3989 1996 4062 amictu,

1206 4091 1293 4167 alba,
1314 4093 1454 4172 cingulo,
1476 4092 1616 4172 capucino
1636 4091 1671 4153 de
1693 4092 1792 4153 veluto
1811 4092 1994 4163 cremesiun,

1206 4204 1235 4254 et
1249 4194 1323 4255 stola
1338 4194 1467 4273 preciosa
1489 4210 1578 4252 aurea
1601 4210 1668 4253 oum
1690 4192 1788 4272 perlis,
1813 4190 1994 4271 praeceden-

1206 4294 1284 4354 tibus
1305 4311 1395 4355 cruce
1415 4304 1445 4355 et
1465 4291 1682 4366 cardinalibus,
1713 4289 1856 4370 equitavit
1883 4291 1921 4350 ad
1941 4308 1994 4352 ec·

1207 4395 1322 4457 alestam
1356 4393 1454 4454 Sancti
1483 4392 1575 4453 llarcl
1604 4411 1657 4473 per
1693 4391 1769 4451 viam
1801 4390 1918 4469 Papae3
1945 4391 1994 4450 ubi

1206 4505 1358 4576 postquam
1374 4494 1518 4556 descendit
1532 4512 1567 4555 cx
1581 4512 1658 4572 equo
1673 4492 1709 4552 ad
1724 4493 1888 4566 eeclesiam,
1906 4509 1997 4553 oscu-

1206 4598 1281 4658 latus
1301 4607 1345 4659 est
1364 4613 1484 4660 crucem
1506 4614 1559 4675 per
1581 4594 1617 4654 tt.
1636 4594 1672 4654 ll.
1692 4593 1877 4655 cardinalem
1898 4594 1994 4655 ιιιιιι-

1206 4709 1361 4761 rentanum
1384 4696 1437 4756 sibl
1457 4695 1608 4769 ablatem,
1640 4695 1708 4755 lecit
1738 4692 1902 4755 orationem
1927 4702 1994 4754 ante

1205 4801 1319 4872 altare,
1340 4810 1422 4868 tune,
1441 4795 1570 4876 deposito
1590 4795 1755 4873 capucino,
1775 4803 1888 4855 retenta
1909 4794 1996 4868 stola,

1205 4901 1315 4981 accepit
1334 4897 1463 4979 pluviale
1485 4896 1608 4957 rubeum
1629 4894 1793 4974 preciosum
1820 4903 1850 4954 et
1872 4893 1994 4954 mitram

1206 5002 1389 5083 preciosam,
1409 5009 1437 5060 et
1452 4997 1570 5058 mitram
1587 4996 1767 5075 simplicem,
1788 4994 1945 5074 genuflexit
1964 4996 1993 5054 in

1204 5100 1380 5176 faldistorio,
1402 5109 1432 5162 et
1451 5108 1583 5159 cantores
1603 5096 1737 5158 dixerunt
1765 5095 1901 5156 letaniam
1923 5095 1993 5157 bre·

1207 5220 1290 5265 vem:
1314 5219 1371 5281 qua
1402 5198 1483 5260 finita
1513 5196 1641 5258 surrexit
1673 5195 1829 5267 Pontifex,
1858 5204 1889 5256 et
1924 5196 1993 5256 lecit

1205 5304 1408 5365 contessionem
1445 5317 1513 5360 curn
1550 5298 1730 5369 celebrante,
1765 5295 1902 5358 videlicet
1923 5314 1993 5357 cum

1204 5406 1241 5467 ll.
1260 5405 1295 5467 l).
1310 5402 1464 5467 cardinale
1485 5399 1589 5461 Montis
1607 5398 1732 5479 Regalis.
1754 5397 1841 5458 llissa
1855 5396 1932 5458 dicta
1951 5405 1993 5459 est

1249 5626 1285 5687 (ι)
1301 5623 1328 5673 to
1346 5623 1438 5674 cadiae
1455 5620 1497 5672 hic
1522 5621 1623 5672 Orator
1650 5619 1802 5683 appellatur
1818 5616 1946 5671 Gltbatsss
1968 5623 1993 5668 et

1203 5704 1332 5757 liobsrlsss.
