4492 6859
350 615 410 678 290
824 604 1105 670 runrlrrclrus
1126 601 1348 666 muranum
1367 605 1492 668 SEXTl.

352 756 422 807 root
434 790 442 819 ,
456 744 583 822 alioquin
601 740 720 803 alterius
739 734 858 812 coloris,
875 755 1001 817 quorum
1021 733 1133 798 medius

352 846 464 924 aliquas
486 840 622 922 reliquias
643 841 768 914 deierat,
780 858 865 918 quem
884 836 1056 919 praecedant
1076 834 1135 896 duo

349 947 539 1018 ceroferarii,
560 943 696 1022 reliquias
723 941 904 1002 honorantes.

390 1049 444 1108 Die
458 1046 581 1115 veneris,
593 1040 717 1104 meando
733 1040 837 1101 mensis
852 1039 930 1112 maii,
942 1035 998 1096 luit
1015 1045 1130 1114 tempus

348 1164 481 1208 serenum
502 1157 531 1206 et
555 1146 668 1204 clarum
691 1139 842 1221 usquead
871 1139 975 1199 horona
997 1150 1135 1212 respera-

349 1265 433 1318 rum,
455 1245 554 1305 deinde
576 1240 725 1321 usquead
750 1251 861 1300 noctem
885 1236 967 1316 quasi
999 1232 1132 1294 continue

353 1345 440 1424 pluit;
456 1342 631 1422 interpositis
650 1351 742 1400 tamen
761 1336 915 1416 aliquando
931 1331 1058 1403 vicibus,
1070 1349 1134 1391 ces·

351 1449 434 1507 savit.
442 1444 554 1505 Pacatis
568 1443 658 1521 igitur
674 1440 805 1502 omnibus
822 1457 876 1518 pro
893 1436 1052 1515 receptione
1059 1431 1135 1493 Car-

352 1546 456 1606 dinalis
471 1544 575 1604 hlautis
586 1543 700 1621 Regalis
712 1540 812 1619 Legati
824 1537 990 1618 Apostolici,
1001 1531 1063 1592 RR.
1077 1530 1134 1590 PP.

352 1646 414 1706 DD.
436 1644 650 1724 Archiepiscopi
672 1654 700 1702 et
712 1640 845 1720 Episcopi
863 1638 944 1717 regni
966 1632 1136 1694 incivitate

352 1745 534 1825 Neapolitana
556 1742 728 1813 constituti,
749 1742 777 1800 iu
799 1750 897 1800 castro
923 1719 1079 1795 Duchesco
1108 1732 1136 1789 io

352 1857 437 1925 porto
451 1844 587 1923 Capuana
609 1851 818 1913 convenerunt,
839 1850 867 1901 et
889 1838 953 1898 rude
974 1835 1059 1895 simul
1078 1832 1137 1892 hini

353 1946 520 2023 equitarunt
553 1942 629 2002 dieto
664 1940 775 2020 legato
795 1939 911 2000 obviam
932 1953 1026 2013 usque
1047 1949 1137 2012 prope

353 2046 493 2107 Sanctum
508 2043 666 2115 lulianum,
690 2042 740 2101 uhi
760 2058 829 2101 eum
852 2046 1033 2117 receperunt,
1049 2032 1085 2090 R.
1101 2030 1135 2090 P.

352 2148 388 2209 D.
416 2144 563 2208 Vincentio
601 2143 823 2222 brehiepiscopo
854 2136 1052 2199 Acherontino
1084 2150 1138 2211 pro

355 2247 487 2307 omnibus
509 2248 658 2322 loquente;
676 2254 705 2303 et
721 2246 801 2319 qaia,
815 2250 847 2299 ut
864 2237 931 2310 dixi,
942 2246 1055 2313 tempus
1070 2233 1137 2312 pln-

353 2352 468 2411 viosum
488 2350 555 2421 luit,
573 2346 704 2426 laegatus
724 2342 888 2423 aliquandiu
911 2341 939 2400 in
960 2340 1067 2399 Soneio
1081 2336 1138 2398 du·

356 2452 431 2512 liano
445 2450 565 2528 quierit,
576 2460 603 2509 et
616 2458 679 2528 post
697 2443 761 2523 ejus
775 2448 893 2516 exitum,
908 2440 992 2502 modo
1008 2456 1139 2519 cappam,

354 2551 442 2612 modo
460 2552 650 2621 mantellum,
673 2546 758 2607 modo
781 2547 886 2605 iterum
909 2560 1054 2621 cappam,
1075 2552 1139 2600 tum

356 2652 535 2724 mantellum,
545 2660 662 2729 propter
682 2646 823 2727 temporis
837 2643 1045 2704 instabilitatem
1059 2637 1139 2722 (quia

355 2757 383 2813 in
405 2771 493 2832 cappa
517 2752 607 2812 rideri
642 2744 767 2829 volebat)
790 2748 916 2824 recepit,
938 2753 967 2803 et
988 2760 1073 2801 suum
1094 2742 1141 2798 in-

356 2857 478 2914 troitum
510 2852 552 2911 sia
586 2851 666 2933 attasi
688 2848 723 2907 ad
757 2847 862 2907 horam
887 2860 965 2905 xxn.
989 2840 1139 2921 protraxit.

357 2953 418 3015 Rex
441 2952 517 3013 veuit
537 2950 653 3011 obviam
685 2949 722 3008 D.
756 2944 906 3009 Cardinali
939 2959 1030 3019 usque
1062 2941 1140 2999 ultra

358 3054 498 3116 Sanctum
519 3053 677 3113 Antonium
703 3053 777 3111 inter
809 3045 966 3116 illas,duas
988 3042 1143 3114 tabernas,

358 3176 432 3235 quae
453 3167 519 3216 sunt
541 3156 614 3217 inter
634 3153 775 3214 Sanctum
797 3148 971 3219 Antonium,
994 3156 1021 3205 et
1042 3144 1142 3222 prori-

358 3277 439 3321 mum
460 3260 558 3317 locum
589 3273 677 3334 prope
699 3252 839 3312 Sanctum
861 3249 1036 3316 lulianum,
1069 3242 1142 3314 uhi,

358 3360 470 3423 detecto
491 3360 593 3437 eapite,
616 3355 707 3416 voluit
728 3352 854 3414 osculari
876 3364 994 3409 manum
1017 3343 1142 3423 Legati3

360 3458 438 3541 quod
459 3456 585 3536 Legatus
606 3473 662 3516 non
694 3442 865 3522 admittens,
899 3449 993 3527 ipsum
1017 3445 1053 3503 ad
1081 3443 1143 3504 oris

359 3564 491 3623 osculum
522 3556 649 3635 recepit,
671 3564 699 3614 et
731 3554 767 3612 ad
790 3551 935 3610 sinistram
956 3566 1060 3617 suam,
1081 3545 1143 3622 ipso

361 3674 454 3722 tamen
470 3660 549 3737 Rege
562 3656 597 3716 ad
611 3644 739 3716 dextram
754 3653 835 3732 prius
854 3651 985 3718 inritato,
1009 3646 1144 3708 continue

360 3762 492 3840 equitare
509 3757 586 3818 lecit.
607 3758 680 3816 Ante
701 3754 809 3833 Regem
826 3765 854 3813 et
869 3749 1010 3828 Legatum
1032 3746 1146 3823 equita-

362 3872 431 3923 runt
448 3860 546 3923 ordine
564 3856 733 3938 supradicto
750 3873 858 3915 omnes.
871 3852 1025 3932 Dilectae
1039 3843 1145 3907 Carasa

361 3962 539 4024 camerarius
553 3955 647 4035 maJ‘or
663 3956 761 4036 Regis,
782 3954 874 4015 irater
897 3966 1051 4030 germanus
1073 3945 1144 4006 Rea.

361 4063 424 4125 DD.
437 4061 595 4123 Cardinalis
609 4056 860 4137 ethrchiepiscopi
872 4050 1059 4132 Neapolitani,
1073 4067 1148 4129 por·

364 4162 435 4223 tavit
455 4179 549 4222 ensem
564 4160 701 4238 insignem
720 4157 872 4219 contrario
893 4151 990 4224 modo,
1006 4169 1064 4228 quo
1085 4149 1148 4209 aliis

365 4264 547 4344 Principibus
569 4259 681 4340 portari
703 4260 792 4330 solet3
820 4255 953 4337 portabat
973 4252 1049 4314 enim
1071 4269 1148 4331 pun·

368 4366 536 4426 ecamensis
557 4365 586 4423 in
607 4379 695 4421 manu
709 4406 717 4433 ,
732 4370 761 4420 et
777 4358 916 4418 manicam
938 4357 1012 4416 ensis
1032 4372 1148 4413 sursum

370 4467 483 4527 tenebat
500 4475 644 4535 erectam,
658 4461 791 4539 equitans
812 4458 849 4518 ad
867 4459 1010 4518 sinistram
1033 4454 1150 4534 cappel-

368 4567 435 4638 lani,
454 4582 571 4625 erucem
589 4572 654 4621 ante
669 4560 814 4640 Legatum
838 4558 985 4637 portantis.
1007 4555 1077 4614 Post
1090 4552 1151 4614 Le·

369 4675 468 4745 gotum
487 4685 565 4736 aero,
580 4676 609 4724 et
620 4664 740 4742 Regem,
762 4680 817 4722 non
839 4660 895 4719 init
914 4668 1048 4720 serratus
1066 4656 1152 4728 ordo,

369 4768 417 4828 sed
435 4786 468 4829 ex
484 4768 629 4828 voluntate
650 4766 685 4825 D.
708 4762 850 4824 Frideriei
870 4771 1018 4821 mutatus:
1038 4758 1152 4836 equita·

370 4880 439 4931 runt
460 4888 530 4948 ergo
553 4879 614 4948 post
635 4887 684 4928 eos
704 4866 759 4926 hoc
781 4864 891 4926 ordine:

413 4969 477 5029 Don
492 4968 657 5029 liridericus
676 4968 765 5027 irater
777 4965 874 5043 Regis,
887 4982 904 5022 a
919 4961 1026 5022 dextris
1045 4958 1152 5019 habens

372 5069 528 5131 Oratorem
539 5070 626 5149 Regis
637 5068 801 5148 Hispaniae,
826 5084 843 5124 a
864 5064 988 5125 sinistris
1012 5058 1153 5120 Oratores

372 5171 487 5233 dominii
500 5170 684 5241 Venetorum,
705 5167 794 5229 Dacis
809 5164 972 5233 lilediolani,
982 5170 1011 5221 et
1029 5161 1152 5219 Floren-

377 5275 517 5332 tiuorum.
622 5297 627 5310 ·

414 5371 478 5431 Don
490 5370 613 5429 Aloisius
627 5370 661 5430 de
672 5368 818 5448 hragouia
833 5363 963 5426 llarchio
977 5360 1154 5435 (branensis,

378 5490 469 5551 nepos
489 5471 586 5550 Regis,
614 5490 630 5530 a
654 5471 759 5531 dextris
786 5470 892 5529 habens
924 5465 987 5525 Don
1014 5463 1154 5526 Carnium

331 5620 334 5624 .
375 5572 498 5633 fratrem
519 5592 626 5645 sunm,
655 5573 703 5650 qui
724 5590 740 5629 a
761 5570 865 5631 dextris
893 5565 1013 5625 hahebat
1039 5564 1073 5624 D.
1102 5566 1156 5625 ΑΙ-

378 5673 520 5753 phonsum
543 5674 577 5736 de
600 5674 743 5751 dragonia
761 5673 884 5733 electum
905 5667 1076 5731 Theatinum
1094 5667 1157 5728 ira·

1874 599 1988 685 (raon

1206 747 1279 797 trem
1298 736 1465 797 bastardum
1483 736 1559 816 regis
1577 738 1605 796 in
1623 736 1723 795 habitu
1743 736 1901 816 episcopali
1921 734 1990 815 (l),

1206 836 1340 899 videlicet
1357 838 1503 909 mantello,
1519 837 1686 915 raphanino,
1708 846 1737 898 et
1758 838 1835 916 pileo
1851 836 1991 913 equitan-

1205 946 1263 998 tem
1278 959 1289 1011 3
1313 956 1329 997 a
1356 938 1477 997 sinistris
1508 957 1577 999 vero
1605 937 1673 997 dicti
1702 939 1764 998 Don
1793 939 1900 999 Aloisii
1929 948 1993 998 erat

1206 1039 1269 1101 Don
1290 1040 1424 1101 Joiredns
1444 1039 1550 1118 Borgia
1577 1038 1656 1099 lilius
1684 1041 1801 1119 Papae,
1826 1051 1857 1101 et
1880 1058 1897 1098 a
1920 1039 1995 1098 sini·

1206 1142 1276 1201 atris
1296 1142 1374 1201 illius
1398 1141 1463 1201 Don
1491 1141 1633 1202 llenricus
1663 1142 1697 1202 de
1724 1141 1873 1218 dragonia
1902 1141 1996 1199 irater

1207 1242 1392 1301 consobrinus
1408 1240 1534 1319 Reginae
1549 1239 1754 1321 Neapolitanae
1776 1252 1804 1301 et
1829 1259 1920 1320 nepos
1936 1238 1998 1298 Re·

1207 1340 1250 1420 gis
1270 1341 1489 1420 Hispaniarum,
1508 1344 1577 1402 satis
1599 1353 1697 1403 tamen
1719 1344 1833 1403 conlusi
1847 1362 1856 1400 ε
1872 1341 1891 1398 ii
1906 1339 1997 1417 quin·

1208 1458 1264 1518 qne
1279 1442 1389 1520 saepius
1402 1441 1500 1514 ibant,
1520 1452 1550 1502 et
1569 1444 1642 1504 inter
1661 1462 1708 1504 eos
1729 1455 1812 1504 erant
1834 1454 1896 1502 tres
1916 1437 1994 1520 pagii

1208 1543 1285 1621 regis
1302 1554 1331 1602 et
1351 1542 1407 1602 duo
1421 1544 1537 1603 laroriti
1553 1541 1698 1617 ejusdem,
1720 1555 1783 1622 post
1798 1543 1852 1601 hos
1869 1542 1905 1599 D.
1927 1541 1997 1600 Jor-

1210 1644 1301 1704 donus
1319 1644 1484 1724 patriarcha
1509 1644 1723 1705 Anthiochenus
1750 1644 1997 1722 Archiepiscopns

1209 1744 1361 1825 &pannus
1382 1763 1449 1805 cum
1471 1746 1601 1824 cappello
1616 1747 1711 1824 nigro,
1726 1763 1846 1805 cracem
1872 1744 1997 1821 desuper

1211 1842 1316 1907 habens
1339 1846 1500 1916 violatiam,
1515 1846 1628 1905 medius
1652 1849 1727 1906 inter
1747 1845 1842 1904 R.‘P.
1866 1845 1904 1905 D.
1929 1844 1998 1903 Ste-

1211 1944 1337 2025 phanum
1359 1945 1616 2024 brebiepiscopum
1646 1945 1851 2005 Patraeensem
1873 1956 1903 2005 et
1926 1943 1999 2022 Epi·

1211 2064 1330 2126 scopum
1356 2046 1562 2107 Torcellanum
1589 2065 1606 2104 a
1628 2045 1749 2119 dextris,
1770 2057 1799 2106 et
1821 2045 1998 2124 Episcopum

1212 2146 1406 2227 Saguntinum
1428 2165 1444 2205 a
1467 2147 1597 2206 sinistris.

1252 2248 1392 2310 Dominus
1413 2247 1572 2327 Episcopus
1594 2245 1732 2317 Nolanus,
1759 2247 1868 2307 habens
1890 2265 1910 2304 a
1932 2247 2000 2305 sini-

1212 2352 1278 2410 stris
1298 2347 1556 2429 hrahiepiscopum
1579 2348 1836 2422 Acherontinum3

1253 2451 1393 2523 Dominus
1418 2449 1580 2530 Episcopus
1605 2450 1802 2521 tholonensis,
1830 2469 1848 2509 a
1876 2449 2001 2510 sinistris

1214 2552 1319 2613 hahens
1339 2551 1595 2631 brehiapiscopum
1617 2550 1855 2624 Brindiaensem3

1254 2652 1289 2711 D.
1312 2649 1552 2731 Archiepiscopus
1573 2651 1695 2712 Sanctae
1717 2641 1886 2724 Senecione,
1903 2671 1920 2710 a
1936 2654 2003 2712 sini-

1212 2754 1280 2813 stris
1302 2752 1407 2812 habens
1429 2751 1685 2813 Prothonolarium
1708 2754 1742 2813 de
1765 2753 1853 2832 Sega3

1255 2852 1835 2932 DominusArchiepiscopusReginensis‚
1851 2872 1867 2912 a
1883 2852 2004 2914 sinistris

1213 2954 1318 3015 hahens
1350 2953 1617 3014 Prothonotarium
1645 2954 1679 3015 de
1707 2955 1902 3027 Sermouetn,
1935 2975 2002 3034 quos

1214 3056 1405 3133 sequebantur
1427 3055 1475 3112 alii
1511 3056 1636 3133 praelati
1668 3056 1747 3125 bini,
1769 3056 1852 3126 bini,
1883 3074 2002 3118 numero

1215 3157 1332 3235 triginta
1359 3156 1403 3213 vel
1428 3155 1529 3225 cirea,
1556 3166 1584 3215 et
1613 3157 1678 3216 illos
1710 3157 1783 3216 oliae
1815 3158 2002 3236 quamplures

1214 3274 1374 3338 personae,
1399 3265 1428 3315 et
1449 3257 1609 3315 servitores
1632 3256 1689 3315 sine
1716 3256 1834 3316 ordines
1864 3256 2002 3317 honorari

1215 3369 1311 3417 autem
1333 3356 1468 3415 ordinavi
1498 3355 1753 3437 Archiepisaopum
1776 3356 2003 3427 Patracensem,

1215 3468 1243 3517 et
1259 3456 1463 3535 Saguntinum,
1475 3454 1628 3528 Nolanum,
1639 3467 1668 3517 et
1688 3457 1921 3518 Crothoneosem
1934 3458 2005 3536 Epi-

1216 3574 1326 3635 scopos,
1345 3575 1378 3616 ac
1400 3557 1434 3615 de
1453 3554 1552 3634 Sego,
1573 3568 1602 3615 et
1625 3557 1661 3616 de
1682 3555 1853 3617 Sermonela
1877 3557 2006 3617 Protho-

1217 3656 1354 3725 notarios,
1370 3664 1502 3733 utsupra
1522 3666 1653 3735 apparet,¹
1672 3677 1727 3735 pro
1743 3678 1777 3717 eo
1791 3659 1870 3736 quod
1883 3679 1918 3719 ex
1930 3659 2006 3721 Urbe

1218 3775 1284 3817 cum
1306 3754 1416 3833 Legato
1437 3767 1582 3816 venerunt
1603 3757 1638 3815 ad
1666 3757 1760 3837 ipsum
1780 3758 2007 3833 honorandum,

1218 3874 1252 3916 ac
1275 3874 1340 3916 cum
1361 3874 1396 3916 eo
1416 3865 1498 3917 eraut
1521 3855 1596 3916 illuc
1621 3858 1753 3918 redituri.

1224 3992 1228 3999 ·
1262 3958 1407 4019 Perranto
1437 3956 1492 4015 hoc
1524 3957 1625 4017 ordine
1645 3960 1682 4018 ad
1703 3970 1818 4039 portam
1853 3961 2010 4032 civitatis,

1221 4058 1462 4138 Archiepiscopns
1494 4055 1719 4136 Neapolitanus,
1742 4060 1822 4119 ultra
1843 4074 2010 4139 paramenta

1222 4169 1374 4231 consueta,
1395 4160 1481 4218 etiam
1505 4158 1640 4218 sandaliis
1656 4171 1685 4221 et
1699 4160 1860 4221 cirotheeis
1876 4162 2012 4237 indutus,

1222 4262 1349 4342 porrexit
1371 4279 1487 4322 crucem
1500 4259 1610 4341 Legata
1631 4262 1835 4325 osculandam.
1848 4284 1940 4342 quam
1956 4266 2013 4327 Le-

1222 4363 1382 4443 galus,ipso
1392 4362 1471 4441 Rege
1485 4364 1565 4443 prius
1579 4364 1712 4435 inritato,
1723 4381 1757 4425 ex
1772 4384 1849 4443 equo
1860 4371 2009 4429 osculatus

1222 4475 1279 4523 est:
1294 4463 1355 4524 Rex
1368 4475 1464 4524 autem
1489 4481 1545 4522 uon
1567 4475 1610 4523 est
1631 4482 1749 4525 erucem
1773 4467 1931 4528 osculatus.
1955 4472 2010 4530 Ve-

1224 4577 1329 4626 nerunt
1360 4564 1424 4624 inde
1455 4564 1508 4623 sub
1539 4563 1710 4625 baldachino
1742 4564 1871 4643 Legatos
1902 4580 1930 4627 et
1953 4568 2011 4630 Rex

1225 4685 1316 4744 usque
1329 4665 1362 4725 ad
1375 4667 1523 4728 eeclesiam
1537 4665 1797 4745 Metropolitanam.
1812 4666 1922 4729 Omnes
1944 4671 2012 4729 reli-

1224 4769 1308 4847 giosi,
1323 4778 1441 4848 propter
1460 4777 1572 4846 tempus
1588 4769 1764 4846 pluviosam,
1775 4769 1809 4827 ad
1826 4788 1930 4830 muros
1950 4773 2015 4850 pla-

1225 4878 1349 4940 tearum,
1365 4869 1414 4928 ubi
1430 4879 1512 4928 erant
1536 4867 1623 4939 firmi,
1640 4878 1793 4943 steterunt;
1814 4872 1896 4930 solus
1918 4873 2015 4932 clerus

1225 4970 1381 5030 saecularis
1400 4970 1558 5047 praecessit
1576 4987 1694 5028 crucem
1707 4967 1811 5049 Legati
1827 4982 1893 5050 post
1915 4991 2015 5032 omnes

1225 5073 1367 5141 Darones,
1385 5079 1414 5130 et
1430 5088 1548 5131 crucem
1563 5070 1671 5149 ipsam,
1692 5082 1720 5132 et
1741 5061 1831 5131 alium
1848 5074 1902 5149 qui
1917 5093 2014 5135 ensem

1227 5173 1314 5252 Regis
1330 5172 1478 5251 portabat3
1498 5171 1672 5249 sequebatur
1688 5171 1852 5252 Capitulum
1875 5176 2014 5236 ecelesiae

1227 5272 1441 5354 Neapolitanae,
1462 5282 1491 5334 et
1517 5272 1762 5354 hrahiepiseopus
1787 5283 1919 5352 paratus.
1942 5283 2015 5337 Ante

1227 5375 1375 5437 ecclesiam
1391 5373 1606 5454 Neapolitanam
1624 5373 1839 5447 baldachinum,
1855 5375 1936 5453 qnod
1957 5396 2014 5438 no-

1228 5478 1299 5540 biles
1314 5478 1355 5538 illi
1374 5476 1491 5538 Sedium
1507 5487 1708 5554 portaverant,
1730 5476 1784 5537 luit
1810 5477 2014 5557 paralrenariis

1271 5688 1305 5746 (1)
1315 5686 1351 5737 De
1364 5687 1413 5737 hoe
1425 5688 1550 5750 episeopo
1562 5686 1620 5738 vide
1632 5700 1699 5750 quae
1712 5689 1859 5739 notavimus
1871 5701 1931 5751 pag.
1943 5688 1998 5739 165-
