4492 6859
295 652 406 735 (trus)

300 790 458 852 cardinale
483 787 678 848 Attrabatensi
704 788 852 868 praedicto
874 786 1032 845 orationem
1050 783 1095 843 la-

298 892 411 961 ciente3
432 888 565 948 similiter
588 899 616 948 et
638 887 731 948 bonae
765 888 920 946 memoriae
947 883 1092 944 Cardine-

298 991 355 1050 lem
375 988 610 1067 Andagarensem
643 986 678 1044 ad
701 985 791 1046 lelicis
813 984 1021 1045 reeordationis
1040 982 1092 1040 ln·

301 1090 463 1151 nocentium
502 1088 612 1167 Papam
647 1084 794 1147 Octavum
832 1104 887 1165 pro
923 1081 1091 1163 praestanda

301 1189 461 1251 obedientia
489 1189 603 1249 nomine
624 1186 767 1247 Ludorici
788 1186 875 1265 Regis
895 1184 1091 1254 Francorum,

306 1308 363 1349 una
394 1308 461 1350 eum
483 1288 655 1367 quibusdam
687 1288 751 1346 aliis
773 1285 1000 1347 Couotutoribus
1031 1283 1092 1343 suis

304 1392 425 1448 missurn
443 1387 539 1447 luisse.
573 1386 720 1466 Respondi
735 1385 931 1445 Dominationi
950 1382 1026 1443 Suae
1047 1401 1091 1442 rue

303 1489 338 1551 de
359 1489 575 1550 constantiense
605 1497 635 1547 et
663 1486 865 1546 Attrobatense
901 1484 972 1545 nibil
994 1484 1091 1557 scire,

302 1588 352 1650 sed
368 1587 583 1665 lindegareusis
600 1604 646 1645 me
661 1603 820 1661 memorem
834 1606 910 1658 esse,
930 1584 1007 1663 quod
1025 1585 1093 1645 licet

307 1708 360 1768 per
383 1687 492 1766 Regem
513 1686 693 1764 praedictum
715 1685 752 1745 ad
774 1682 943 1762 hujusmodi
963 1685 1090 1746 ollicium

306 1788 473 1848 nominatus
505 1786 617 1858 luerit,
636 1804 688 1863 per
710 1785 819 1864 Papam
851 1796 946 1845 tamen
978 1795 1007 1845 et
1039 1802 1091 1862 per

304 1887 472 1949 Cardinales
493 1885 523 1945 in
544 1887 651 1967 populo
671 1897 808 1964 tanquam
819 1884 963 1965 Legatum
985 1882 1091 1945 deba-

306 2000 368 2050 tere
401 2006 452 2068 per
486 1986 610 2047 Sanctae
648 1986 804 2047 Memoriae
836 1985 950 2045 Siatum
983 1984 1092 2062 Papam

311 2102 451 2168 quartum
472 2088 507 2147 ad
530 2087 684 2147 Franciam
707 2089 850 2158 missum,
871 2085 937 2145 inde
964 2084 1092 2144 redeun-

308 2202 365 2252 tem
400 2198 550 2269 receptum
570 2187 680 2261 luisse,
712 2196 740 2247 et
765 2185 865 2245 deinde
897 2183 1025 2261 sequenti
1047 2181 1092 2243 die

308 2290 419 2351 Cotrrite
440 2286 574 2367 Delphini
596 2286 777 2348 Conorotore
796 2304 868 2357 suo,
884 2302 940 2345 una
955 2302 1023 2343 cum
1043 2302 1092 2343 ce·

308 2390 379 2450 teris
395 2408 446 2467 per
459 2398 574 2466 portam
585 2385 723 2447 viridarii
739 2384 848 2445 Urbem
864 2384 984 2443 intranti
1000 2383 1093 2461 ipsum

307 2490 543 2567 Andagas'ensem
575 2486 628 2564 ipsi
661 2483 766 2545 Comiti
800 2500 893 2559 usque
926 2482 962 2541 ud
995 2499 1094 2541 muros

308 2599 391 2649 extra
414 2596 527 2666 portam
549 2583 726 2663 praedictam
757 2584 922 2662 equitasse,
944 2582 1095 2661 ipsumque

312 2688 454 2749 Comitem
477 2685 641 2766 praelatum
655 2684 692 2743 ad
712 2684 859 2744 sinistram
878 2678 1008 2758 ejusdem
1020 2680 1096 2742 Car-

311 2788 417 2847 dinalis
430 2789 618 2864 equitantem,
634 2804 725 2862 usque
741 2785 778 2844 ad
798 2785 917 2846 domum
931 2784 1097 2855 associasse,

310 2907 365 2968 pro
387 2907 445 2965 quo
467 2885 523 2945 88.
545 2885 581 2945 D.
605 2884 708 2945 Noster
726 2886 910 2945 lnnocentius
930 2883 1097 2963 praedictus

312 2990 406 3070 ipsum
427 2986 612 3049 Cardiualcm
634 2985 805 3066 redarguit,
827 3002 954 3045 asserens
982 2992 1098 3063 praeter

312 3085 377 3165 ejus
396 3085 564 3147 mandatum
592 3086 704 3145 dictum
733 3085 916 3146 cardinalem
938 3082 967 3142 id
987 3082 1095 3144 iecisse.

275 3199 278 3204 ⁴
314 3189 347 3248 ln
365 3186 410 3247 die
435 3198 533 3247 autem
555 3185 759 3265 praestationis
778 3184 957 3246 obedientiae
974 3183 1098 3244 eundem

313 3286 495 3349 Cardinalem
525 3305 592 3346 cum
621 3287 679 3346 suis
701 3287 930 3347 Couoratoribus
957 3286 1100 3346 consisto·

314 3390 393 3447 rium
407 3406 463 3448 non
480 3389 616 3459 intrasse,
635 3386 683 3448 sed
700 3388 799 3466 prius.
817 3433 824 3447 .
840 3432 847 3446 .
864 3434 871 3447 .
888 3386 968 3460 illos,
983 3398 1011 3447 et
1027 3388 1100 3446 inter

313 3489 483 3551 Cardinales
515 3490 544 3548 in
564 3490 629 3550 loco
655 3507 724 3548 suae
754 3489 945 3568 promotionis
973 3485 1102 3558 sedisse,

315 3608 384 3650 cunr
410 3591 452 3651 illi
474 3591 628 3661 intrarent,
650 3599 679 3650 et
699 3588 887 3650 obedientiam
911 3596 1100 3667 praestarent:

314 3708 413 3750 casum
429 3699 526 3749 autem
547 3701 679 3749 nostrum
699 3689 851 3767 praedictis
868 3688 926 3747 diti
938 3707 998 3749 esse
1017 3689 1101 3765 longe

314 3791 546 3850 exhorbituntem
569 3808 624 3868 pro
643 3808 677 3850 eo
699 3788 779 3866 quod
810 3788 971 3849 cardinalis
997 3787 1102 3847 lllontis

315 3891 434 3969 Regalis
459 3907 515 3952 non
537 3890 572 3947 ab
592 3900 674 3949 extra
696 3890 792 3949 veniat
812 3890 861 3949 sed
880 3890 908 3948 in
927 3887 1007 3950 Urbe
1027 3887 1103 3947 resi·

315 3992 392 4052 deut.
428 3990 557 4069 Rogavit
590 4009 661 4057 me,
694 3987 772 4066 quod
797 4007 859 4049 rem
892 3988 965 4046 banc
1000 3988 1102 4047 nemini

318 4094 588 4163 communicarem,
603 4089 651 4150 sed
668 4102 809 4151 secretam
825 4091 989 4162 retinerem,
1007 4099 1036 4149 et
1050 4107 1103 4150 co·

317 4195 455 4272 gitorem,
471 4191 609 4251 Sanctiss.
624 4191 660 4250 D.
674 4189 708 4249 Ν.
728 4209 774 4251 me
792 4210 879 4270 super
899 4191 954 4251 boc
973 4191 1103 4251 interro-

317 4305 404 4373 gante
426 4291 504 4369 quod
519 4293 611 4371 magis
630 4292 798 4352 conveniret
812 4290 848 4350 ad
863 4292 1006 4364 effectum,
1025 4291 1103 4368 quod

317 4397 375 4457 88.
396 4396 430 4455 D.
453 4393 486 4453 Ν.
509 4413 543 4453 ac
566 4393 662 4473 Regi,
681 4404 710 4453 et
731 4393 881 4473 Reginae,
902 4413 937 4454 ac
956 4392 1104 4454 Cardinali

317 4496 475 4577 praedictis
490 4494 694 4555 satisfacerem.
711 4494 784 4554 Post
805 4494 876 4556 baec
892 4494 948 4555 88.
960 4495 995 4554 D.
1008 4493 1042 4554 Ν.
1061 4494 1105 4556 die

318 4597 430 4657 sabboti
453 4593 603 4668 hodierna,
616 4594 718 4673 sigilio
732 4594 926 4669 Pentecostcs,
946 4594 1035 4657 linitis
1053 4616 1106 4657 re·

319 4700 412 4778 speris
424 4741 433 4771 ,
454 4696 547 4757 Rerr.
570 4695 605 4754 D.
624 4694 825 4757 Cardinalibus
846 4696 1003 4777 praemissa
1033 4701 1105 4777 pro·

321 4799 419 4878 posuit
436 4815 523 4876 snper
546 4796 678 4857 missione
700 4796 860 4858 cardinalis
871 4798 977 4858 Montis
991 4799 1106 4878 Regalis

321 4909 351 4961 et
372 4895 437 4974 ejus
470 4898 594 4957 introitu
616 4908 764 4975 tamquam
786 4899 920 4962 Oratoris
948 4898 1057 4978 Regis,
1078 4909 1107 4961 et

323 4999 450 5079 Reginae
472 4996 711 5077 praedictorum,
730 4998 797 5071 ubi,
819 4999 892 5060 inter
912 5001 978 5071 alia,
997 5001 1108 5062 dictum

321 5099 398 5170 luit,
432 5108 560 5176 tempore
587 5096 677 5158 lelicis
710 5099 918 5161 recordatiouis
950 5100 995 5161 Pii
1016 5102 1109 5182 Papae

325 5203 465 5275 Secundi,
486 5201 735 5263 Constanciensem
752 5213 779 5264 et
791 5201 1020 5264 Attrabatensem
1039 5214 1108 5264 tuuc

325 5304 492 5367 cardinales
525 5322 614 5364 novos
640 5303 676 5362 ad
698 5303 808 5367 Urbem
832 5304 963 5376 senisse,
985 5321 1019 5364 ac
1055 5322 1112 5365 no·

327 5408 403 5467 mine
428 5404 514 5483 Regis
534 5404 717 5466 Francorum
742 5405 882 5485 praedicti
914 5424 1012 5466 reram
1039 5405 1109 5467 obe·

329 5506 465 5567 dientiam
481 5505 667 5584 praestitisse,
684 5505 944 5584 Pragmaticaequa
966 5505 1110 5566 Sanctioni

323 5608 508 5670 renunciasse
521 5630 531 5681 3
556 5607 634 5685 quod
667 5626 734 5668 cunr
761 5606 887 5682 lrooori,
909 5617 938 5669 et
961 5606 1111 5668 cotnruodo

321 5709 453 5772 Sacratae
465 5709 612 5773 Romanae
632 5708 779 5771 Ecclesim
799 5707 960 5789 plurimum
981 5708 1112 5788 cederet,

770 646 1056 711 consternatus
1078 645 1306 712 rennuunt
1329 649 1455 713 sExtt.

1878 644 1940 706 sot

1160 786 1187 845 id
1208 788 1249 847 sic
1272 787 1334 848 deri
1354 787 1546 868 pereundam
1566 787 1651 848 Pium
1670 787 1827 848 admissum
1848 787 1943 847 luisse.

1159 887 1202 946 td
1223 887 1277 947 boc
1298 888 1418 948 adduxit
1438 887 1509 959 Rev.
1532 886 1691 947 cardinalis
1713 888 1844 949 Senensis
1866 887 1945 965 quod
2040 916 2047 931 .

1160 1005 1227 1047 curn
1250 989 1319 1047 alias
1338 999 1467 1067 ternpore
1488 986 1578 1047 felicis
1599 986 1811 1048 recordationis
1829 984 1941 1047 llicolai

1160 1086 1254 1167 Papae
1269 1084 1380 1159 Quinti,
1393 1086 1597 1147 serenissimus
1608 1087 1778 1149 Fridericus
1796 1088 1946 1149 Romano·

1159 1203 1226 1246 runt
1249 1186 1321 1258 Rea,
1342 1186 1428 1246 rebus
1449 1185 1571 1265 publicis
1593 1186 1820 1247 christianorum
1841 1187 1944 1267 prori-

1160 1286 1228 1346 dere
1260 1284 1439 1359 desiderans,
1470 1287 1582 1348 Dictum
1609 1286 1782 1348 Ratisbonae
1814 1286 1946 1347 omnibus

1158 1386 1469 1466 Principibuslmperii
1487 1386 1648 1461 indixisset,
1664 1405 1697 1446 ac
1718 1387 1945 1448 bonae‘memo·

1159 1486 1220 1546 riae
1227 1485 1409 1547 cardinalem
1426 1487 1524 1547 Sancti
1540 1487 1618 1548 Petri
1634 1486 1814 1560 adl'iucula,
1825 1485 1947 1548 deCusa

1159 1598 1369 1665 nuncupatum,
1389 1589 1417 1647 in
1430 1586 1587 1649 Germania
1610 1598 1680 1648 tuuc
1702 1586 1890 1659 residentem,
1912 1598 1946 1647 ut

1158 1686 1213 1745 sub
1234 1688 1421 1767 imperatoris
1452 1690 1565 1749 nomine
1596 1687 1781 1749 Ratisbonam
1803 1708 1833 1748 se
1861 1698 1946 1747 tran-

1158 1786 1272 1860 slerre,
1294 1800 1322 1848 ct
1342 1789 1440 1850 Dictae
1461 1790 1521 1850 sive
1541 1790 1759 1869 congregationi
1779 1786 1946 1864 hujusmodi
2043 1816 2046 1822 ¹

1160 1891 1361 1965 procuratoris
1380 1889 1494 1950 nomine
1511 1885 1639 1966 ejusdem
1659 1890 1846 1967 imperatoris
1860 1906 1948 1967 prae·

1159 1987 1253 2049 sidere
1277 1991 1364 2052 sellet
1394 2009 1447 2069 per
1468 2008 1536 2049 suas
1558 1992 1656 2052 literas
1677 2001 1705 2051 et
1728 1988 1869 2050 Oratores
1891 2008 1945 2050 ro·

1160 2101 1277 2166 gasset,
1308 2099 1338 2149 et
1360 2089 1433 2151 idem
1470 2089 1541 2150 Rer.
1564 2090 1600 2150 D.
1623 2090 1783 2152 cardinatis
1805 2089 1839 2151 de
1870 2088 1947 2151 Cusa

1160 2190 1250 2249 sciens
1272 2188 1302 2248 id
1323 2189 1383 2249 sine
1398 2188 1479 2249 Sedis
1494 2192 1674 2269 Apostolicue
1690 2192 1801 2253 licentia
1817 2187 1949 2269 speciali,

1161 2288 1213 2348 sibi
1236 2307 1292 2349 non
1315 2288 1403 2350 licere
1424 2308 1457 2350 ac
1477 2289 1520 2349 illi
1535 2291 1587 2349 soli
1604 2291 1721 2352 obedire
1741 2290 1856 2362 debere,
1871 2306 1949 2368 pro·

1162 2399 1262 2470 pterea
1284 2410 1313 2451 se
1334 2391 1411 2469 apud
1433 2391 1595 2471 praelatum
1616 2393 1824 2472 lmperatorem
1856 2404 1947 2449 encu-

1162 2502 1272 2564 sasset,
1294 2490 1369 2550 idem
1391 2491 1553 2570 lnrperator
1574 2491 1654 2551 misit
1680 2490 1716 2551 ad
1739 2490 1862 2551 Sanctae
1885 2487 1950 2549 tte-

1163 2591 1271 2655 moriae
1293 2591 1443 2654 llicolaunr
1460 2593 1567 2671 Papam
1591 2591 1732 2662 Quintum
1751 2592 1899 2673 Legatos,
1920 2605 1949 2654 et

1163 2694 1254 2756 eidem
1271 2694 1345 2755 banc
1360 2714 1423 2755 rem
1437 2695 1586 2774 exposuit3
1598 2694 1659 2772 qui,
1680 2695 1822 2756 intellecto
1834 2693 1948 2755 Dietam

1165 2793 1334 2872 hujusmodi
1353 2813 1408 2874 pro
1438 2796 1583 2856 communi
1612 2794 1850 2857 Cbristilidelium
1876 2794 1952 2855 bono

1164 2908 1193 2958 at
1214 2895 1366 2957 commodo
1388 2896 1523 2958 indictam
1536 2915 1606 2970 esse,
1625 2897 1791 2977 praelatum
1810 2893 1953 2957 Cardine·

1166 2998 1224 3059 lem
1244 2996 1279 3059 de
1297 2997 1373 3059 Cosa
1395 2996 1424 3057 in
1445 2996 1527 3058 Sedis
1547 2997 1731 3078 Apostolicae
1753 2996 1896 3076 Legatum
1918 2995 1953 3057 de

1167 3096 1270 3160 batere
1281 3097 1402 3171 creavit,
1410 3098 1564 3176 ipsumque
1575 3109 1609 3157 nt
1620 3096 1836 3177 congregationi
1848 3092 1954 3171 hujus·

1167 3198 1245 3259 modi
1267 3210 1296 3259 et
1325 3198 1424 3259 Dictae
1457 3208 1621 3278 praeesset,
1643 3195 1830 3256 Ratisbonam
1856 3194 1953 3269 misit3

1168 3316 1227 3377 quo
1247 3297 1320 3359 idem
1335 3296 1497 3360 Cardiualis
1518 3317 1550 3358 ea
1570 3296 1768 3358 commissione
1800 3305 1829 3356 et
1858 3291 1956 3373 Lega-

1170 3400 1244 3461 tione
1259 3396 1311 3475 buj
1316 3398 1425 3459 asmodi
1437 3418 1467 3459 se
1478 3397 1610 3471 cornuin,
1621 3407 1650 3459 et
1662 3407 1720 3456 tam
1734 3393 1955 3473 SediApostoli·

1169 3518 1219 3561 cae
1238 3518 1327 3579 quam
1348 3500 1477 3580 praelato
1494 3498 1667 3578 imperatori
1698 3515 1765 3558 cum
1796 3495 1906 3555 bonore
1926 3504 1955 3553 et

1168 3601 1371 3664 cardinalatus
1392 3599 1537 3679 dignitatis
1549 3598 1789 3679 perseveratione,
1810 3594 1956 3655 satisfecit.

1169 3699 1284 3770 Quibus
1305 3712 1334 3762 et
1353 3700 1419 3760 aliis
1440 3700 1628 3762 consideratis
1643 3700 1813 3760 conclusum
1834 3695 1889 3756 luit
1903 3714 1954 3775 per

1170 3803 1226 3864 88.
1247 3803 1282 3864 D.
1305 3801 1339 3862 Ν.
1362 3803 1392 3861 in
1413 3801 1636 3880 congregatione
1655 3799 1823 3880 praedicta,
1848 3794 1955 3856 Cordi·
2057 3801 2059 3806 ’

1170 3910 1264 3969 nalem
1283 3907 1386 3967 lllontis
1399 3906 1516 3985 Regalis
1532 3904 1707 3984 praelatum,
1716 3913 1768 3962 aut
1782 3918 1956 3978 quemcum-

1170 4027 1227 4086 que
1248 4007 1364 4069 obriam
1384 4006 1536 4087 praedictis
1548 4002 1724 4065 Oratoribus
1738 4001 1813 4061 mitti
1832 4011 1883 4060 aut
1896 3998 1956 4061 Le·

1170 4111 1293 4189 gationis
1314 4108 1376 4169 sire
1397 4105 1532 4168 Oratoris
1552 4108 1647 4167 ollicio
1662 4104 1748 4183 iungi
1764 4120 1820 4162 non
1842 4101 1961 4174 debere,

1170 4222 1200 4271 et
1215 4220 1367 4290 propterea
1382 4206 1546 4268 secretario
1562 4205 1745 4266 commissum
1758 4201 1836 4281 quod
1846 4200 1958 4262 Tarru-

1173 4327 1334 4379 conensem,
1344 4307 1578 4385 cat-ruginensem
1594 4316 1624 4366 et
1634 4305 1799 4376 Pacensem,
1810 4301 1959 4382 perDrerc

1174 4410 1372 4491 Apostolicum
1395 4408 1462 4486 ipsis
1483 4417 1637 4487 propterea
1660 4402 1843 4474 mittendum,
1864 4410 1960 4462 certos

1173 4510 1306 4574 redderet
1324 4509 1402 4587 quod
1424 4525 1528 4568 eorum
1563 4505 1716 4565 introitum
1738 4504 1809 4563 alias
1841 4500 1961 4561 ordina·

1173 4622 1260 4683 rent,
1280 4622 1310 4670 et
1328 4617 1575 4689 prosequerentur
1596 4605 1706 4683 absque
1725 4604 1886 4667 cardinalis
1908 4621 1960 4664 ex·

1173 4713 1331 4794 pectutione
1342 4711 1406 4794 ⁸(l).

1210 4931 1245 4991 (t)
1261 4927 1354 4977 Cetera
1371 4925 1404 4975 de
1423 4925 1471 4974 bac
1489 4924 1618 4986 legatione
1637 4922 1662 4971 iu
1679 4918 1831 4970 burchardo
1853 4914 1963 4965 deside·

1176 5014 1281 5059 rantur:
1294 5006 1341 5056 sad
1354 5018 1388 5055 ex
1399 5005 1485 5053 Surita
1497 5006 1524 5052 et
1535 5002 1593 5051 eliis
1606 5001 1740 5049 historicis
1758 5004 1813 5046 tum
1829 4994 1963 5055 Hispanis,

1177 5094 1230 5138 tum
1249 5087 1337 5143 ltalis,
1353 5086 1476 5134 narratur
1487 5082 1581 5145 Regem
1594 5080 1736 5141 Hispanum
1750 5079 1901 5138 suspectam
1919 5073 1965 5122 ba·

1178 5168 1267 5217 baisse
1279 5164 1355 5215 fldem
1368 5162 1454 5212 Caroli
1466 5160 1598 5210 Gallorum
1617 5160 1708 5220 Regis,
1727 5170 1775 5218 pro
1793 5152 1964 5216 requisitione

1176 5246 1340 5308 Neapolitani
1367 5243 1470 5304 llegoi3
1497 5241 1556 5290 ldeo
1583 5240 1658 5296 bac,
1687 5238 1796 5297 aliisque
1821 5234 1908 5282 multis
1930 5230 1964 5281 de

1177 5327 1284 5382 causis,
1310 5323 1477 5385 legationem
1495 5318 1645 5381 bulusmodi
1664 5318 1766 5365 misisse
1790 5334 1812 5362 ι.
1833 5311 1965 5374 Hispanus

1178 5419 1243 5455 vero
1258 5403 1315 5466 (sic
1333 5400 1481 5465 Raynaldus
1500 5411 1533 5449 ex
1556 5398 1665 5457 Sarita)
1690 5398 1810 5444 metuens
1831 5403 1863 5440 ne
1887 5389 1967 5439 Caro·

1180 5488 1219 5537 lus
1245 5487 1378 5536 Gallorum
1403 5487 1472 5539 ltex,
1497 5484 1574 5543 parto
1599 5478 1770 5539 Neapolitano
1791 5470 1968 5534 reguo,Sici·

1180 5569 1228 5616 liae
1246 5566 1362 5616 insulam
1381 5563 1464 5612 veteri
1475 5562 1535 5622 lure
1548 5556 1698 5612 sliestarat,
1713 5566 1772 5603 cum
1792 5556 1842 5611 jem
1860 5562 1889 5599 se
1905 5549 1968 5598 Sici·

1179 5648 1229 5696 liae
1246 5651 1272 5695 at
1288 5644 1514 5707 ierosolymorum
1531 5639 1625 5701 ltegem
1643 5638 1668 5685 iu
1685 5632 1861 5683 Cardtnalium
1874 5633 1966 5679 senatu

1181 5726 1300 5778 Oratoris
1326 5723 1430 5774 lubinti
1458 5732 1522 5770 roca
1547 5730 1576 5767 se
1605 5715 1783 5779 appellasset,
1805 5714 1859 5760 tum
1887 5710 1966 5758 etiarn
