4492 6859
274 621 385 705 (ιιιιι)

276 756 355 833 quod
375 756 435 836 ipsc
456 776 486 819 se
504 757 591 817 vivus
607 757 636 817 in
657 758 739 817 illam
757 754 939 837 projecerit,
960 779 976 818 a
996 760 1068 839 plu·

275 858 359 916 ribus
376 854 539 932 judicatum
554 852 610 939 (l).

338 958 391 1019 Die
405 955 532 1029 sabbati,
547 956 767 1036 decimaquarta
782 957 850 1018 dicti
866 958 969 1018 mensis
983 956 1067 1036 apri·

274 1057 341 1130 lis,
370 1057 399 1117 in
433 1057 554 1119 ecclesia
582 1070 742 1119 conventus
767 1058 872 1118 Beatae
898 1058 1007 1119 Mariae
1031 1058 1066 1120 de

273 1159 429 1231 Minerva,
451 1159 562 1239 paratis
595 1160 708 1220 circum
742 1162 821 1220 eirca
853 1180 905 1240 per
939 1159 1065 1219 eborum

275 1261 426 1322 intortieiis
444 1273 474 1321 et
493 1260 670 1333 cathalctto,
691 1261 780 1339 pallio
801 1260 925 1339 desuper
947 1260 1065 1340 posito,

271 1379 305 1421 ac
327 1361 392 1421 aliis
420 1378 501 1421 more
533 1370 681 1429 consueto,
702 1360 813 1421 habitae
834 1372 902 1420 sunt
926 1361 1064 1437 exequiae

273 1458 416 1541 praedicti
448 1457 626 1534 Laurentii,
658 1460 766 1538 quibas
796 1461 989 1521 interfuerunt
1018 1460 1063 1520 lll.

272 1561 308 1622 D.
332 1558 467 1621 Nicolaas
489 1559 524 1621 de
546 1559 658 1622 Ursinis
692 1560 816 1621 Pitiliani
849 1561 952 1622 comes
976 1560 1065 1640 Capi·

273 1672 375 1721 taneus
391 1663 554 1740 generalis,
568 1662 741 1723 Frarxeiscus
762 1661 836 1723 Cibo
858 1659 933 1722 filius
947 1662 1064 1742 Papae,

272 1761 325 1840 qui
347 1760 438 1821 liliam
460 1761 527 1824 dicti
550 1760 701 1823 Laurentii
723 1762 809 1823 babet
826 1765 854 1821 in
873 1781 1015 1834 uxorem,
1035 1774 1064 1823 et

272 1863 358 1925 multi
380 1863 429 1923 alii
445 1862 562 1924 Domini
575 1874 604 1923 et
618 1862 768 1936 Praelati;
790 1862 951 1923 Car-dinalis
966 1874 1063 1924 autem

272 1964 308 2024 de
330 1964 448 2024 Medicis
466 2008 474 2037 ,
494 1974 523 2025 et
541 1965 590 2026 alii
606 1963 773 2026 cardinales
788 1982 844 2025 non
861 1964 1062 2025 interfuerunt.

271 2066 389 2126 Missam
420 2066 581 2128 celebravit
615 2065 651 2125 lt.
683 2065 770 2127 Pater
805 2067 946 2127 Dominus
980 2065 1063 2126 Titus

271 2165 432 2246 Episcopus
452 2168 611 2229 castrensis
630 2168 658 2227 in
680 2167 885 2240 Patrimonio,
905 2167 954 2244 qui
975 2167 1062 2225 etiam

272 2278 338 2347 post
351 2267 467 2327 lllissam
483 2269 605 2329 absolvit
619 2288 670 2347 per
686 2287 773 2328 ranam
796 2269 958 2329 orationem
981 2285 1063 2328 more

271 2368 379 2429 solitos
400 2368 571 2430 distributae
591 2369 710 2430 luerunt
730 2370 865 2430 candelae
888 2371 1063 2429 interessen-

273 2470 348 2529 tium
370 2469 509 2538 cuilibet,
536 2470 696 2531 mcutrdum
723 2470 849 2548 gradum
875 2488 983 2541 suum3
1012 2469 1063 2528 bas

273 2566 337 2630 lieri
357 2569 424 2628 lecit
439 2569 597 2629 lloaulrius
613 2568 804 2629 Tornabonus
822 2569 892 2629 dicti
910 2567 1062 2629 Larrrentii

272 2674 301 2730 in
323 2669 414 2731 curia
436 2670 566 2730 Romana
581 2688 683 2730 curam
701 2670 826 2732 babens:
850 2670 947 2729 nullus
969 2668 1063 2729 inter·

271 2771 328 2831 luit
345 2770 465 2831 latrastis
488 2770 616 2830 restibus
638 2771 778 2842 indutus3
810 2769 982 2849 capitaneus
1015 2779 1064 2829 ta·

273 2889 338 2932 men
370 2870 541 2944 Ecclesiae,
570 2884 599 2933 et
630 2872 806 2933 Franciscus
838 2870 935 2943 cibo,
969 2869 1062 2931 induti

271 2972 393 3033 luerunt
408 2972 552 3031 mantellis
567 2972 661 3051 longis
676 2972 766 3051 nigris
787 2972 822 3032 de
843 2989 936 3051 panno
950 2990 1063 3049 grosso,

274 3092 367 3152 usque
386 3073 422 3132 ad
444 3082 577 3144 terram,
609 3073 646 3131 ab
658 3071 806 3132 ‘anteriori
829 3081 913 3151 parte
933 3072 1062 3150 apertis,

273 3174 381 3254 quibus
412 3175 462 3235 illo
491 3192 574 3234 mane
611 3185 723 3233 tantum
758 3173 801 3231 usi
835 3182 903 3231 sunt
917 3194 928 3246 3
962 3171 1062 3234 deinde

271 3274 447 3337 Franciscus
468 3275 652 3354 praedictus,
685 3283 761 3334 veste
785 3274 914 3334 violacea
936 3273 1062 3334 obscura

273 3377 421 3455 usquead
441 3394 536 3455 genua
560 3376 605 3434 vel
628 3376 717 3444 ultra,
741 3373 859 3434 vestitus
880 3385 934 3435 est.

337 3476 422 3538 Faria
437 3487 537 3547 sexta,
557 3491 614 3536 xtn
636 3475 706 3535 dicti
722 3474 829 3535 mensis
844 3474 964 3554 aprilis,
983 3472 1061 3534 cirea

272 3578 375 3640 baram
393 3578 562 3658 vigesimam
578 3578 712 3657 primum,
724 3596 775 3656 per
792 3586 906 3656 portam
919 3574 1059 3636 viridarii

271 3682 315 3741 lll.
334 3682 475 3743 licrcules
497 3681 562 3740 Dux
583 3682 736 3741 Farrariae
758 3680 837 3741 venit
864 3678 900 3738 ad
926 3676 1060 3750 Urbem,

271 3780 357 3858 cujas
378 3783 533 3844 adventum
562 3782 617 3843 SS.
637 3782 674 3843 Ι).
695 3780 728 3841 Ν.
754 3798 845 3862 nuper
875 3780 1052 3858 intelligens,

271 3883 350 3942 misit
370 3883 404 3944 ei.
420 3883 536 3943 obviam
560 3901 651 3960 usque
673 3881 850 3942 Florentiam
872 3892 901 3941 et
921 3880 1001 3939 circa
1022 3878 1058 3939 ll.

271 3983 305 4043 P.
325 3982 480 4044 Dominum
502 3981 657 4044 Nicolaum
682 3981 935 4059 archiepiscopum
953 3978 1059 4039 Arela-

272 4094 391 4155 tensem,
406 4080 557 4141 Nicolaum
570 4079 775 4159 Agatbensem,
789 4078 940 4150 etcelsum
952 4079 987 4140 de
997 4078 1060 4139 tte-

270 4184 337 4241 liais
358 4182 548 4243 Feretranum
569 4182 737 4260 episcopos,
759 4180 808 4257 qui
827 4190 1006 4239 recesserunt
1024 4198 1059 4240 ex

271 4281 354 4344 Urbe
369 4282 413 4343 die
426 4282 586 4354 mercurii,
609 4291 713 4358 quarta
732 4277 843 4357 bajus,
862 4287 936 4358 quds
956 4280 1058 4340 deinde

271 4397 335 4464 post
356 4386 455 4464 plures
476 4383 538 4443 dies
567 4394 687 4443 secutas
706 4393 749 4443 est
768 4381 908 4443 Dominus
927 4381 1059 4443 Bartbo·

271 4489 383 4549 lomcus
397 4487 535 4548 blorenus
549 4484 793 4546 Protbonotarius
804 4484 985 4563 Apostolicus
995 4482 1060 4546 Ur·

272 4589 315 4649 bis
337 4588 523 4650 Gubernator
538 4606 573 4649 es
589 4587 731 4665 singulari
747 4586 916 4657 allectione,
937 4603 994 4645 non
1007 4604 1058 4665 per

273 4689 328 4749 88.
351 4689 387 4750 D.
405 4689 438 4749 Ν.
452 4690 615 4768 specialiter
630 4687 753 4755 niissus,
775 4687 823 4747 sed
839 4696 986 4765 tamquam
1004 4685 1059 4745 sub

272 4792 399 4852 dominio
421 4789 490 4851 dicti
511 4790 604 4851 Ducis
625 4800 719 4849 natus.
741 4789 818 4851 Huic
844 4787 917 4849 Daci
943 4787 1058 4848 obviarn

273 4902 414 4954 venerunt
435 4910 517 4952 more
538 4888 623 4951 solito
644 4891 768 4952 lanriliae
788 4889 1010 4959 Cardinalium,
1030 4900 1059 4950 et

272 4994 327 5055 88.
349 4995 386 5056 Ι).
409 4993 442 5054 Ν.
465 4992 582 5071 Papae,
602 5005 632 5054 et
654 4992 739 5058 Sacri
760 4991 957 5053 cardinalium
987 4990 1058 5053 Col·

273 5098 352 5176 legii.
379 5096 562 5174 Receperunt
593 5094 690 5174 primo
716 5094 752 5153 ad
780 5137 909 5154 .....
923 5136 932 5165 ,
961 5091 1059 5153 deinde

312 5334 347 5396 (ι)
362 5333 417 5383 Etsi
434 5334 458 5381 in
475 5331 566 5380 codice
584 5330 669 5392 aliqua
687 5328 887 5384 desiderentur,
904 5327 930 5374 et
948 5325 996 5373 alia
1014 5324 1059 5373 de·

272 5419 390 5476 turpata,
415 5418 503 5462 tamen
529 5409 663 5460 indubium
680 5413 722 5458 est
744 5405 923 5458 burchardum
948 5414 1058 5453 narrare

270 5494 374 5545 Petrum
396 5492 428 5542 de
444 5490 567 5549 bladieis,
585 5489 660 5539 iratri
684 5488 813 5537 Cardiuali
838 5483 995 5541 scribendo,
1015 5495 1060 5532 ue-

271 5572 421 5636 gligeatiam
430 5569 498 5619 Petri
507 5568 586 5618 Leoni
598 5568 630 5617 de
639 5567 768 5616 Laurentii
779 5570 864 5614 morte
876 5573 1024 5620 accusasse;
1033 5564 1059 5610 et

271 5664 304 5700 ex
322 5648 466 5700 universati
485 5648 615 5697 sententia
632 5650 718 5710 ipsum
736 5644 839 5693 Petrum
856 5643 934 5693 Leoni
952 5655 1004 5693 uon
1024 5651 1056 5692 ex

271 5730 402 5791 calcidio,
419 5729 468 5780 sed
484 5739 517 5779 ex
536 5722 676 5778 homicidio
695 5724 774 5774 vitam
793 5724 899 5775 obiisse.
1001 5713 1004 5720 ’

744 617 1028 684 ronrrrxcxrus
1050 618 1277 682 innocunrn
1297 619 1450 685 ocrxvx
1858 629 1916 691 ιιι
1962 595 1963 599 '

1135 758 1222 819 rerba
1234 769 1401 838 exponentes
1414 806 1421 819 .
1436 805 1443 819 .
1456 805 1464 820 .
1475 769 1539 820 tam
1548 760 1641 841 ipsum
1656 762 1729 824 inter
1744 782 1774 824 se
1790 764 1916 828 medium

1134 859 1334 920 conduxerunt
1351 860 1388 920 ad
1410 859 1464 921 SS.
1487 861 1522 921 Ι).
1544 863 1578 923 Ν.
1603 863 1726 944 Papae,
1751 867 1801 945 qui
1828 885 1918 947 supra

1134 957 1239 1019 lobiam
1256 959 1359 1020 Palatii
1373 980 1461 1042 supra
1482 974 1596 1041 portum
1615 974 1699 1038 erat,
1720 969 1919 1044 praesentiam.

1133 1057 1212 1137 Papa
1228 1060 1256 1118 in
1272 1060 1337 1121 sede
1351 1081 1402 1120 sua
1418 1061 1499 1121 bassa
1514 1066 1693 1138 cremesina,
1715 1067 1744 1125 in
1766 1067 1918 1130 rocchetta

1132 1159 1231 1220 sedens
1247 1203 1256 1232 ,
1276 1162 1384 1240 recepit
1399 1162 1510 1223 Ducem
1525 1175 1590 1224 ante
1605 1184 1634 1225 se
1650 1166 1831 1245 genrxilexuru
1853 1169 1920 1248 pri-

1133 1278 1181 1319 mo
1196 1260 1232 1319 ad
1249 1261 1327 1340 pedis
1342 1264 1485 1336 osculum,
1499 1262 1598 1326 deinde
1616 1266 1653 1325 ad
1668 1285 1780 1342 manus,
1796 1268 1920 1332 Sanctae

1131 1356 1297 1423 drra'stasiae
1318 1372 1347 1421 et
1368 1362 1478 1425 Ursino
1496 1363 1702 1427 cardinalibus
1713 1369 1921 1447 praesentibus,

1133 1461 1182 1538 qui
1204 1478 1273 1521 eum
1295 1461 1436 1524 Pontibce
1456 1476 1540 1525 erant
1554 1484 1611 1525 una
1628 1486 1697 1528 curn
1717 1468 1919 1530 Beneventano

1131 1570 1159 1621 et
1182 1562 1303 1623 Ascanio
1325 1563 1555 1638 cardinalibus,
1586 1567 1637 1644 qul
1659 1566 1762 1628 ibidem
1784 1568 1919 1630 eumdem

1131 1661 1242 1722 Ducem
1267 1663 1424 1723 venientem
1446 1665 1538 1744 capite
1564 1666 1708 1728 detectum
1733 1678 1762 1728 et
1788 1668 1922 1748 ipsilde-

1131 1766 1212 1823 tectis
1235 1763 1376 1843 capitibus
1397 1767 1586 1826 associarunt.
1602 1768 1737 1829 blandato
1755 1768 1809 1830 SS.
1824 1769 1863 1831 Ι).
1883 1770 1919 1832 Ν.

1132 1863 1228 1924 locurn
1250 1863 1313 1924 dedi
1333 1864 1408 1925 Duei
1440 1866 1469 1925 in
1490 1867 1615 1928 scabello
1635 1867 1841 1945 cardinalari,
1869 1871 1920 1932 ubl

1131 1965 1232 2038 sedit;
1267 1974 1328 2025 tum
1358 1965 1435 2046 Papa
1464 1968 1575 2047 recepit
1606 1967 1641 2026 ad
1678 1970 1758 2049 pedis
1785 1973 1919 2032 osculnm

1131 2064 1268 2125 lamiliam
1302 2066 1412 2140 Ducis3
1440 2086 1499 2145 quo
1526 2068 1604 2128 lacto
1628 2072 1754 2131 surrexit
1779 2071 1867 2143 Dux,
1891 2083 1921 2135 ct

1131 2185 1199 2227 cum
1225 2186 1259 2228 eo
1284 2167 1451 2230 cardinales
1476 2187 1573 2230 omnes
1600 2171 1762 2249 praedicti,
1788 2191 1918 2251 quorum

1129 2266 1201 2340 duo,
1218 2267 1353 2328 videlicet
1367 2269 1583 2329 Beneventanus
1615 2281 1645 2330 et
1665 2270 1804 2332 Ascanius
1824 2275 1918 2351 ipsum

1130 2369 1166 2428 ab
1198 2370 1276 2429 illinc
1304 2387 1395 2446 usque
1428 2368 1464 2428 ad
1500 2370 1639 2448 palatium
1667 2370 1764 2432 Sancti
1803 2370 1918 2445 llarci,

1130 2472 1159 2529 in
1193 2488 1252 2547 quo
1285 2468 1429 2547 hospitari
1452 2470 1590 2543 solebat,
1624 2471 1698 2532 inter
1731 2492 1761 2533 se
1791 2472 1918 2535 medium

1128 2569 1337 2639 associarunt,
1369 2569 1433 2627 aliis
1466 2569 1579 2630 duobus
1614 2570 1817 2633 cardinalibus
1850 2592 1919 2634 cum

1131 2658 1322 2728 Sanctissimd
1339 2667 1424 2728 Dom.
1448 2667 1554 2730 Nostro
1576 2673 1801 2732 remanentibus.
1823 2674 1920 2752 Equi·

1129 2771 1256 2829 lavimus
1277 2788 1327 2848 per
1350 2780 1465 2847 pontem
1496 2767 1598 2828 Sntxcti
1622 2771 1747 2850 Angeli,
1774 2773 1917 2855 campum

1129 2869 1257 2941 Florae,
1280 2866 1397 2928 domurn
1414 2867 1447 2929 de
1463 2868 1613 2941 Maximis,
1633 2870 1669 2930 ad
1691 2873 1814 2950 plateam
1835 2874 1921 2953 pria·

1130 2971 1230 3049 cipalis
1263 2970 1401 3028 introitus
1433 2969 1469 3028 ad
1501 2972 1651 3031 ecclesiam
1685 2973 1783 3034 Sancti
1817 2976 1919 3037 Marci.

1130 3067 1355 3129 Praecesserunt
1369 3069 1493 3130 larniliae
1509 3070 1731 3147 cardinalium,
1752 3074 1851 3137 deinde
1872 3077 1921 3136 la·

1131 3171 1209 3229 milis
1225 3169 1327 3241 Ducis,
1340 3169 1480 3230 Scutileri
1502 3170 1606 3249 Papae,
1622 3184 1651 3233 et
1672 3173 1804 3247 comitis,
1821 3194 1919 3237 omnes

1129 3272 1195 3332 laici
1226 3282 1256 3332 et
1278 3289 1334 3331 non
1359 3270 1506 3343 Praelati,
1524 3283 1553 3332 et
1578 3273 1706 3333 Berones
1734 3274 1859 3335 Romani
1891 3289 1921 3338 et

1129 3371 1242 3445 Ducis,
1264 3371 1338 3432 inter
1361 3389 1433 3450 quos
1456 3372 1549 3431 ultimi
1568 3384 1651 3434 crant
1664 3373 1767 3436 cmnes
1792 3375 1919 3439 Pitiliani

1129 3469 1302 3552 capitaneus
1323 3470 1470 3533 Ecclesiae
1500 3492 1516 3531 a
1547 3473 1655 3534 dextris
1684 3484 1713 3537 et
1746 3477 1919 3539 Franciseus

1128 3571 1201 3633 cibo
1232 3591 1248 3631 a
1282 3574 1412 3633 sinistris.
1445 3572 1515 3634 Post
1547 3573 1658 3635 Ducem
1694 3586 1723 3636 et
1752 3574 1919 3640 cardinales

1128 3675 1299 3752 equitarunt
1320 3673 1442 3752 praelati
1463 3672 1588 3733 Palatini
1608 3687 1638 3735 et
1657 3673 1824 3749 Oratores3
1854 3688 1919 3738 tum

1128 3775 1178 3834 alii
1200 3792 1282 3834 more
1303 3774 1395 3833 solito.
1415 3773 1482 3833 Dux
1501 3775 1614 3834 nullum
1634 3778 1796 3854 praelatum
1818 3795 1917 3840 secum

1128 3875 1217 3935 duxit.
1252 3872 1412 3953 Episcopus
1444 3874 1613 3934 lllutinensis
1644 3872 1754 3938 Orator
1784 3897 1856 3939 sum
1887 3880 1916 3941 in

1128 3974 1208 4037 Urbe
1231 3974 1372 4051 equitavit
1393 3975 1420 4033 in
1442 3973 1542 4033 ordine
1562 3994 1626 4045 stro,
1649 3985 1683 4034 ut
1702 3974 1824 4050 Orator,
1846 3996 1914 4040 cum

1127 4073 1189 4135 aliis
1212 4070 1391 4133 Oratoribus
1419 4075 1564 4152 praelatis.
1592 4075 1682 4136 Extra
1710 4090 1824 4155 portmn
1861 4097 1917 4159 pa·

1128 4175 1195 4236 latii¹
1208 4174 1307 4234 Sancti
1329 4171 1441 4245 ilorci,
1464 4185 1617 4251 antequam
1639 4174 1761 4237 curiam
1781 4179 1916 4254 intraret,

1129 4278 1215 4338 vertit
1235 4295 1282 4347 se,
1303 4285 1331 4336 et
1347 4275 1460 4337 detecto
1476 4276 1570 4355 eapite
1585 4275 1788 4340 Cardinalibus
1805 4282 1915 4359 gratias

1125 4377 1185 4456 egit
1200 4420 1209 4447 ,
1230 4377 1279 4454 qui
1300 4385 1492 4450 recesserunt,
1506 4376 1690 4454 sequentibus
1709 4381 1783 4460 ipsos
1798 4383 1915 4461 praela·

1127 4480 1164 4539 tis
1184 4477 1339 4549 omnibns,
1357 4494 1485 4554 quorum
1507 4477 1635 4539 omniurn
1658 4498 1802 4541 recessum
1824 4483 1914 4561 Dux,

1127 4580 1283 4641 birrcttnm
1300 4588 1415 4639 tantum
1434 4578 1463 4638 in
1482 4580 1577 4658 capite
1591 4580 1716 4655 babens,
1737 4593 1766 4643 et
1781 4585 1808 4644 in
1825 4602 1912 4648 manu

1127 4681 1291 4761 cappellum
1311 4698 1410 4752 suum,
1431 4680 1537 4741 ibidem
1552 4683 1724 4762 expectavit;
1747 4683 1847 4748 deinde
1867 4688 1914 4747 in·

1128 4781 1218 4841 travit
1238 4781 1378 4860 palatium
1401 4782 1590 4860 praedictum.
1613 4782 1717 4843 Eundo
1745 4786 1783 4843 ad
1810 4786 1914 4848 Ponti·

1128 4880 1227 4956 ficem,
1261 4892 1289 4943 et
1309 4881 1562 4954 inde'redeundo,
1595 4902 1629 4944 ac
1657 4887 1743 4948 etiarn
1770 4906 1822 4967 per
1850 4889 1913 4948 rias

1128 4984 1242 5043 strictus
1276 4984 1460 5062 equitando,
1495 4983 1658 5046 cardinalis
1693 4989 1911 5051 Beneventanus

1128 5084 1335 5163 praecedebat,
1355 5104 1441 5164 quem
1456 5086 1630 5163 sequebatur
1645 5086 1732 5160 Dux,
1754 5101 1781 5149 et
1800 5088 1911 5151 Ducem

1127 5186 1287 5246 cardinalis
1308 5185 1457 5246 Ascanius.
1479 5186 1546 5246 Dux
1569 5188 1646 5248 venit
1661 5190 1695 5247 ad
1713 5189 1823 5252 Urbem
1842 5208 1912 5252 cum

1128 5288 1226 5347 salmis
1247 5304 1373 5359 xxxin,
1386 5288 1569 5365 equestribus
1579 5286 1779 5375 (Equitibusl)
1794 5292 1911 5355 circiter

1128 5388 1208 5461 900,
1227 5388 1301 5451 inter
1323 5408 1398 5467 quos
1419 5401 1502 5449 erant
1522 5389 1668 5464 Comites,
1686 5393 1830 5467 Daroxxes,
1848 5394 1911 5455 Do·
1934 5442 1937 5448 ,

1129 5491 1211 5561 ιιιίιιί,
1230 5502 1259 5550 et
1277 5490 1381 5551 milites
1402 5489 1518 5552 circiter
1540 5492 1741 5572 quadraginta.

1190 5590 1338 5653 Dominica
1372 5591 1562 5665 Primnum,
1597 5592 1810 5674 decimaquinta
1842 5594 1913 5656 dieti

1128 5694 1230 5757 mensis
1251 5693 1373 5772 aprilis,
1395 5694 1467 5759 Rev.
1499 5695 1640 5759 Dominus
1661 5696 1824 5760 cardinalis
1842 5696 1913 5758 dle·

1628 5812 1659 5858 23
