4492 6859
292 585 313 649 8
771 592 1093 659 conlibitumst
1116 595 1263 659 stituit
1284 594 1483 668 nuenton.

335 724 373 785 lit
383 712 518 803 quoniam
534 737 663 788 castrum
678 728 777 791 Sancti
793 731 895 810 angeli
910 731 1006 793 adbuc
1021 745 1085 794 erat

293 824 321 886 in
343 827 473 886 manibus
494 826 608 888 comitis
628 827 799 908 Hieronymi
820 827 883 912 (l),
904 832 1013 911 nepotis
1034 833 1082 894 iel.

293 945 351 990 rec.
379 927 452 987 sixti
468 927 563 1007 Papae
578 929 686 1005 quarti,
700 930 749 1006 qni
770 931 966 1009 superioribus
987 931 1086 994 diebus

293 1026 401 1088 bellum
418 1025 659 1089 Columnensibns
679 1027 830 1105 indixerat,
851 1032 1006 1094 noluerunt
1034 1052 1085 1094 re·

293 1125 490 1188 verendissimi
510 1126 616 1188 domitii
638 1128 673 1190 de
701 1127 842 1203 Sabellis,
862 1130 897 1192 de
917 1130 1081 1207 Columna,

294 1237 323 1286 et
342 1225 442 1285 Sancti
464 1224 544 1286 Petri
564 1226 600 1285 ad
621 1227 762 1300 Vincula,
780 1227 965 1302 cardinales,
985 1242 1014 1292 et
1035 1233 1085 1309 qui

293 1346 396 1388 eorum
422 1338 532 1406 partem
560 1327 716 1403 (οιὼιιιι,
738 1328 774 1388 ad
801 1328 900 1393 missas
925 1331 1085 1409 exequiales

295 1429 457 1506 praedictas
476 1429 586 1502 venire,
597 1442 754 1492 asserentes
771 1430 825 1491 sibi
848 1442 945 1494 tritura
958 1449 1016 1494 nnn
1030 1450 1086 1511 pa·

295 1538 356 1590 tere
369 1546 527 1603 accessum,
546 1529 600 1590 nisi
620 1541 750 1592 castrum
766 1531 946 1611 praedictum
963 1534 1086 1613 collegio

295 1629 494 1690 cardinalium
507 1630 704 1709 assignaretur
711 1652 722 1705 3
738 1632 815 1710 qnod
826 1632 939 1694 tandem
953 1632 1008 1696 luit
1020 1634 1086 1694 eol·

296 1728 371 1808 legio
390 1730 579 1809 assignatum,
594 1732 623 1792 in
639 1749 699 1810 quo
719 1734 814 1811 posuit
831 1733 1020 1794 castellanum
1034 1751 1086 1795 re·

297 1830 534 1891 revendissimus
550 1831 579 1890 in
593 1831 712 1893 cbristo
730 1844 843 1913 patrem
856 1833 1006 1896 dominum
1022 1836 1086 1914 epi-

294 1947 414 2009 scopum
424 1929 616 1992 Tudertinnm
628 1930 684 2016 (9).
692 1933 840 1994 Venerunt
850 1932 950 1994 deinde
964 1934 1088 2013 praelati

295 2029 359 2090 titt.
379 2028 546 2093 cardinales
566 2031 603 2091 ad
623 2034 724 2093 missas
744 2033 916 2112 exequiales,
927 2034 1087 2112 equitantes

295 2140 354 2190 um
376 2131 515 2193 renimdo
534 2131 572 2192 ad
592 2135 693 2193 missas
718 2131 903 2209 hujusmodi,
927 2153 1015 2214 quam
1035 2155 1087 2198 re·

295 2230 425 2304 deundo,
446 2250 499 2311 per
522 2232 598 2291 riam
619 2232 852 2293 transtiberinam
868 2232 923 2317 (3).

338 2330 389 2390 llis
410 2330 509 2391 diebus
530 2329 566 2389 ll.
589 2331 619 2390 in
639 2330 757 2392 cbristo
777 2343 859 2412 pater
874 2376 884 2407 ,
901 2345 931 2395 et
955 2335 1087 2397 dominus

295 2430 435 2490 Ascanius
448 2428 541 2489 llaria
553 2428 653 2491 Sancti
667 2432 724 2493 vin
744 2443 774 2494 et
788 2433 908 2498 Modesti
929 2434 1085 2497 Mortirnm

296 2531 323 2590 in
345 2530 491 2601 dlaeello,
512 2529 649 2592 diaeonus
669 2532 831 2596 cardinalis
863 2534 971 2598 Siortie
999 2537 1086 2599 Vice-

295 2648 392 2690 comes
404 2641 459 2692 etc.
471 2650 505 2692 ex
516 2630 676 2693 ldedinlano
687 2634 764 2695 renit
779 2635 905 2698 Romam
923 2639 1002 2698 solus
1017 2655 1089 2698 cum

296 2733 384 2791 unico
399 2730 545 2806 familiari,
560 2730 644 2794 brari
658 2733 758 2794 habitu
777 2735 906 2809 indutus,
921 2736 993 2797 adeo
1007 2737 1086 2815 quod

335 3021 373 3073 (t)
391 3037 402 3058 ·
420 3015 519 3067 Eadem
535 3015 578 3066 die
595 3019 692 3068 multae
713 3017 840 3070 civitates
856 3025 883 3070 et
898 3019 1033 3072 Potentiae
1054 3035 1084 3072 se

293 3095 448 3144 obtulerunt
464 3094 543 3145 dictis
559 3093 610 3145 Dii.
626 3095 846 3149 Columnensibns
860 3135 868 3159 ‚
883 3109 910 3151 et
925 3101 995 3151 inter
1017 3100 1084 3151 alios

294 3173 426 3223 Florentia
440 3172 660 3237 obtulitquatuor
675 3177 806 3240 squadraa
822 3181 880 3229 aive
897 3179 1022 3232 cobortes
1033 3181 1085 3229 mi·

293 3253 367 3302 titum
383 3264 442 3303 cum
453 3252 589 3314 peditibus
605 3254 743 3315 mattiaci
758 3256 913 3307 tantundem
929 3257 1085 3310 obtulerunt

292 3331 425 3381 Seaeases
449 3335 543 3382 contra
566 3334 687 3383 comitem
708 3334 906 3399 Hieronymum,
922 3336 1019 3388 Eadem
1041 3338 1084 3388 die

292 3421 383 3460 comes
399 3409 576 3473 Hieronymus
593 3411 710 3462 restituit
725 3413 884 3473 castellum,
899 3418 927 3465 et
950 3415 1084 3466 tortilitias

294 3499 387 3537 omnes
404 3487 550 3548 Ecclesiae,
565 3501 631 3551 quaa
649 3489 764 3550 tenebat,
775 3503 828 3540 non
843 3493 1000 3556 priusquam
1014 3494 1083 3544 solu-

293 3567 328 3616 tis
344 3567 368 3614 ei
384 3578 433 3628 per
448 3564 602 3618 Cardinaies
624 3571 738 3629 quatuor
754 3569 869 3620 millibus
886 3571 1050 3622 ducatorum.
1071 3596 1082 3616 ι

297 3643 457 3702 iurassent,
468 3642 516 3693 loo.
531 3645 573 3693 cit.

334 3725 371 3782 (2)
391 3743 400 3765 ι
419 3721 518 3772 Eadem
534 3722 577 3772 die
593 3724 601 3782 (
617 3722 712 3776 seilicet
727 3725 759 3773 at
773 3725 782 3786 )
795 3724 895 3777 domini
910 3727 1082 3790 Cardinaies‚

296 3803 422 3854 videlicet
437 3802 629 3863 columnensis,
639 3802 767 3864 Sabellus,
783 3804 889 3858 Ursinus
905 3811 932 3858 et
947 3808 981 3860 de
997 3808 1085 3859 Comi·

296 3880 367 3931 tibus
384 3882 411 3932 in
427 3880 541 3932 ecelesia
555 3880 588 3930 ’8.
603 3880 672 3931 Petri
694 3887 809 3935 securati
825 3890 887 3936 sunt
903 3898 962 3938 eum
979 3886 1084 3946 ddetua·

296 3959 401 4012 aeribus
417 3960 452 4010 ad
467 3960 535 4020 boc,
549 3963 592 4020 nt,
610 3959 714 4012 reddito
730 3967 830 4023 castro,
846 3963 930 4016 libere
945 3970 972 4016 et
988 3978 1083 4018 secure

295 4042 334 4090 irs
350 4038 665 4103 pessinuntensium,
681 4043 710 4090 ut
726 4052 806 4103 super
823 4044 977 4094 conclusum
992 4046 1021 4093 et
1037 4055 1084 4093 aa·

293 4120 432 4182 pitulatum
443 4122 492 4168 est.
507 4117 553 4167 Die
569 4120 699 4181 sequenti,
713 4118 835 4170 videlicet
851 4122 941 4174 ultima
956 4122 1084 4185 exequia-

294 4212 353 4248 rum
369 4197 446 4254 Sixti‚
461 4195 614 4247 Cardinelas
630 4192 742 4247 iverunt'
751 4198 785 4248 ad
800 4198 922 4251 Sanctum
931 4199 1044 4259 Petrum,
1054 4206 1083 4252 ut

294 4274 454 4335 promissum
466 4277 533 4330 erat,
543 4278 651 4335 praeter
662 4288 738 4337 quam
750 4275 869 4327 Sabellus
885 4282 912 4327 et
928 4278 1084 4330 columnen-

295 4353 342 4409 sis,
358 4355 385 4401 et
400 4363 479 4401 causa
495 4350 543 4400 luit
558 4354 619 4413 quia
636 4352 663 4402 in
679 4358 758 4410 nocte
774 4358 1027 4417 praeterissemus
1037 4372 1083 4409 ea·

295 4431 377 4491 pitula
394 4434 420 4479 et
436 4430 626 4492 promissiones
642 4432 805 4493 praedictas,
823 4435 849 4485 in
865 4436 937 4486 dieto
953 4443 1041 4491 castro
1057 4440 1080 4490 S.

296 4508 386 4570 angeli
411 4509 579 4557 intraverunt
602 4512 708 4559 centum
726 4514 753 4561 et
768 4514 957 4578 quinquaginta
978 4516 1082 4579 pedites

297 4588 364 4636 bene
380 4588 487 4635 armatu
498 4590 610 4648 propter
625 4587 696 4649 quod
712 4588 864 4643 cardinales
879 4593 1007 4655 praedicti
1020 4597 1084 4646 mui-

298 4668 352 4714 tum
369 4663 491 4714 admirati
507 4666 533 4714 et
549 4662 676 4726 indignati
699 4664 825 4727 inerunt;
841 4670 890 4720 sed
909 4671 971 4722 dicti
991 4672 1083 4723 cardi·

297 4743 371 4792 ueies
388 4747 477 4793 minen
492 4746 653 4794 curaverunt
669 4743 740 4806 quod
754 4744 895 4799 Comitissa
906 4761 965 4800 cum
977 4754 1031 4800 tnta
1043 4750 1083 4801 la·

298 4822 385 4881 milia,
400 4825 428 4871 et
443 4832 502 4869 curn
519 4820 597 4869 dictis
613 4821 746 4883 peditibus
762 4828 878 4875 castrum
900 4824 1017 4891 Collegin
1038 4842 1084 4879 re·

299 4901 403 4959 stituit,
418 4902 445 4949 et
462 4900 519 4962 ipsa
535 4897 599 4948 abiit
615 4899 658 4949 die
674 4901 714 4960 25,
730 4901 854 4954 videlieet
873 4903 917 4955 dia
933 4905 958 4954 S.
974 4905 1083 4958 Bartbo·

300 4979 404 5030 lernaei.
424 4999 434 5021 ι
452 4977 606 5034 memsuis,
622 4977 670 5027 loc.
688 4978 730 5028 cit.

342 5081 352 5101 ·
370 5058 402 5109 Et
418 5058 445 5108 in
459 5060 554 5121 questo
570 5055 598 5107 di
611 5060 663 5118 (25)
678 5060 700 5108 si
716 5058 786 5122 perti
802 5061 826 5111 la
842 5061 970 5113 contessa
986 5062 1020 5114 da
1035 5064 1083 5113 Ca·

297 5138 385 5200 steiio,
401 5140 428 5187 et
444 5140 586 5187 entrarono
602 5136 626 5186 la
642 5135 736 5187 dentre
752 5142 821 5189 sette
836 5138 997 5200 Cardinati‚i
1013 5143 1082 5205 quali

299 5218 324 5266 to
340 5216 504 5279 provridero
514 5214 541 5264 di
552 5214 611 5276 ogni
626 5227 688 5266 cosa
705 5229 720 5267 e
737 5217 895 5268 lasciaronvi
911 5220 1053 5271 castellano
1064 5222 1082 5271 il

299 5297 418 5347 vescovo
435 5294 461 5345 di
477 5293 543 5345 'lodi
552 5305 591 5344 eo.
603 5314 614 5336 ·
625 5293 789 5346 Notariusde
800 5295 952 5359 antiporru,
967 5298 994 5347 in
1008 5297 1082 5348 niae.

297 5386 357 5437 sup.
371 5374 415 5425 σι’).
430 5372 493 5423 Vide
509 5373 589 5423 etiem
609 5400 636 5409 -
652 5372 707 5423 Vite
720 5374 746 5423 di
761 5373 879 5426 cmorina
894 5375 984 5438 Siorao
999 5378 1082 5430 iiiorio

299 5446 418 5498 oeneus
427 5446 452 5495 d'
461 5443 681 5507 imoloaSipnoro
689 5447 716 5495 di
725 5447 805 5508 Ferit,
814 5448 1016 5500 dererittaintre
1026 5450 1083 5501 libri

299 5526 439 5576 uott'sbote
449 5524 554 5577 leuato
565 5524 671 5575 Burriii.
681 5550 711 5562 —
722 5524 837 5589 Bolseno
847 5528 915 5578 1795.
927 5530 986 5578 tona.
1000 5529 1039 5579 lli.

340 5605 374 5664 (3)
403 5603 535 5660 liseria,
557 5602 709 5655 Cardiaales
734 5603 900 5657 declinabant
925 5608 958 5657 ab
976 5622 1036 5659 aree
1058 5610 1081 5659 S.

301 5683 400 5745 angen.

1843 591 1952 684 <aaut

1152 731 1246 812 potius
1260 732 1360 805 laicus,
1370 749 1458 810 quam
1469 732 1593 792 clericus
1607 731 1767 794 videretur.
1784 731 1886 796 Nemo
1900 737 1949 797 sibi

1152 832 1266 894 obviem
1283 832 1373 905 venit,
1384 850 1418 892 ea
1435 829 1597 894 Mediolano
1618 843 1746 908 quatum
1762 831 1889 908 diebus,
1907 837 1949 898 rei

1152 936 1230 996 circa
1251 933 1329 995 venit
1349 932 1482 994 Romam

1195 1032 1402 1114 Superioribus
1427 1029 1544 1103 diebus,
1570 1028 1703 1092 videlieet
1726 1030 1883 1093 dominica
1911 1035 1949 1094 en

1154 1136 1257 1198 mensis
1277 1133 1344 1194 maii
1364 1132 1491 1212 proxime
1510 1129 1659 1210 praeteriti
1678 1132 1760 1192 eirea
1776 1129 1891 1194 beram
1910 1134 1949 1193 22

1153 1232 1285 1294 dominns
1312 1232 1507 1309 Hieronymus
1528 1230 1563 1289 de
1588 1228 1689 1292 iliarlo
1709 1248 1814 1294 onmes
1834 1245 1898 1296 etc.
1924 1247 1951 1295 et

1153 1331 1324 1413 crpitaneus
1341 1330 1485 1409 generalis
1505 1330 1537 1390 S.
1559 1330 1707 1394 nouenae
1725 1329 1900 1403 Bucinna,
1917 1355 1949 1396 ae

1154 1432 1275 1496 Gentilis
1294 1429 1486 1510 Virginiusde
1499 1430 1622 1506 Ursinis,
1636 1450 1705 1494 eum
1724 1432 1788 1494 auia
1808 1434 1950 1513 genfibus

1153 1552 1275 1597 numero
1286 1531 1369 1596 3000
1380 1533 1424 1594 vel
1437 1531 1838 1605 cirea,eireneruntdomum
1846 1534 1951 1597 solitae

1153 1633 1322 1698 residentiae
1336 1630 1566 1694 reverendissimi
1579 1633 1608 1690 in
1623 1630 1742 1693 cbristo
1761 1634 1862 1713 patris
1875 1645 1908 1695 et
1923 1635 1949 1694 d.

1153 1734 1260 1797 domini
1275 1730 1413 1795 lobannis
1428 1730 1552 1793 Sanctae
1566 1729 1674 1792 lilariae
1694 1734 1724 1790 in
1744 1732 1867 1812 aquiro
1887 1732 1951 1793 dia·

1154 1834 1218 1893 coni
1238 1832 1397 1894 cnrdinalis
1417 1831 1453 1892 de
1479 1829 1619 1892 caluom
1641 1830 1806 1910 vulgariter
1829 1850 1951 1894 nuncu-

1154 1933 1234 2011 pati,
1264 1950 1352 2011 qnam
1377 1942 1474 2012 gentes
1503 1929 1665 1992 cardinalis
1688 1931 1765 1993 intus
1793 1931 1950 1995 existentias

1155 2031 1277 2093 viriliter
1299 2031 1411 2092 duabus
1432 2029 1532 2103 horis,
1554 2032 1600 2091 rel
1620 2032 1721 2105 circa,
1741 2031 1948 2096 defenderunt

1155 2131 1282 2193 Tandem
1296 2132 1378 2204 victi,
1395 2130 1572 2192 irruentibus
1586 2148 1603 2189 a
1625 2142 1722 2205 retro,
1737 2143 1767 2193 et
1782 2153 1838 2212 per
1854 2135 1947 2196 latere

1153 2231 1286 2310 genubus
1305 2229 1425 2293 comitis
1445 2229 1523 2291 eirea
1543 2231 1645 2291 boram
1666 2231 1708 2293 bi
1727 2232 1863 2311 ejusdem
1876 2234 1946 2308 diei,

1155 2331 1196 2393 illi
1221 2330 1257 2393 de
1281 2330 1369 2392 domo
1390 2330 1566 2411 aufugerunt
1590 2330 1668 2404 ralii
1688 2350 1759 2393 aero
1779 2333 1945 2408 intrantes,

1154 2431 1272 2492 domum
1297 2430 1408 2511 penitus
1425 2431 1557 2491 omnibus
1581 2430 1684 2507 bonis,
1703 2432 1789 2494 etiem
1811 2434 1945 2495 fenestris

1153 2542 1183 2592 et
1202 2532 1302 2612 portis,
1321 2530 1505 2609 spoliarunt3
1526 2541 1554 2591 et
1575 2531 1644 2592 niliil
1666 2532 1778 2611 penitus
1797 2533 1828 2592 in
1842 2551 1878 2595 ea
1899 2532 1943 2593 di·

1154 2635 1306 2707 mittentes,
1320 2634 1433 2694 tandem
1449 2634 1516 2713 igne
1531 2632 1559 2692 in
1573 2652 1606 2695 eu
1627 2634 1767 2714 apposito,
1782 2632 1943 2706 stabulum,

1153 2747 1183 2797 et
1197 2752 1326 2796 cameras
1336 2733 1495 2796 Cardinalis
1505 2734 1735 2808 combusserunt,
1745 2751 1780 2795 ae
1790 2733 1942 2796 dominum

1153 2834 1343 2896 Laurentium
1365 2833 1399 2895 de
1420 2831 1562 2895 columna
1580 2834 1662 2899 Sedis
1675 2833 1858 2916 sposicttcse
1869 2854 1943 2915 pro·

1155 2935 1351 2995 thonotarium
1372 2951 1440 2995 cum
1462 2933 1594 3014 pluribus
1611 2935 1674 2995 aliis
1690 2930 1737 3016 (l)
1758 2934 1787 2995 in
1808 2946 1942 2996 manum

1154 3035 1254 3096 Sancti
1274 3034 1377 3113 angeli
1396 3037 1543 3113 captivum
1559 3033 1719 3108 duxerunt,
1738 3044 1769 3094 et
1789 3051 1886 3113 usque
1906 3038 1942 3096 od

1152 3135 1262 3197 obitum
1290 3145 1447 3196 tenuerunt
1466 3129 1521 3218 (o).
1542 3132 1651 3195 Eodem
1672 3152 1749 3209 sero,
1774 3133 1887 3197 Petrus
1905 3136 1940 3200 de

1192 3414 1339 3475 (tillium,
1355 3411 1414 3472 luga
1431 3412 1515 3461 salute
1525 3415 1611 3474 parta,
1621 3411 1741 3476 hospites
1758 3416 1862 3478 recepti
1879 3422 1943 3467 sunt

1153 3492 1277 3543 alatiano
1288 3490 1355 3540 detta
1366 3491 1480 3551 llorere,
1486 3492 1529 3553 qui
1541 3496 1634 3553 postea
1644 3494 1771 3554 temporis
1781 3492 1942 3547 cathedram

1152 3570 1206 3619 diri
1218 3568 1286 3619 Petri
1298 3568 1437 3629 occuparit
1446 3567 1496 3618 sub
1507 3569 1678 3620 nomineiuiii
1688 3570 1717 3619 ll.
1728 3590 1739 3613 ·
1752 3572 1813 3622 lieni
1824 3592 1838 3616 ι
1847 3572 1943 3626 scribit

1152 3647 1301 3707 iniessura,
1320 3666 1330 3689 ·
1349 3647 1375 3696 to
1391 3645 1529 3697 Cardiuale
1544 3648 1571 3699 di
1586 3648 1614 3698 8.
1630 3648 1716 3700 Pietro
1731 3650 1765 3700 od
1789 3649 1903 3703 Viricala
1916 3655 1945 3704 ia

1152 3725 1258 3777 Palazzo
1269 3724 1338 3776 ebbe
1350 3725 1430 3775 meite
1448 3728 1538 3787 parole
1554 3729 1595 3777 ool
1610 3735 1688 3779 conte
1703 3728 1847 3780 leronimo.
1858 3730 1944 3782 L'ori-

1152 3805 1211 3868 gine
1227 3816 1242 3854 e
1259 3806 1283 3854 te
1299 3804 1390 3866 parole
1407 3816 1472 3854 sono
1488 3809 1599 3867 queste:
1615 3805 1669 3856 cite
1687 3808 1712 3858 io
1728 3806 1813 3859 conte
1832 3808 1861 3858 in
1877 3822 1943 3873 pre·

1152 3894 1232 3935 senaa
1252 3882 1296 3933 del
1319 3880 1386 3944 Papa
1407 3882 1479 3933 disse
1501 3883 1524 3932 at
1549 3883 1687 3935 cardinale
1704 3886 1754 3935 obe
1772 3888 1823 3950 egli
1846 3888 1941 3940 tacere

1152 3962 1220 4012 male
1236 3974 1252 4011 a
1268 3966 1359 4011 tenere
1371 3960 1388 4009 li
1404 3959 1490 4010 ribetli
1506 3973 1521 4011 e
1537 3962 1632 4011 nemici
1644 3961 1712 4012 della
1723 3962 1818 4014 chiesa
1828 3965 1858 4014 in
1868 3977 1942 4018 casa.

1152 4039 1172 4090 li
1194 4043 1289 4103 questo
1305 4039 1339 4102 gii
1355 4038 1447 4097 disse,
1463 4040 1655 4100 tmperctoccbe
1672 4041 1690 4091 il
1706 4040 1779 4092 detto
1799 4041 1943 4098 Cardiaala

1152 4121 1246 4167 tenera
1259 4116 1337 4167 Paoio
1346 4116 1477 4180 Margana,
1492 4118 1593 4169 blesser
1607 4118 1769 4170 Baraardino
1779 4119 1849 4172 daila
1861 4121 1940 4184 Valle,

1152 4198 1254 4245 blesser
1266 4194 1342 4246 Paulo
1355 4194 1424 4245 datia
1440 4194 1519 4252 Valle,
1535 4196 1635 4247 lleaser
1647 4197 1782 4259 apottouto
1793 4198 1941 4264 Valentino,

1151 4274 1250 4324 blesser
1266 4272 1394 4337 Prospero
1405 4273 1555 4331 Boccaoeio,
1566 4287 1581 4324 e
1592 4275 1665 4325 molti
1676 4276 1736 4325 altri
1748 4278 1755 4324 i
1766 4278 1838 4339 quati
1851 4279 1874 4328 si
1884 4283 1943 4329 tros·

1150 4363 1248 4401 verano
1264 4353 1290 4401 in
1305 4363 1367 4400 casa
1383 4350 1425 4401 dei
1441 4350 1520 4401 card.
1536 4352 1661 4411 calonna,
1677 4354 1784 4417 quando
1795 4354 1823 4405 iu
1841 4357 1909 4407 totta
1925 4373 1941 4408 e

1151 4430 1301 4492 bettagiiata
1325 4430 1348 4477 la
1374 4428 1447 4479 detta
1467 4443 1528 4481 oasa
1545 4434 1569 4481 in
1586 4431 1676 4482 lavore
1692 4431 1734 4481 del
1754 4437 1941 4495 protonotario

1150 4506 1272 4558 colonae.
1291 4506 1321 4556 bi
1337 4507 1415 4570 quale
1432 4508 1449 4558 ii
1465 4509 1539 4559 detto
1555 4508 1692 4559 Cardinaie
1713 4512 1818 4573 rispors
1836 4525 1852 4562 e
1867 4513 1940 4565 disse

1150 4586 1200 4635 aba
1222 4585 1303 4648 quelli
1320 4585 1367 4634 ebe
1383 4589 1479 4636 tenera
1495 4598 1547 4636 non
1564 4599 1645 4637 erano
1663 4587 1750 4637 ribeili
1767 4589 1818 4639 alla
1834 4589 1940 4651 chiesa,

1151 4676 1193 4714 nia
1209 4675 1290 4713 erano
1305 4663 1516 4730 ledeiissimi.ilp
1528 4677 1573 4716 era
1584 4666 1635 4730 egli
1647 4667 1697 4717 ebe
1714 4668 1736 4718 si
1752 4668 1870 4720 credere
1882 4684 1939 4721 oac-

1151 4745 1205 4793 ciar
1221 4743 1278 4793 loro
1293 4742 1320 4792 di
1341 4742 1440 4802 Roma,
1456 4756 1471 4793 e
1492 4748 1604 4796 mettere
1620 4756 1634 4792 a
1650 4745 1728 4797 luceo
1748 4746 1773 4797 ia
1795 4746 1892 4799 cbiesa
1912 4751 1940 4801 di

1150 4821 1198 4872 Dio
1214 4832 1229 4871 e
1245 4821 1379 4873 rorinerla
1396 4824 1464 4872 totta
1479 4827 1589 4885 quanta3
1606 4836 1621 4874 e
1637 4825 1686 4875 obe
1702 4826 1752 4887 egli
1768 4837 1814 4874 era
1830 4828 1940 4890 ragione

1150 4902 1193 4963 pei
1208 4901 1269 4952 mali
1285 4900 1455 4962 portameuti,
1465 4902 1514 4950 ebe
1526 4901 1628 4964 strepa,
1638 4905 1688 4952 cbe
1704 4916 1751 4953 era
1767 4902 1784 4953 li
1801 4909 1941 4966 presente,

1150 4991 1200 5029 ono
1218 4979 1277 5027 tutti
1293 4980 1301 5026 i
1317 4976 1449 5028 cardinali
1469 4979 1614 5030 undassero
1635 4982 1661 5031 in
1678 4983 1778 5031 rovina.
1793 4981 1814 5033 li
1830 4982 1939 5046 dnpo‚ii

1150 5056 1230 5108 (ὶοιιιιι
1247 5056 1264 5104 li
1280 5056 1352 5106 disse
1368 5057 1417 5107 obe
1434 5057 1459 5106 lo
1475 5059 1570 5108 roteva
1581 5060 1700 5110 cacciare
1711 5059 1744 5110 da
1755 5060 1842 5123 quella
1855 5065 1939 5121 terra,

1151 5147 1165 5185 e
1182 5134 1230 5185 ebe
1247 5134 1271 5183 io
1288 5134 1382 5185 velera
1398 5134 1514 5187 iniooara
1530 5136 1557 5186 in
1573 5139 1661 5200 quella
1676 5151 1738 5190 essa
1754 5153 1769 5190 e
1786 5141 1938 5192 metterlaa

1151 5203 1342 5273 sacromenuo,
1358 5212 1472 5263 siccome
1494 5227 1559 5266 area
1575 5216 1641 5267 letto
1660 5232 1675 5267 e
1691 5219 1779 5282 quella
1794 5219 1840 5270 del
1857 5219 1937 5272 card.

1150 5290 1273 5343 Colonua.
1292 5312 1302 5334 ·
1319 5292 1422 5342 Unus.
1438 5296 1499 5344 iona.
1515 5296 1553 5345 lli.
1568 5308 1597 5357 p.
1614 5298 1642 5348 ll·
1658 5310 1684 5360 p.
1703 5299 1775 5349 1100.

1189 5371 1226 5429 (5)
1242 5368 1323 5419 Uiarii
1335 5374 1426 5422 auctor
1437 5370 1471 5422 ad
1482 5375 1601 5437 tempora
1618 5380 1739 5427 anteacta
1755 5388 1895 5437 reversus.
1904 5379 1937 5430 de

1150 5448 1280 5499 Laurentii
1296 5447 1437 5500 Columnae
1453 5449 1647 5515 decollatione,
1663 5456 1690 5504 et
1705 5452 1739 5504 de
1756 5455 1860 5508 aedium
1877 5457 1938 5507 Vai-

1151 5528 1263 5579 tensium
1284 5530 1426 5578 eversione
1449 5530 1563 5594 loquitur
1579 5533 1639 5593 bio,
1655 5531 1731 5583 lecito
1749 5538 1776 5584 ut
1794 5535 1878 5585 lector
1894 5535 1938 5586 in·

1152 5607 1251 5669 telligit
1265 5618 1317 5668 qua
1334 5605 1367 5656 de
1383 5620 1462 5659 causa
1480 5611 1561 5662 tantis
1581 5610 1722 5674 praesidiis
1740 5619 1766 5664 ot
1782 5616 1864 5666 armis
1888 5615 1936 5665 co·

1152 5685 1301 5735 iumneascs
1327 5689 1352 5734 et
1377 5700 1467 5738 eornm
1484 5694 1630 5741 sectatores
1647 5694 1784 5742 tuerentur
1806 5695 1831 5743 in
1854 5693 1935 5746 Urbe.
