4492 6859
313 602 422 685 (resq

312 736 455 797 associare
481 734 603 795 soluerit
627 737 655 796 in
676 738 769 815 capite
788 738 955 813 scalarum,
977 738 1025 799 ubi
1046 758 1098 819 per

311 838 397 896 aliam
421 837 496 893 siam
516 834 623 896 diverti
640 846 751 914 potest,
775 838 880 899 iterum
895 837 970 917 Regi
991 839 1099 917 gratias

312 947 436 1015 ageret,
456 945 486 995 et
507 937 602 1013 ipsum
635 937 803 997 licentiaret.
839 937 925 1007 Quod
955 941 979 999 si
1005 941 1096 1019 ipsum

313 1037 375 1098 Rex
395 1037 431 1095 ad
451 1054 595 1112 carnarum
610 1038 776 1110 associaret,
793 1037 909 1101 deberet
932 1043 988 1119 ipse
1000 1038 1098 1118 Lega-

310 1148 357 1197 tus
376 1157 472 1215 regent
495 1138 589 1215 ipsum
610 1138 674 1198 iude
698 1139 846 1215 usquead
882 1158 990 1218 equum
1013 1160 1096 1202 asso-

311 1243 406 1312 ciare;
428 1257 501 1316 quae
522 1240 617 1298 ornnia
648 1240 769 1318 benigne
797 1242 936 1301 intellexit
956 1261 973 1301 a
995 1261 1042 1302 me
1062 1260 1096 1302 ac

308 1341 343 1398 ad
359 1341 614 1417 interrogationem
631 1358 725 1400 meam
740 1342 886 1419 respondit
900 1343 952 1402 sibi
968 1344 1095 1423 placere,

310 1440 391 1518 quod
410 1444 438 1500 in
455 1441 602 1500 versiculo
617 1453 645 1500 et
659 1442 787 1502 oratione
809 1443 955 1505 diceretur
968 1444 1095 1506 Seruum

311 1552 341 1601 et
354 1543 505 1621 furnulum
521 1541 783 1603 tuusttdoltonnern
798 1544 1097 1626 presbyterumCor-

313 1642 476 1714 dinolcm5
498 1652 528 1702 et
546 1642 623 1719 quod
642 1644 891 1717 iares-essentitas,
916 1657 982 1725 post
1008 1646 1096 1707 hene·

308 1742 460 1803 dictionem
475 1762 557 1802 suam
573 1788 581 1814 ,
596 1743 665 1804 darc
682 1747 767 1806 vellet
781 1745 986 1824 indulgentiam
1004 1748 1094 1806 trium

308 1861 472 1914 annorum,
491 1862 579 1921 quam
601 1849 751 1905 consuerit
773 1846 1019 1926 Archiepiscopus
1034 1846 1095 1906 Pa·

309 1946 454 2018 trecensis,
476 1947 587 2024 primus
603 1949 800 2025 praelatorum
831 1966 966 2020 suorum,
987 1950 1094 2028 populo

307 2044 487 2118 denunciare3
499 2046 562 2105 dedi
575 2048 663 2107 etiam
684 2046 737 2106 sibi
759 2050 920 2108 orationem
938 2050 972 2109 de
985 2049 1093 2109 Sancto

306 2144 443 2206 ianuario
465 2166 516 2226 per
538 2145 630 2225 ipsum
650 2148 679 2207 in
703 2148 824 2210 ecclesia
846 2148 1029 2230 Neapolitana
1047 2150 1093 2209 di-

306 2247 433 2308 cendam.

347 2348 649 2426 Appropinquarimus
659 2349 699 2409 sic
710 2351 869 2427 equitando
880 2350 988 2409 civitati
999 2349 1093 2410 brer-

305 2469 365 2520 sae,
378 2449 426 2508 ubi
446 2467 548 2527 parurn
568 2452 640 2509 citra
658 2451 736 2509 venit
753 2451 805 2508 sibi
820 2451 935 2511 obviam
949 2450 1091 2509 Sereniss.

306 2549 442 2627 Princeps
468 2550 530 2609 Don
559 2551 728 2610 Fridericus
760 2550 795 2610 de
826 2552 972 2628 Aragonia
998 2551 1090 2611 fralet·

303 2651 391 2729 Regis
412 2650 589 2730 Neapolitani
611 2671 678 2713 cum
701 2652 814 2712 duobus
836 2653 1091 2731 Arcltiepiscopis,

304 2752 417 2810 duobus
435 2752 585 2831 Episcopis
601 2797 609 2825 ,
628 2764 657 2812 et
677 2765 802 2831 quatuor
822 2753 984 2815 Comitibus
1002 2771 1091 2831 sope-

305 2855 369 2913 rius
393 2856 564 2925 nominatis,
583 2855 634 2930 qui
655 2873 732 2923 euna,
754 2855 867 2914 nominc
887 2853 985 2931 Regis,
1007 2873 1091 2915 rece·

304 2965 409 3032 parunt
417 2976 427 3027 3
449 2966 478 3014 et
500 2955 564 3014 [lon
597 2954 762 3014 reida-teas
792 2966 958 3032 porrectam
986 2952 1089 3032 Legati

303 3072 421 3113 manum
459 3072 514 3113 non
542 3065 585 3114 est
614 3055 820 3125 deosculatus,
852 3072 944 3132 neque
975 3056 1089 3133 signum

303 3155 521 3215 deosculationis
540 3157 623 3226 lecit,
639 3154 689 3214 sed
708 3174 724 3213 a
740 3153 851 3233 Legata
871 3155 906 3213 ad
922 3155 980 3215 oris
1004 3174 1090 3216 oscu-

302 3256 365 3315 lum
385 3265 429 3316 est
449 3267 606 3335 receptus.
627 3266 657 3317 et
675 3256 712 3314 ad
728 3257 872 3315 sinistram
893 3255 996 3336 Legati
1017 3274 1090 3316 con·

304 3357 382 3416 tinue
406 3356 557 3433 equitavit.
585 3358 748 3432 Antequam
775 3359 915 3435 praedicti
934 3368 1089 3430 venerunt,

302 3477 399 3518 omnes
421 3458 541 3537 praelati
562 3455 667 3535 Legati
691 3466 841 3535 coopertas
864 3477 951 3539 super
983 3476 1087 3519 eorum

302 3561 396 3618 mulas
418 3579 490 3637 quas
508 3558 675 3636 equitabant
692 3560 756 3637 poui
778 3560 911 3620 iecerunt
927 3604 935 3631 ,
953 3571 981 3619 et
1004 3576 1088 3618 man·

303 3665 385 3723 tellos
407 3664 506 3741 longos
528 3682 595 3722 crim
617 3664 762 3741 capucciis
784 3664 812 3721 in
831 3673 1040 3735 transversum,
1058 3673 1087 3723 et

301 3767 455 3844 cappellus,
478 3776 563 3843 prout
579 3765 606 3823 in
629 3764 701 3825 urbe
725 3764 817 3824 Roma
834 3766 964 3842 equitare
984 3766 1086 3837 solent,

297 3864 382 3942 jussu
392 3866 554 3925 cardinalis
576 3874 758 3943 receperunt,
780 3864 814 3923 de
836 3883 894 3941 quo
913 3884 961 3924 eos
982 3864 1085 3925 redar-

299 3967 374 4044 gui;
397 3965 585 4024 nihilominus
606 3976 700 4023 tamen
729 3964 814 4024 etiam
837 3963 983 4043 Neapolim
1003 3974 1085 4042 post·

304 4066 422 4126 modum
444 4066 485 4124 sic
507 4065 666 4134 intrarunt,
680 4064 831 4124 Cardinule
850 4065 890 4125 sic
909 4065 1030 4124 colente.
1050 4065 1083 4124 ln

301 4178 384 4245 portu
406 4169 552 4224 Aversana
568 4163 694 4242 Legatos
708 4183 743 4224 ex
761 4182 837 4241 equo
853 4181 972 4223 crucem
987 4182 1004 4223 e
1018 4182 1083 4223 ma·

302 4267 386 4327 nibus
408 4267 513 4326 Vicarii
538 4265 674 4344 Episcopi
690 4266 829 4324 Aversani
849 4266 903 4325 sibi
918 4276 1081 4344 porrectam

298 4369 518 4436 osculatuses13
539 4376 600 4424 tum
619 4365 673 4425 sub
691 4365 873 4436 baldachino,
895 4364 1081 4444 praecedente

297 4466 488 4547 processione,
505 4466 581 4525 renit
595 4466 631 4524 ad
646 4467 796 4527 ecclesiam
811 4468 999 4538 aversanam,
1017 4467 1080 4528 [lon

296 4568 446 4630 Friderico
471 4586 583 4645 semper
611 4567 647 4625 ad
676 4564 740 4641 ejus
759 4569 902 4627 sinistram
923 4569 1077 4644 equitante.

297 4670 329 4728 ln
353 4669 475 4730 ecclesia
497 4667 623 4746 Legatos
657 4670 776 4746 aspersit
808 4689 860 4741 se,
892 4669 991 4730 deinde
1015 4669 1078 4729 Don

297 4771 481 4832 Fridericum
515 4781 545 4830 et
565 4770 658 4829 aliast
681 4771 816 4848 imposuit
835 4772 1004 4843 incensum,
1024 4771 1079 4833 luit

297 4871 466 4931 incensatus:
486 4869 555 4930 dicti
575 4888 662 4948 super
677 4888 744 4930 eunt
762 4873 909 4945 versiculi,
928 4880 958 4931 et
973 4870 1076 4932 oratio.

296 4974 359 5032 Alia
380 4984 476 5032 autera
498 4991 552 5050 pro
583 4972 688 5031 sanctis
709 4970 799 5031 Petro
820 4983 850 5032 et
880 4973 973 5034 Paulo
997 4975 1078 5053 Apo·

294 5076 375 5134 stolis
407 5074 535 5152 patronis
556 5074 692 5133 ccclesiae
719 5091 787 5132 cum
805 5060 938 5135 oratione
958 5093 1009 5153 per
1030 5074 1077 5134 di·

294 5186 375 5236 ctum
409 5174 566 5234 vicarium.
604 5174 835 5236 benettaionem
870 5185 967 5237 autem
999 5176 1076 5237 dedit

294 5277 353 5356 ipse
374 5275 502 5354 Legatos
528 5286 557 5335 et
588 5275 780 5353 indulgentias
802 5278 890 5335 trium
909 5294 1075 5351 annorum,

295 5396 367 5455 quas
385 5379 414 5436 in
434 5377 522 5436 latino
540 5375 700 5455 publicarit
715 5377 953 5457 acchiepiscopus
969 5377 1075 5437 Patre·

294 5481 384 5539 censis
405 5498 439 5539 eo
460 5497 543 5538 more
563 5488 650 5556 prout
670 5479 699 5536 iu
720 5480 783 5539 allis
799 5480 963 5540 civitatibus
985 5498 1075 5557 usque

294 5583 369 5641 istuc
390 5582 505 5642 iecerat.
526 5580 589 5640 [liti
621 5590 773 5660 propterea
799 5582 892 5642 eidem
920 5579 1074 5659 Archiepi-

294 5701 381 5763 scopo
401 5682 478 5760 qood
499 5682 536 5742 ad
565 5701 633 5742 eum
657 5700 713 5743 non
746 5682 889 5761 spectabat
919 5680 1074 5759 indulgen·

793 604 1073 671 ronttrtcttus
1095 607 1319 669 mansuum
1340 608 1464 671 sexti.
1635 681 1639 689 ⁴
1885 605 1949 675 §dil

1173 741 1280 802 tiorum
1312 737 1477 816 hujusmodi
1498 740 1674 819 publicatio,
1696 742 1744 803 sed
1764 743 1801 802 ad
1822 743 1949 822 aliquem

1171 839 1370 920 cappellanus]
1392 840 1437 900 rel
1467 839 1636 901 canonicum
1658 842 1738 903 illios
1766 843 1901 906 ecclesiae
1921 846 1949 906 in

1171 958 1229 1018 qua
1249 951 1341 1001 essem
1356 940 1589 1014 denunciandac,
1610 952 1639 1004 et
1654 942 1731 1022 quod
1747 962 1802 1006 nou
1819 946 1847 1006 in
1862 946 1951 1009 latino

1169 1039 1218 1100 sed
1234 1041 1349 1119 vulgari
1363 1059 1495 1104 sermone
1515 1040 1651 1103 deberent
1668 1046 1865 1123 pronunciari.
1887 1048 1950 1108 Pu·

1172 1141 1283 1201 blicatis
1304 1142 1509 1222 indulgentiis,
1539 1144 1676 1204 mulieres
1698 1159 1726 1206 et
1746 1147 1804 1207 viri
1837 1150 1951 1209 tumul·

1170 1243 1246 1303 tuosi
1269 1242 1465 1303 veneruntad
1496 1245 1685 1304 osculandum
1706 1264 1808 1307 manus
1824 1246 1951 1327 Legati,

1170 1343 1247 1419 quod
1268 1344 1354 1403 etiam
1373 1343 1469 1404 sacere
1490 1345 1676 1423 incoeperunt
1690 1346 1726 1406 ab
1745 1345 1808 1423 ejus
1829 1350 1949 1410 introito

1169 1442 1206 1500 ad
1224 1444 1396 1517 ecclesiam,
1417 1455 1446 1505 et
1465 1446 1707 1508 continuaverunt
1727 1465 1821 1526 usqua
1842 1450 1878 1508 ad
1900 1450 1948 1509 in-

1170 1544 1290 1604 troitum
1312 1544 1348 1603 ad
1369 1546 1507 1624 palatium
1528 1546 1689 1627 episcopale
1711 1568 1765 1629 pro
1786 1549 1948 1629 receptione

1169 1662 1220 1704 sua
1250 1655 1395 1723 puratum.
1418 1646 1495 1707 ldem
1526 1647 1615 1708 etiam
1648 1667 1666 1707 a
1698 1650 1805 1728 populo
1836 1651 1864 1709 in
1885 1648 1947 1711 aliis

1168 1744 1334 1806 civitatibus
1355 1729 1436 1826 regni
1457 1748 1566 1807 sactum
1588 1749 1684 1823 luisse,
1705 1751 1749 1810 sui
1771 1750 1842 1811 milri
1864 1763 1947 1812 retu·

1169 1844 1273 1904 lerunt.
1287 1846 1438 1907 Descendit
1451 1846 1486 1905 ad
1501 1848 1640 1927 palatium
1657 1850 1732 1911 idem
1744 1850 1947 1925 Cardinalis,a

1167 1947 1230 2007 llon
1262 1946 1411 2008 Friderico
1443 1959 1473 2009 et
1505 1950 1569 2009 aliis
1597 1951 1753 2012 associatus
1785 1971 1876 2032 usque
1908 1955 1945 2015 ad

1168 2064 1313 2108 canteram
1327 2066 1420 2120 suam,
1432 2049 1492 2120 ubi,
1508 2048 1623 2110 dimisso
1635 2048 1755 2130 Legata,
1767 2064 1947 2115 recesserunt

1166 2160 1272 2203 omnes.
1285 2142 1351 2221 Ego
1364 2143 1562 2210 etiambabita
1577 2164 1594 2204 a
1609 2143 1718 2225 Legata
1734 2148 1860 2221 licentia,
1874 2148 1946 2210 redii

1166 2241 1313 2321 Neapolim
1344 2243 1380 2302 ad
1400 2242 1590 2307 ordinandum
1620 2247 1722 2308 ibidem
1755 2251 1944 2329 receptionem

1165 2363 1259 2417 suam,
1278 2344 1347 2422 quia
1361 2344 1461 2405 eodem
1478 2345 1522 2405 die
1536 2357 1599 2406 erat
1619 2346 1765 2427 Neapolim
1785 2361 1925 2411 venturus
1935 2373 1946 2425 3

1164 2444 1213 2505 sed
1228 2443 1290 2504 beri
1309 2456 1461 2521 autequam
1480 2445 1588 2506 exirem
1603 2445 1765 2527 Neapolim,
1777 2448 1841 2511 dedi
1857 2450 1948 2511 cedu-

1167 2546 1209 2604 las
1225 2545 1446 2618 intimationum,
1462 2548 1605 2623 praelatis,
1620 2546 1656 2607 B.
1667 2549 1791 2610 D..lulio
1802 2549 1946 2630 Episcopo

1165 2645 1316 2726 Tropiensi
1337 2648 1418 2725 regio
1435 2650 1601 2726 cappellano
1617 2646 1746 2725 majore,
1760 2663 1790 2712 et
1810 2652 1889 2713 clero
1909 2671 1945 2714 ac

1163 2748 1306 2826 religiosis
1320 2748 1442 2808 civitatis
1458 2748 1656 2829 Neapolitanae
1676 2750 1885 2825 faciendarum,
1906 2752 1944 2813 tt.

1164 2846 1198 2908 P.
1213 2849 1249 2909 l).
1265 2847 1383 2909 Nicolao
1397 2851 1520 2911 Antonio
1538 2850 1662 2912 Marensi
1677 2852 1713 2912 R.
1729 2851 1945 2934 Archiepiscopi
2010 2888 2012 2891 >

1162 2948 1340 3028 Neapolitani
1371 2949 1489 3010 l'icario
1521 2953 1666 3029 generali,
1697 2971 1824 3031 quarum
1864 2965 1946 3017 tenor

1163 3050 1229 3110 talis
1247 3062 1304 3110 est:

1203 3176 1221 3208 ι
1238 3153 1391 3213 intimetur
1407 3152 1541 3212 omnibus
1551 3152 1781 3234 Arcbiepiscopis
1793 3156 1946 3234 etepisco·

1162 3253 1205 3331 pis
1225 3254 1252 3313 in
1267 3252 1382 3313 ciuitate
1394 3251 1576 3332 Neapolitana
1591 3255 1765 3329 constitutis,
1781 3256 1858 3334 qood
1873 3274 1942 3316 cra·

1160 3354 1235 3413 stina
1256 3351 1311 3423 die,
1332 3354 1411 3412 circa
1428 3352 1530 3413 boram
1552 3372 1607 3415 xx.
1630 3353 1702 3415 Rev.
1724 3356 1760 3416 Ι).
1782 3356 1945 3417 Cardinalls

1162 3453 1266 3513 llontis
1281 3452 1397 3532 Regalis
1412 3454 1590 3531 Apostolicae
1604 3455 1686 3516 Sedis
1704 3454 1833 3535 Legatos
1848 3458 1943 3518 iutra·

1159 3555 1203 3614 bit
1224 3554 1368 3614 civitatem
1389 3552 1615 3633 Neapolitanam,
1632 3568 1785 3635 propterea
1806 3557 1894 3618 velint
1913 3557 1942 3618 in

1161 3675 1263 3718 eorum
1279 3656 1421 3716 mantellis
1436 3656 1528 3734 longis
1544 3676 1610 3717 cum
1625 3659 1769 3738 capucciis
1782 3658 1819 3719 ad
1834 3661 1941 3722 collon

1160 3758 1330 3818 transversis
1361 3758 1458 3817 eadem
1480 3758 1524 3819 dic
1556 3760 1635 3819 circa
1668 3759 1771 3820 boram
1801 3761 1940 3824 decimam

1159 3870 1292 3918 octavam
1313 3860 1342 3916 in
1363 3860 1482 3919 ecclesia
1504 3856 1687 3937 Neapolitana
1712 3879 1810 3922 omnes
1831 3880 1942 3924 conve·

1159 3961 1231 4031 nire,
1253 3958 1328 4018 unde
1348 3959 1434 4019 slmul
1459 3958 1606 4035 usquead
1628 3960 1768 4022 Sanctum
1789 3961 1938 4024 lulianum

1157 4070 1237 4119 extra
1258 4068 1372 4137 portam
1388 4058 1555 4137 Capuanum
1576 4058 1634 4121 bini
1654 4062 1736 4136 bini,
1757 4065 1939 4141 equitaturi,

1156 4168 1184 4220 et
1199 4158 1342 4238 Legatum
1358 4158 1463 4220 ibidem
1480 4162 1642 4241 recepturi,
1660 4162 1840 4242 dignioribus
1860 4184 1939 4227 sem·

1156 4279 1208 4340 per
1234 4261 1519 4341 praecedentibus».

1197 4387 1215 4420 ι
1235 4365 1387 4425 lntimetur
1403 4363 1501 4437 Clero,
1516 4382 1550 4425 uc
1564 4363 1697 4425 omnibus
1712 4367 1889 4427 monasteriis
1906 4377 1936 4429 et

1154 4465 1341 4525 corrventibus
1362 4462 1574 4544 Neapolitanis,
1604 4465 1685 4543 quod
1716 4467 1841 4527 crastina
1871 4467 1937 4541 die,

1153 4584 1227 4642 quae
1258 4565 1316 4624 erit
1336 4564 1460 4625 secunda
1482 4563 1571 4641 hujus
1593 4566 1696 4627 mensis
1728 4567 1819 4640 maii,
1857 4568 1934 4629 circa

1153 4666 1255 4726 boram
1270 4682 1326 4727 xx.
1343 4664 1607 4727 Reverendissimus
1621 4667 1657 4726 D.
1674 4666 1835 4728 Cardinalis
1851 4667 1936 4729 lion·

1153 4767 1310 4847 tisllegalis
1321 4765 1448 4845 Legatos
1458 4768 1639 4845 Apostolicus
1655 4769 1773 4828 intrabit
1788 4769 1934 4830 civitatem

1151 4868 1366 4949 Neapolitanam
1388 4886 1439 4948 per
1454 4879 1569 4946 portam
1584 4869 1766 4949 capuanam,
1784 4878 1933 4948 propterea

1152 4971 1285 5032 relintad
1300 4970 1401 5031 boram
1420 4987 1516 5031 xrrrr.
1535 4970 1674 5030 illiusdiei
1686 4972 1715 5028 in
1726 4968 1842 5030 ecclesia
1859 4966 1934 5029 Nea-

1150 5073 1275 5151 politana
1304 5073 1477 5143 convenire,
1499 5071 1634 5149 quoniam
1659 5069 1932 5150 processionaliter,

1148 5177 1332 5235 salutantum
1345 5190 1432 5232 cruce
1445 5168 1574 5247 ejusdem
1587 5172 1724 5233 ecclesiae
1734 5170 1935 5251 praecedente,

1149 5293 1247 5335 omnes
1267 5273 1407 5335 exhibunt
1425 5273 1462 5331 ad
1483 5284 1597 5352 portam
1617 5273 1806 5352 praedictam,
1825 5271 1930 5333 ibidem

1149 5374 1269 5436 eundem
1290 5371 1435 5451 Legatum
1454 5372 1625 5451 recepturi,
1647 5383 1675 5433 et
1696 5371 1760 5434 inde
1781 5372 1827 5431 ria
1849 5381 1929 5433 recta

1148 5476 1184 5536 ad
1207 5475 1356 5536 ecclesiam
1379 5472 1574 5553 supradictam
1596 5474 1719 5534 redituri
1746 5483 1775 5533 et
1804 5473 1931 5533 associa·

1149 5578 1217 5638 turi.
1240 5576 1283 5636 Ex
1309 5575 1437 5653 quolibet
1460 5574 1633 5635 monasterio
1654 5585 1683 5635 et
1708 5583 1851 5635 conventu
1871 5583 1939 5658 tres

1147 5678 1238 5758 parati
1260 5688 1346 5737 erunt
1364 5674 1540 5756 pluvialibus
1560 5676 1652 5747 albis,
1674 5674 1698 5733 si
1720 5674 1825 5737 babere
1845 5684 1930 5754 pote·

1648 5789 1677 5838 37
