4492 6859
275 614 336 674 lia
743 591 1031 664 POMTlFlchUS
1053 591 1281 657 innocuum!
1302 593 1457 659 ocatur.

275 748 388 821 riensis,
407 744 521 804 Missam
537 740 703 802 solemniter
722 736 936 809 celebraturus,
954 750 1064 813 perre-

276 847 317 908 nit
336 845 373 905 ad
394 843 553 926 cappellam
568 837 709 916 majorem
730 835 928 918 supradictam
949 841 1064 913 praeter

275 948 378 1009 bonam
415 942 651 1005 consuetudinem
672 985 681 1015 ,
702 951 732 1002 et
752 938 865 1018 accepit
897 942 1065 1016 paramenta

274 1047 371 1109 omnia
393 1057 528 1107 consueta
539 1066 549 1116 ς
571 1044 687 1103 iuterim
709 1041 778 1120 quia
807 1039 920 1119 palmae
946 1032 1067 1096 benedi-

276 1150 381 1212 ceadac
402 1146 529 1207 nondum
549 1164 584 1205 ex
607 1143 693 1205 domo
720 1140 853 1221 magistri
881 1134 1065 1208 Florentini,

276 1251 326 1331 qui
348 1251 412 1310 illas
430 1254 601 1327 aptaverat,
620 1253 790 1323 apportatas
806 1241 941 1307 ruerant,
961 1253 1016 1317 pro
1031 1253 1066 1296 eo

278 1351 358 1431 quod
372 1349 445 1411 idem
463 1348 601 1426 magister
619 1343 736 1407 volebat
749 1342 802 1403 sibi
818 1342 900 1421 prius
916 1338 951 1399 de
967 1336 1066 1397 decem

278 1452 390 1513 ducatis
411 1459 563 1531 propterea
585 1446 689 1508 debitis
709 1440 863 1513 satisfieri,
885 1438 940 1500 SS.
968 1437 1004 1498 D.
1030 1434 1065 1497 M.

278 1552 426 1614 accersitis
440 1550 476 1609 ad
490 1568 520 1609 se
534 1544 746 1608 omuibusller.
759 1540 891 1603 Dominis
901 1537 1068 1601 cardinali·

279 1654 334 1713 bus
349 1651 452 1713 ibidem
469 1647 667 1729 praesentibus
689 1646 717 1703 iu
740 1659 855 1722 camera
873 1658 926 1700 sua
946 1648 1068 1711 secreta,

280 1755 393 1816 crearit
412 1762 442 1813 et
463 1748 642 1830 publicavit,
662 1745 763 1808 eodem
785 1742 910 1805 concilio
926 1737 973 1822 (l)
995 1738 1067 1799 lies.

279 1854 436 1916 Dominam
456 1850 637 1913 cardinalem
653 1847 689 1909 de
702 1846 831 1919 Medicis,
846 1843 989 1922 Legatum
1010 1839 1069 1898 Pa·

281 1954 412 2015 trimonii
427 1951 526 2012 Sancc
541 1949 633 2024 Petri,
647 1966 733 2028 quem
749 1946 857 2018 soluit,
870 1943 956 2004 Missa
976 1938 1069 2013 linita,

282 2067 316 2115 ut
337 2055 422 2115 talem
444 2052 480 2111 ab
501 2049 635 2112 omnibus
655 2047 729 2109 lies.
750 2045 881 2108 Dominis
899 2041 1068 2104 cardinali·

282 2155 336 2215 bus
356 2153 393 2213 ad
414 2153 552 2233 palatium
568 2150 751 2210 habitationis
766 2167 847 2220 snae,
868 2144 995 2226 publice,
1015 2162 1071 2205 or·

283 2256 347 2317 dine
369 2256 454 2314 solito
474 2251 612 2312 associari
634 2262 688 2310 etc.

199 2429 203 2436 Ι
353 2355 421 2415 Dux
448 2352 626 2421 Ferrarius,
656 2368 742 2428 quem
773 2347 858 2428 prius
886 2345 1069 2406 avisararam

282 2455 360 2534 quod
382 2455 467 2514 Missa
489 2450 593 2524 finita,
615 2450 701 2511 vellet
734 2448 819 2509 citius
852 2445 1011 2517 recedere,
1039 2453 1070 2505 ct

283 2555 450 2619 cardinales
471 2571 527 2614 non
548 2563 724 2632 expectare,
750 2549 802 2628 qui
822 2565 921 2610 omnes
941 2546 1072 2607 associa-

284 2656 345 2718 turi
371 2665 464 2717 essent
489 2652 670 2715 cardinalem
703 2649 738 2711 de
770 2648 888 2712 Medicis
908 2645 1071 2726 Legatum,

284 2758 359 2820 inter
381 2776 455 2837 quos
474 2757 556 2817 locus
580 2753 633 2813 sibi
655 2751 684 2811 iu
705 2748 873 2828 hujusmodi
900 2747 1071 2809 couveniens

285 2878 342 2920 stoa
361 2869 450 2932 esset,
471 2873 529 2916 uon
550 2872 685 2916 reversus
704 2862 748 2913 est
768 2850 805 2910 ad
826 2850 985 2930 cappellam
1008 2859 1071 2928 post

286 2959 506 3039 processionem,
525 2953 573 3015 sed
588 2952 733 3015 descendit
748 2952 784 3010 ad
803 2950 955 3011 Basilicam
971 2947 1070 3010 Sancti

284 3059 380 3132 Petri,
399 3068 428 3118 et
449 3055 513 3116 inde
533 3055 570 3114 ad
596 3054 715 3115 domum
743 3053 837 3115 rediit.
860 3051 975 3113 Dicturi
997 3049 1072 3110 Pas·

285 3162 393 3221 sionem
426 3157 590 3217 babuerunt
620 3173 719 3216 amnes
751 3164 918 3235 paramenta
947 3151 1070 3213 violacia

286 3260 387 3323 ordine
405 3259 515 3333 debito,
536 3269 564 3320 et
582 3258 719 3318 diaconus
733 3275 768 3318 ac
798 3255 991 3315 subdiaconus
1005 3253 1072 3332 pla·

286 3372 366 3424 netas
384 3363 514 3443 plicatas.
535 3362 613 3420 Dum
633 3359 731 3419 Passio
750 3357 907 3427 diceretur,
925 3354 1071 3417 cardina·

287 3462 322 3524 lis
341 3463 375 3525 de
397 3463 515 3523 Medicis
545 3460 758 3538 aliquantulum
786 3457 952 3519 debilitatus
978 3454 1071 3526 sedit3

287 3564 409 3635 deinde,
431 3580 498 3624 cum
529 3560 637 3621 diutius
670 3578 839 3639 permanere
872 3575 928 3618 non
961 3565 1072 3637 posset,

286 3662 376 3725 crivit
395 3660 573 3740 cappellam,
594 3659 647 3718 ivit
674 3657 709 3717 ad
740 3675 886 3718 cameram
912 3655 1073 3718 cardinalis

288 3761 412 3825 Sanctae
432 3762 597 3822 Anastasius
617 3760 667 3820 ubi
689 3758 801 3819 audivit
820 3758 936 3818 Missam
955 3768 983 3819 et
1006 3757 1074 3819 iecit

291 3863 433 3925 modicam
467 3862 669 3923 collationem:
701 3862 729 3919 in
759 3858 815 3921 fine
846 3859 973 3931 Missae,
1005 3876 1072 3918 cam

289 3963 410 4025 daretur
425 3962 601 4035 benedictio,
616 3962 701 4024 rediit
714 3962 750 4021 ad
768 3962 945 4041 cappellam,
962 3980 997 4021 cx
1016 3977 1073 4039 qua

290 4063 437 4143 usquead
459 4064 597 4144 palatium
628 4065 657 4123 iu
687 4062 796 4143 campo
823 4063 927 4124 Florae
943 4060 1075 4121 liabita-

289 4164 374 4227 tiouis
387 4184 456 4225 suae
470 4164 507 4223 ab
520 4164 653 4226 amnibus
671 4163 888 4239 cardinalibus,
907 4171 936 4223 et
958 4161 1075 4241 praela·

290 4267 328 4327 tis
346 4283 429 4326 more
449 4275 478 4325 et
498 4263 599 4325 ordine
619 4264 706 4325 solito
730 4265 889 4324 associatus
911 4271 964 4325 est.
991 4260 1075 4321 Mar·

290 4368 357 4429 chio
384 4364 534 4437 Dadensis‚
565 4362 677 4425 Orator
708 4365 896 4444 imperatoris
924 4373 952 4423 et
985 4361 1075 4441 Regis

290 4469 437 4539 Romani,
459 4484 493 4526 ac
515 4464 656 4527 Oratores
680 4465 767 4544 Regis
785 4465 969 4526 Francorum
989 4463 1075 4543 eqni·

290 4580 390 4633 tarrtnt
410 4554 475 4647 post
492 4565 659 4628 cardinales
680 4585 748 4628 cum
776 4567 839 4627 aliis
862 4566 1000 4646 praelatis
1022 4586 1074 4646 par

289 4669 526 4733 inadrertentiam
542 4687 656 4743 meam3
672 4669 811 4731 debebant
825 4669 901 4730 euim
918 4668 1075 4730 catacar-

290 4774 398 4835 diuales
418 4771 582 4848 equitasse3
605 4772 739 4831 tolleravi
762 4784 856 4839 tamen
877 4780 996 4850 propter
1011 4769 1075 4831 Do·

289 4873 399 4935 minum
421 4872 632 4945 Marcbionem,
646 4884 675 4934 ct
691 4873 760 4951 quia
781 4872 864 4934 tarde
886 4872 955 4945 ridi,
976 4890 1024 4932 eos
1045 4869 1074 4929 in

292 4978 342 5038 lllo
362 4977 429 5036 loco
450 4974 591 5053 equitare.

354 5077 440 5137 Faria
458 5076 583 5137 secunda
604 5075 750 5149 Paschae,
770 5093 838 5139 xxv
857 5076 979 5155 aprilis,
1000 5074 1073 5136 Res.

292 5178 432 5240 Dominus
459 5177 620 5239 cardinalis
648 5177 771 5240 Sanctae
797 5176 963 5237 Anastasius
996 5177 1076 5238 cele·

293 5279 389 5341 brarit
409 5279 526 5339 Missam
560 5279 704 5359 publicam
739 5280 768 5339 in
801 5278 901 5339 eadem
923 5278 1074 5357 cappella,

294 5381 371 5462 Papa
392 5379 521 5453 absente,
541 5391 570 5440 et
596 5380 748 5441 observata
777 5388 845 5439 scrut
870 5378 965 5439 omnia
993 5396 1075 5438 more

293 5485 385 5547 solito.
407 5482 502 5543 Finita
522 5480 619 5554 Missa,
638 5481 804 5543 Cardinales
825 5480 955 5542 lecerunt
972 5479 1076 5541 circu·

332 5701 428 5767 (risen
445 5702 544 5765 potius,
565 5714 653 5753 eornm
668 5700 786 5753 consilio.

1762 581 1770 592 '
1817 596 1929 680 (aaut

1134 734 1197 793 lam
1230 733 1292 793 sire
1327 732 1579 812 congregationem
1613 744 1733 814 propter
1767 733 1928 796 adrentum

1133 834 1179 893 lli.
1201 832 1343 913 Principis
1361 831 1478 913 capuae
1502 834 1687 915 primogeniti
1712 834 1805 897 Ducis
1837 835 1929 897 cala·

1135 933 1215 995 briae
1235 952 1290 1014 pro
1316 932 1451 994 modoet
1472 934 1572 996 ordine
1596 936 1772 1014 receptionis
1800 955 1872 996 suae
1894 956 1928 997 ac

1135 1035 1201 1096 loco
1221 1034 1274 1093 sibi
1294 1033 1409 1107 dando,
1426 1044 1455 1095 et
1478 1047 1629 1115 postquam
1658 1035 1829 1115 aliquandiu
1854 1038 1931 1098 iuter

1135 1154 1185 1196 cos
1205 1135 1397 1214 disceptatum
1418 1146 1477 1207 est,
1500 1147 1641 1212 vocatus,
1675 1137 1739 1198 reni
1761 1136 1800 1196 ad
1821 1137 1929 1197 circu·

1136 1236 1198 1294 lum
1217 1236 1245 1296 in
1267 1234 1361 1296 medio
1379 1254 1482 1297 coram
1516 1237 1706 1315 genuflexus,
1732 1238 1786 1299 abl
1813 1257 1832 1298 a
1856 1238 1930 1300 lies.

1136 1334 1221 1397 Dom.
1238 1336 1483 1397 vicecancellario
1497 1336 1617 1418 collegii
1634 1340 1835 1419 interrogatus
1860 1341 1930 1419 quid

1137 1436 1206 1496 mibi
1227 1435 1373 1499 rideretur
1396 1437 1430 1498 de
1450 1438 1552 1499 ordine
1573 1441 1727 1519 recipiendi
1759 1441 1930 1522 Principem

1137 1536 1269 1617 Capuae,
1301 1538 1390 1599 Ducis
1425 1539 1576 1602 Calabriae
1609 1542 1864 1622 primogenitum,
1896 1544 1931 1603 ad

1139 1638 1251 1703 Urbem
1275 1650 1455 1714 uenturum,
1487 1653 1517 1702 et
1546 1644 1610 1703 loco
1642 1643 1671 1702 iu
1701 1643 1844 1723 cappella
1879 1644 1932 1704 sibi

1139 1742 1264 1815 darrdo,
1298 1741 1456 1822 respondi,
1490 1739 1603 1818 judicio
1642 1762 1707 1805 meo
1745 1745 1845 1824 ipsam
1880 1764 1929 1825 per

1140 1832 1214 1905 'ditos
1235 1842 1417 1915 Cardinales,
1446 1843 1577 1904 videlicet
1592 1862 1683 1906 truum
1699 1844 1931 1925 Presbyterum,

1139 1955 1168 2006 et
1190 1961 1281 2004 unum
1302 1942 1464 2004 Diaconum
1486 1945 1599 2007 nomiae
1619 1944 1771 2007 Pontidcis
1800 1959 1833 2007 et
1862 1947 1933 2009 cal·

1139 2046 1223 2124 legii,
1253 2062 1287 2104 ac
1316 2044 1440 2104 familias
1470 2057 1635 2108 ceterorum
1662 2048 1795 2107 omnium
1823 2047 1931 2110 cardi·

1140 2147 1249 2206 nulium
1264 2163 1299 2205 ac
1314 2142 1455 2207 Oratores
1465 2158 1494 2207 et
1508 2149 1652 2226 praelatos
1663 2146 1812 2210 Romanae
1824 2149 1932 2211 cnrice

1141 2247 1338 2327 recipiendum
1354 2267 1426 2322 esse,
1441 2266 1475 2309 ac
1492 2250 1589 2310 locum
1609 2245 1673 2330 post
1685 2249 1760 2311 lies.
1774 2249 1933 2310 Dominum

1140 2347 1321 2410 Cardinalem
1350 2349 1504 2410 senensem
1531 2352 1659 2430 primum
1684 2350 1855 2413 Diaconum
1882 2352 1933 2412 sibi

1140 2449 1266 2509 dandum
1283 2472 1293 2524 3
1313 2460 1342 2511 et
1360 2469 1415 2530 pra
1437 2454 1548 2512 tatione
1566 2449 1671 2528 judicii
1698 2453 1755 2514 mei
1783 2454 1934 2532 allegari,

1140 2552 1261 2631 singulis
1280 2551 1393 2631 Regum
1416 2550 1484 2613 liliis
1511 2552 1659 2627 secundo,
1683 2554 1771 2614 tertio
1797 2566 1830 2615 et
1856 2555 1933 2615 ultra

1140 2655 1243 2732 genitis
1264 2655 1338 2715 iuter
1353 2653 1496 2715 Diaconos
1516 2653 1681 2716 cardinales
1703 2654 1803 2715 locam
1827 2654 1934 2716 deberi.

1114 2808 1116 2813 .
1140 2753 1298 2833 Propterea
1318 2755 1396 2841 quod
1417 2754 1453 2813 ad
1475 2757 1570 2815 minus
1596 2775 1649 2836 per
1672 2773 1764 2816 unum
1786 2754 1934 2816 cardina·

1140 2858 1196 2919 lem
1215 2856 1290 2916 soret
1310 2856 1505 2935 recipiendus,
1524 2857 1740 2918 convenientius
1760 2867 1860 2918 tamea
1881 2875 1933 2936 per

1140 2957 1229 3030 duos,
1251 2975 1319 3017 curn
1343 2957 1389 3017 bic
1411 2957 1446 3016 sit
1468 2954 1564 3033 major
1585 2957 1675 3037 Regis
1691 2956 1875 3039 Neapolitani
1897 2957 1935 3016 li-

1141 3059 1214 3132 lius,
1235 3078 1270 3121 ea
1292 3057 1370 3137 quod
1391 3056 1525 3137 Regnum
1547 3057 1768 3139 Neapolitanum
1789 3068 1934 3139 expectat,

1141 3159 1176 3221 de
1197 3179 1256 3240 quo
1276 3158 1363 3220 etiam
1385 3158 1585 3220 incestituram
1613 3160 1719 3222 lrabere
1747 3159 1883 3235 dieitur3
1905 3171 1934 3221 et

1140 3260 1325 3333 Fridericus,
1343 3278 1378 3321 ac
1395 3261 1567 3321 Franciscus
1586 3260 1657 3322 dicti
1673 3261 1763 3340 Regis
1782 3258 1849 3333 dlii,
1865 3277 1934 3321 cum

1141 3362 1211 3420 alias
1223 3362 1249 3421 in
1262 3361 1343 3424 Urbe
1353 3371 1455 3434 essem,
1467 3372 1496 3421 et
1506 3362 1603 3422 locum
1618 3362 1776 3423 habuerint
1789 3362 1868 3423 inter
1886 3362 1937 3423 ui·

1143 3462 1246 3521 timum
1261 3472 1291 3521 et
1304 3461 1495 3540 penultimum
1510 3462 1653 3523 Diaconos
1667 3461 1850 3534 cardinales,
1867 3463 1936 3525 huic

1142 3572 1206 3640 post
1227 3562 1356 3641 primum
1380 3561 1542 3623 Diaconum
1564 3565 1665 3625 locum
1679 3563 1837 3626 convenire
1847 3586 1859 3637 ;
1879 3564 1936 3623 ad·

1142 3663 1212 3723 duxi
1243 3664 1331 3724 etiam
1362 3681 1436 3740 quac
1463 3664 1492 3724 in
1521 3666 1646 3743 antiquis
1676 3663 1939 3726 Caerimonialibus

1142 3764 1296 3825 observata
1318 3764 1398 3844 legi,
1419 3776 1451 3824 ut
1471 3765 1591 3827 inierias
1612 3768 1641 3826 in
1671 3766 1789 3826 modam
1812 3768 1938 3829 extracti

1143 3865 1295 3927 annotabo.
1316 3864 1512 3944 Replicarunt
1530 3868 1600 3928 mibi
1621 3867 1776 3928 dicriensis
1796 3878 1827 3929 et
1844 3866 1938 3927 Asca-

1144 3968 1224 4039 nius,
1247 3985 1281 4027 ac
1301 3966 1417 4045 quidem
1437 3969 1486 4028 alii
1501 3966 1680 4040 cardinales,
1694 3968 1887 4030 Franciscum
1908 3979 1939 4029 et

1143 4066 1326 4128 Fridericum
1348 4085 1404 4128 non
1424 4067 1499 4129 inter
1519 4067 1686 4130 Cardinalcs
1708 4067 1757 4129 sed
1776 4078 1843 4149 post
1862 4070 1938 4129 ulti·

1144 4186 1224 4228 mum
1247 4168 1432 4230 cardinalem
1451 4168 1572 4242 sedisse,
1599 4169 1715 4248 dequo
1742 4172 1802 4249 ipse
1828 4171 1938 4230 cardi-

1144 4269 1215 4329 nalis
1236 4270 1375 4330 Ascanius
1402 4269 1614 4331 recordabatur
1645 4269 1725 4349 quod
1755 4271 1937 4331 Franciscus

1144 4380 1208 4449 post
1228 4370 1322 4449 ipsam
1338 4368 1432 4442 sedit,
1452 4380 1480 4431 et
1495 4370 1604 4448 optime
1623 4370 1809 4444 meminisse,
1830 4381 1860 4431 et
1880 4390 1939 4431 au·

1144 4469 1351 4531 notasseDirtit
1366 4480 1394 4530 et
1409 4470 1488 4549 qaod
1499 4470 1666 4532 Fridericus
1685 4472 1714 4534 la
1732 4472 1862 4533 adventu
1881 4492 1937 4533 suo

1143 4570 1179 4630 ad
1192 4571 1310 4634 vUrbem
1331 4592 1495 4653 perunum
1517 4572 1700 4638 cardinalem
1722 4586 1861 4649 tantam,
1889 4578 1938 4636 ri·

1143 4671 1244 4735 delicet
1258 4674 1557 4748 vicecancellarinm,
1578 4678 1626 4754 qai
1642 4693 1658 4736 a
1673 4676 1782 4738 dextris
1802 4674 1937 4753 ejusdem

1143 4775 1285 4836 Friderici
1302 4775 1458 4853 equitavit,
1468 4786 1604 4855 receptus
1618 4777 1685 4851 iuit3
1699 4787 1851 4857 praeterea
1865 4796 1938 4839 cum

1143 4874 1214 4936 alias
1242 4885 1374 4955 tempore
1405 4875 1498 4936 lelicis
1532 4876 1738 4938 recordationis
1768 4879 1813 4940 Pii
1842 4879 1937 4959 Papae

1143 4975 1270 5038 Secundi
1286 4978 1316 5036 in
1337 4987 1481 5038 consentu
1503 4975 1660 5039 Mantuano
1679 4980 1796 5040 luissent
1815 4998 1938 5042 succes·

1143 5080 1203 5139 sire
1225 5076 1426 5169 sigismundus
1455 5077 1608 5138 treticus
1633 5077 1783 5152 austriae,
1809 5078 1938 5140 Franci·

1144 5200 1209 5241 scus
1243 5180 1309 5240 Dux
1347 5180 1580 5252 Mediolanensis,
1612 5191 1641 5241 et
1676 5180 1740 5240 Dux
1770 5179 1936 5255 clerensis,

1144 5278 1212 5358 ipsis
1243 5278 1364 5358 singulis
1397 5279 1495 5339 locum
1529 5279 1557 5339 in
1587 5278 1702 5340 bancho
1734 5276 1937 5339 Cardiualium

1144 5391 1208 5460 post
1232 5398 1331 5441 omnes
1362 5374 1529 5440 cardinales
1557 5380 1739 5460 adsignatum
1768 5377 1887 5452 tuisse,
1909 5392 1937 5441 et

1143 5499 1211 5541 cum
1244 5497 1348 5560 magna
1379 5478 1542 5540 reverentia
1573 5500 1645 5560 erga
1678 5478 1847 5544 cardinales
1875 5492 1937 5542 stc·

1144 5582 1230 5655 tisse3
1260 5591 1288 5641 et
1317 5577 1402 5640 luisse
1433 5579 1507 5657 qai,
1528 5579 1645 5655 Duces,
1667 5590 1695 5643 et
1717 5582 1805 5643 titulo
1839 5593 1868 5643 et
1890 5583 1937 5643 di·

1143 5683 1251 5764 gnitate
1272 5675 1399 5755 majores
1425 5692 1518 5744 essent
1545 5680 1683 5763 Principe
1710 5683 1846 5765 capuae,
1882 5683 1935 5762 qui
