4492 6859
370 618 434 680 288

372 752 477 831 janum
498 751 672 814 Caracolum
699 747 745 834 (l)
771 749 911 813 Comitem
942 752 1158 824 Brieasanuas,

371 856 423 936 qui
442 852 562 916 eundem
576 850 721 932 Legatum
732 852 860 912 hierace
881 851 1157 929 honoraren13quod

371 975 425 1037 per
450 954 599 1033 singulos,
627 948 711 1028 juxta
745 950 911 1011 mandatum
932 949 1021 1031 Regis
1043 951 1084 1011 eis
1103 950 1157 1009 da·

371 1065 460 1129 tum,
480 1055 590 1114 iactum
613 1063 666 1113 est.

416 1156 502 1218 Feria
520 1163 626 1234 quarta
640 1154 744 1214 mensis
761 1154 860 1232 aprilis
877 1151 1026 1232 praedicti,
1038 1159 1158 1211 vocatus

375 1258 419 1317 lui
432 1256 469 1316 ad
483 1254 704 1317 Serenissirnum
726 1253 834 1332 Regem
848 1251 1028 1332 Alphonsum
1050 1249 1085 1309 ad
1099 1248 1159 1310 Ca·

373 1369 468 1418 strum
483 1355 599 1417 Novum
614 1399 622 1428 ‚
638 1354 689 1415 uhi
709 1371 811 1414 coram
833 1349 982 1428 hlajestate
1000 1350 1063 1409 Sua
1084 1366 1159 1410 can⁶

372 1461 499 1534 stitutus,
514 1459 540 1520 ei
560 1467 655 1518 toturn
673 1455 804 1517 officium
820 1453 1011 1516 coronationis
1025 1469 1093 1511 suae
1107 1469 1159 1512 re·

374 1560 462 1619 citavi
484 1576 551 1619 cum
575 1557 733 1618 ostensione
761 1554 1010 1625 reverendarum,
1028 1550 1160 1629 genufle-

375 1658 504 1728 xionum,
525 1655 750 1717 denudationnm
774 1654 885 1714 brachii
909 1664 938 1715 et
953 1652 1159 1732 spatularum,

375 1760 576 1839 praestationis
591 1755 837 1834 juramentorum,
859 1752 1110 1835 prostrationum,
1131 1762 1159 1813 et

373 1860 502 1921 omnium
523 1860 649 1920 aliorum
673 1859 701 1918 in
725 1858 788 1937 ipso
810 1857 904 1918 officio
929 1854 1109 1935 agendarum
1131 1853 1161 1912 in

373 1960 614 2040 paucissimorum
643 1976 764 2020 suorum
787 1958 979 2029 intimorum,
1008 1966 1038 2016 et
1059 1972 1160 2016 secre-

379 2071 478 2122 torum
499 2062 668 2140 praesentia.
690 2060 827 2121 Decrevit
850 2071 919 2119 tunc
941 2053 1076 2133 hlajsstas
1097 2054 1158 2115 Sua

374 2163 587 2223 coronationem
609 2163 699 2241 ipsam
717 2157 872 2242 (quoniam
888 2160 959 2217 alias
981 2159 1010 2216 in
1031 2154 1160 2216 kalendis

377 2264 474 2324 martii
495 2262 559 2324 lieri
580 2262 777 2333 decreverat,
798 2269 827 2320 et
849 2257 947 2319 deinde
978 2256 1014 2316 ud
1035 2254 1161 2316 domini·

377 2380 443 2423 cam
458 2381 523 2423 aru.
542 2359 670 2438 ejusdem
686 2360 790 2422 mensis
808 2367 1019 2440 prorogaverat
1042 2367 1160 2435 propter

378 2461 576 2546 dominicam)
607 2462 643 2522 ad
681 2462 755 2522 diem
789 2458 867 2538 jovis
898 2470 1031 2520 octavam
1057 2457 1161 2518 mensis

376 2564 444 2624 maii
461 2566 589 2644 proxime
602 2563 707 2636 lutari,
718 2579 776 2641 qua
792 2562 848 2623 erit
861 2561 966 2621 lestum
980 2555 1161 2619 Ascensionis

375 2665 538 2726 Salvataris
559 2666 594 2726 D.
619 2664 654 2725 ll.
675 2664 743 2726 lesu
765 2664 896 2735 Christi,
913 2672 944 2723 et
964 2659 1161 2741 Appuritionis

376 2765 409 2825 S.
439 2764 587 2826 Michaelis
615 2763 791 2844 Archangeli
824 2763 1002 2834 transferre,
1023 2770 1052 2822 et
1084 2760 1161 2837 quod

377 2867 438 2946 ipsa
459 2867 609 2927 coronatio
643 2864 694 2925 liat
724 2867 779 2926 suh
808 2865 901 2927 officio
922 2876 951 2925 et
979 2862 1065 2923 llllssa
1097 2858 1162 2921 testi

377 2965 557 3027 Ascensionis
567 2962 746 3041 hujusmodi,
759 2976 847 3046 prout
861 2963 1161 3032 convenienu‘ssimum

376 3077 450 3127 erat.
472 3066 511 3127 Et
530 3067 566 3126 D.
590 3066 738 3129 Leanardo
767 3066 860 3129 Como
882 3067 982 3127 intimo
1002 3083 1057 3125 suo
1077 3080 1162 3124 com-

379 3169 457 3228 misit
477 3159 556 3247 qubd
567 3187 658 3228 unum
672 3170 840 3229 mantellum
858 3168 892 3231 de
914 3168 1079 3229 cianrelotto
1094 3183 1161 3225 cre·

380 3268 488 3330 mesina
509 3287 576 3330 cum
591 3287 644 3329 suo
660 3272 780 3349 capucio
795 3281 823 3330 et
838 3288 929 3330 unum
942 3267 1104 3347 diploidum
1120 3266 1163 3325 si·

380 3372 476 3430 ricum
489 3368 590 3429 donari
604 3369 676 3429 mihi
689 3369 798 3431 iaceret
818 3390 873 3451 pro
889 3371 969 3450 regio
987 3369 1095 3429 honore
1110 3366 1163 3427 de·

377 3467 516 3544 l'crcuda,
537 3489 593 3549 pro
611 3470 719 3548 quihus
734 3469 878 3547 llajestati
897 3470 974 3532 Suae
989 3471 1098 3548 gratias
1116 3468 1164 3547 egi

380 3582 411 3630 et
431 3569 467 3628 ah
488 3588 522 3631 eu
543 3572 658 3630 recessi.
692 3570 787 3631 llahui
814 3581 911 3633 autem
943 3570 1075 3632 cedulam
1097 3586 1113 3626 a
1135 3567 1162 3625 d.

381 3669 417 3729 D.
430 3667 579 3730 tesnardo
594 3688 681 3748 super
692 3670 855 3749 praemissis
865 3667 1033 3746 hujusmodi
1048 3670 1163 3729 tenoris.

427 3794 445 3826 ι
459 3770 620 3832 Eccellente
632 3768 694 3849 Sig.
707 3770 797 3832 Contc
818 3769 848 3829 d'
859 3768 936 3830 atta.
959 3769 994 3830 V.
1012 3768 1044 3829 S.
1060 3767 1166 3841 ordini,

380 3871 435 3933 che
454 3872 482 3931 al
515 3870 625 3932 hlastro
648 3871 721 3932 delle
750 3871 905 3932 cerimonie
936 3870 1017 3931 lisia
1046 3870 1165 3949 tagliato

380 3970 566 4033 incontinenti
587 3989 626 4031 un
647 3972 798 4052 giuppune
819 3971 845 4030 di
866 3982 947 4043 seta,
967 3980 997 4031 et
1028 3969 1082 4030 che
1111 3987 1166 4029 su·

382 4070 444 4133 stro
463 4073 505 4132 sia
534 4072 632 4145 latta3
654 4083 683 4132 et
712 4071 820 4151 perche
842 4071 863 4131 it
893 4071 1032 4131 Sereniss.
1053 4070 1096 4132 Re
1129 4069 1165 4129 ha

381 4172 514 4233 ordinato
534 4171 589 4232 che
610 4172 631 4231 li
652 4172 694 4231 sia
715 4172 821 4233 donato
841 4191 881 4233 un
903 4184 1000 4232 manto
1018 4172 1046 4232 di
1066 4171 1166 4234 Ciam·

382 4273 500 4337 bettona
518 4292 572 4335 con
588 4276 617 4335 lo
633 4275 800 4354 cappuccio,
816 4275 844 4335 io
863 4276 902 4334 ho
922 4277 1026 4335 scritto
1044 4293 1061 4333 a
1077 4275 1166 4354 Luigi

381 4376 457 4437 della
478 4375 566 4436 Petra
588 4375 642 4435 cho
663 4376 692 4437 lo
722 4374 813 4436 dehha
834 4375 896 4436 lare
919 4376 1040 4454 tagliare
1060 4374 1166 4436 suhito.

382 4477 413 4536 lo
429 4476 537 4537 rederd
559 4476 587 4535 di
607 4493 781 4556 recuperare
795 4477 826 4539 lo
843 4477 1013 4538 memoriale
1028 4476 1168 4557 espedito,

380 4584 410 4635 et
432 4575 460 4634 lo
480 4574 620 4636 manderd
641 4576 699 4636 alla
719 4575 751 4636 S.
774 4575 809 4639 V.
830 4577 887 4637 alla
921 4580 1007 4655 quale
1034 4577 1073 4636 mi
1096 4594 1166 4637 rac.-

383 4675 537 4737 comendo.

425 4777 456 4838 ln
475 4776 610 4858 Capuam
624 4794 696 4840 xxx
710 4778 817 4861 Aprilis
835 4799 867 4843 ι.
882 4797 968 4843 ccco.
985 4797 1164 4843 cxxxxurr.

541 4881 577 4940 ΑΙ
589 4879 716 4942 servizio
727 4883 802 4944 della
814 4880 845 4943 S.
857 4883 891 4944 V.
904 4881 1056 4944 monsedo
1065 4880 1164 4943 Coma.

541 4979 659 5044 hliuma
677 4983 793 5046 fratello
811 4986 999 5064 soprascritto

538 5083 561 5142 ll
585 5093 684 5146 rostro
704 5082 794 5146 Conte
812 5084 919 5146 ‹t’utifl
932 5111 960 5145 ι.

425 5183 532 5264 Vigore
565 5185 683 5246 cedulae
716 5188 929 5266 suprascriptae
950 5202 1037 5263 quam
1069 5183 1165 5243 Belle-

381 5286 521 5363 guardiae
542 5285 690 5348 balistario
708 5286 795 5367 Regis
811 5286 969 5366 assignavi,
987 5285 1042 5345 illis
1061 5282 1165 5361 quihus

424 5542 461 5594 (1]
472 5538 587 5602 Traiana
598 5539 768 5599 Caracciota,
784 5538 857 5589 detto
870 5539 886 5588 il
898 5539 1028 5600 Svizzero‚
1045 5538 1164 5601 Principe

379 5616 405 5665 dt
431 5617 550 5671 livellino
573 5621 758 5683 (Souuonrs,
780 5619 846 5671 διον.
867 5619 895 5669 ds'
915 5620 1011 5683 Napott
1030 5623 1103 5670 tamo
1124 5616 1157 5667 lll

382 5710 409 5769 p.
426 5698 496 5760 54²).

835 612 1120 678 rourtrrcsrus
1138 609 1362 675 sumtuum
1383 612 1510 676 auxrt

1900 607 2008 693 (ram)

1222 760 1337 831 oportet
1365 748 1608 829 praesentandae,
1639 748 1724 809 missa
1745 747 1782 808 ad
1815 765 1864 809 tna
1890 747 2014 809 luerunt

1223 863 1288 913 ante
1306 852 1382 912 diem
1398 850 1589 913 coronationis
1610 868 1698 930 supra
1712 850 1884 930 deputatam
1905 848 2011 929 diploi-

1224 954 1288 1015 dem
1309 972 1344 1015 ex
1364 953 1493 1013 setanion
1514 951 1629 1015 violatio
1640 995 1651 1025 ,
1684 961 1714 1013 et
1745 952 1921 1013 mantellum
1948 968 2014 1010 cnm

1224 1073 1279 1116 sao
1310 1056 1447 1134 capuccio
1478 1051 1611 1124 stiiulto,
1644 1072 1678 1113 ex
1710 1053 1890 1113 clamellotto
1924 1050 2014 1112 rubeo

1225 1157 1260 1217 de
1281 1174 1390 1235 grana,
1412 1154 1440 1213 in
1460 1154 1526 1214 totis
1546 1152 1677 1232 expensis
1697 1151 1785 1231 Regis
1807 1152 1968 1224 laborata,
1987 1163 2015 1213 et

1225 1255 1329 1329 finita,
1349 1274 1404 1335 pro
1425 1254 1530 1332 quihus
1546 1252 1616 1313 nihil
1638 1254 1752 1333 penitus
1768 1252 1900 1331 expensi.

1271 1356 1401 1428 Statata,
1414 1366 1447 1415 ut
1465 1350 1672 1435 praemittitur,
1686 1372 1738 1433 per
1752 1351 1898 1413 Sereniss.
1910 1350 2018 1429 trega

1226 1457 1271 1519 die
1292 1456 1484 1518 coronationis
1499 1474 1577 1528 auae,
1591 1466 1620 1516 et
1633 1454 1711 1533 quod
1727 1455 1781 1516 suh
1799 1454 1899 1515 officio
1911 1452 2018 1512 Ascen-

1227 1559 1313 1618 sionis
1332 1559 1413 1619 illam
1427 1555 1490 1617 fleri
1508 1555 1670 1629 affectabat,
1681 1574 1735 1634 ego
1755 1556 1848 1615 sciens
1859 1553 1899 1613 R.
1911 1553 1948 1613 D.
1959 1550 2017 1613 [re-

1227 1669 1328 1739 gatum
1345 1658 1559 1718 coronationem
1577 1653 1743 1732 hujusmodi
1758 1654 1813 1715 suh
1829 1655 1930 1716 officio
1948 1653 2018 1715 diis·

1227 1779 1274 1822 sae
1296 1757 1328 1819 S.
1343 1757 1471 1838 Spiritus
1492 1756 1589 1817 iacere
1608 1755 1785 1829 decrevisse,
1807 1754 1842 1817 de
1865 1773 1927 1832 quo
1955 1765 2018 1816 ante

1227 1880 1372 1923 recessum
1394 1878 1491 1921 meum
1512 1878 1546 1919 er
1570 1857 1642 1919 urhe
1663 1857 1778 1930 Rama,
1796 1856 1834 1917 ll.
1849 1856 2017 1917 Dominatio

1228 1960 1288 2021 Sua
1304 1960 1374 2020 mihi
1392 1960 1515 2022 verbnm
1532 1959 1643 2020 lecerat
1656 1968 1687 2019 et
1700 1958 1737 2017 ah
1755 1956 1930 2035 hujusmodi
1947 1976 2018 2037 pro-

1227 2061 1322 2141 posito
1340 2080 1394 2122 suo
1410 2062 1503 2139 ipsum
1523 2057 1628 2139 (quod
1657 2068 1754 2121 tamen
1780 2060 1851 2120 satis
1881 2060 2017 2120 inconve-

1228 2165 1306 2225 niens
1326 2158 1413 2243 erat)
1433 2162 1579 2223 divertere
1602 2179 1660 2222 non
1681 2162 1775 2241 potui,
1797 2161 1866 2221 misi
1886 2162 1924 2221 ad
1946 2161 2015 2224 Rev.

1226 2263 1453 2325 Domiaationem
1474 2263 1565 2324 Suam
1587 2280 1667 2340 quae
1700 2271 1770 2323 tunc
1791 2261 1912 2341 Capuae
1932 2275 2015 2335 erat,

1228 2365 1381 2444 proprium
1403 2366 1564 2436 nuncium,
1595 2382 1646 2444 per
1667 2381 1754 2443 quem
1775 2362 1811 2424 de
1847 2364 2013 2443 praemissis

1226 2477 1333 2527 statuto
1353 2476 1383 2527 et
1403 2466 1498 2526 allicio
1520 2463 1631 2525 reddidi
1652 2464 1815 2525 certiorem.
1848 2463 1909 2525 Sed
1941 2464 2011 2525 Rev.

1227 2567 1402 2638 Dominatio,
1414 2562 1579 2641 hujusmodi
1597 2584 1614 2625 a
1628 2584 1675 2628 me
1692 2567 1889 2645 aegreferens,
1909 2566 2015 2627 rescri-

1227 2669 1302 2748 psit,
1324 2678 1356 2728 ut
1377 2666 1438 2727 sine
1458 2684 1542 2727 mora
1570 2666 1720 2747 adipsum
1742 2665 1886 2728 venirem.
1922 2666 2016 2744 Equi·

1229 2771 1287 2827 tari
1316 2768 1407 2847 igitur
1428 2768 1524 2847 prima
1555 2767 1623 2827 maii
1652 2786 1754 2829 versus
1775 2767 1896 2847 ipsum,
1930 2785 2013 2845 quem

1228 2887 1280 2947 per
1303 2867 1360 2929 duo
1383 2867 1534 2940 miliaria,
1556 2869 1602 2928 vel
1624 2869 1703 2929 circa
1723 2878 1753 2929 et
1772 2869 1853 2928 ultra
1873 2868 2013 2929 hrersam

1231 2967 1346 3048 reperi,
1369 2979 1399 3027 et
1419 2967 1513 3028 amnia
1534 2968 1559 3028 ei
1580 2968 1697 3047 exposui
1718 2987 1818 3029 coram
1841 2967 1925 3047 Rege
1944 2979 2013 3029 acta.

1229 3067 1322 3128 Grato
1344 3066 1438 3127 anima
1459 3065 1642 3127 videbatura
1662 3085 1708 3129 mc
1726 3069 1899 3148 suscipere,
1917 3080 1949 3130 et
1968 3088 2016 3129 ex·

1230 3166 1406 3230 cusationem
1427 3185 1519 3227 meam
1540 3166 1692 3229 admittere
1710 3211 1719 3241 ,
1736 3166 1786 3229 sed
1807 3167 1844 3229 de
1866 3187 1924 3230 sua
1948 3187 2016 3249 pro·

1230 3270 1322 3347 posito
1355 3266 1489 3329 desistere
1521 3267 1639 3341 noluit,
1669 3277 1699 3327 et
1731 3268 1848 3328 Missam
1889 3267 2014 3348 Spiritus

1231 3370 1330 3431 Sancti
1351 3367 1427 3429 dicta
1453 3368 1497 3430 die
1517 3368 1698 3429 ascensionis
1718 3386 1749 3428 se
1770 3365 1944 3441 dicturum,
1963 3385 2013 3427 nou

1230 3471 1329 3542 aliam,
1349 3471 1466 3530 omnino
1487 3466 1625 3529 firmarit.
1648 3466 1745 3528 Retuli
1766 3478 1838 3529 tunc
1859 3468 1936 3529 Rev.
1957 3467 2014 3529 Do·

1231 3569 1379 3629 mirtationi
1405 3567 1481 3627 Suae
1514 3567 1624 3646 Regem
1646 3585 1740 3645 usque
1761 3587 1854 3648 prope
1875 3568 2012 3629 Sanctum

1231 3668 1389 3731 Antonium
1404 3680 1485 3731 extra
1502 3669 1647 3731 civitatem
1666 3668 1883 3749 Neapolitanam
1905 3671 2013 3732 obviam

1232 3781 1414 3844 turturum,
1434 3779 1464 3831 at
1485 3769 1565 3848 quad
1579 3813 1589 3844 ,
1603 3768 1683 3849 Rege
1704 3770 1897 3841 adveniente,
1920 3782 1950 3832 et
1969 3790 2016 3832 ca·

1232 3882 1285 3952 put
1302 3871 1473 3950 detegente,
1492 3872 1578 3932 etiam
1600 3870 1659 3950 ipse
1678 3868 1805 3951 legatus
1827 3883 1922 3953 caput
1941 3873 2016 3934 dete·

1232 3984 1336 4053 geret,
1356 3984 1386 4034 et
1411 3973 1476 4033 data
1496 3973 1550 4033 sihi
1580 3990 1668 4033 manu
1690 3991 1746 4035 non
1775 3976 1949 4053 permittere
1969 3973 2016 4035 sthi

1232 4094 1297 4137 eam
1319 4074 1482 4136 deosculari
1494 4096 1505 4149 ς
1527 4074 1577 4136 sed
1608 4073 1717 4154 Regem
1738 4074 1776 4135 ad
1794 4075 1855 4136 oris
1886 4078 2014 4138 maulam

1233 4176 1396 4255 reciperet,
1418 4183 1507 4237 cruca
1529 4175 1556 4234 in
1571 4174 1693 4236 introitu
1711 4176 1836 4236 civitatis
1857 4195 1913 4256 per
1932 4195 2016 4257 prae·

1233 4278 1325 4337 latum
1347 4276 1400 4336 sihi
1421 4288 1568 4356 porrecta,
1585 4276 1697 4357 Regem
1719 4276 1755 4337 ad
1777 4278 1858 4339 illius
1884 4280 2015 4339 osculum

1232 4376 1391 4449 invitaret,
1413 4394 1500 4454 quam
1523 4387 1616 4437 tamen
1643 4375 1705 4437 Rex
1727 4395 1783 4438 uon
1801 4388 1877 4440 esset
1896 4378 2016 4441 deuscu-

1233 4477 1359 4550 laturus,
1378 4474 1416 4535 ad
1436 4472 1521 4551 cujus
1542 4478 1675 4538 asculum
1695 4488 1790 4556 posset
1810 4478 1871 4558 ipse
1894 4477 2017 4559 lsegstm

1229 4575 1258 4635 si
1277 4575 1363 4636 vellet
1380 4594 1415 4635 ex
1435 4593 1512 4653 equo
1532 4573 1720 4649 descendere,
1738 4575 1945 4640 convenienter
1971 4589 2015 4638 ts-

1233 4694 1298 4737 men
1309 4677 1395 4738 etiam
1410 4694 1444 4736 ex
1455 4693 1530 4754 equo
1541 4695 1604 4737 eam
1620 4676 1792 4751 deosculari,
1804 4688 1835 4739 et
1845 4678 1936 4740 simul
1953 4697 2015 4740 cum

1232 4775 1312 4856 Rege
1325 4775 1378 4836 aab
1392 4775 1563 4837 baldachino
1579 4794 1672 4854 usque
1686 4776 1723 4836 ad
1737 4778 1890 4839 ecclesiam
1905 4781 2018 4858 equita·

1233 4898 1276 4939 re.
1304 4878 1450 4940 Pervento
1465 4878 1502 4936 ad
1520 4878 1682 4950 ecclesiam,
1703 4878 1876 4958 priusquam
1899 4880 2019 4942 descen·

1231 4977 1334 5051 deret,
1357 4989 1476 5057 rogaret
1493 4978 1603 5057 Regem
1621 5020 1630 5050 ,
1651 4979 1731 5057 quad
1750 4978 1923 5052 recederet,
1943 4990 1973 5041 et
1992 4978 2017 5039 ei

1232 5096 1287 5157 pro
1308 5077 1486 5139 humanitate
1505 5077 1616 5157 gratias
1648 5088 1748 5157 ageret
1759 5098 1769 5149 ς
1791 5078 1869 5139 idem
1889 5079 2018 5152 laceret,

1232 5180 1256 5239 si
1272 5179 1334 5241 llex
1349 5178 1472 5241 intraret
1492 5180 1653 5252 ecclesiam,
1673 5178 1869 5241 benedictione
1883 5195 1939 5259 per
1953 5198 2019 5241 eum

1232 5280 1316 5354 datar
1332 5292 1451 5362 accepto
1471 5281 1500 5339 in
1520 5279 1641 5341 ccclesia
1661 5278 1835 5360 aspersorio,
1849 5278 1978 5360 Regem,
1997 5281 2020 5340 si

1232 5381 1367 5456 adesset,
1388 5382 1482 5461 primo
1504 5391 1693 5461 aspergeret,
1713 5391 1809 5462 postea
1831 5400 1890 5453 sc,
1923 5380 2020 5443 danda

1232 5484 1391 5560 praelatos,
1405 5492 1434 5543 et
1448 5482 1529 5543 alios.
1549 5481 1685 5561 lmpoaito
1703 5480 1835 5554 incenso,
1853 5479 1967 5561 Regem
1984 5479 2019 5541 ad

1233 5582 1314 5644 illum
1334 5600 1352 5641 a
1373 5580 1503 5661 praelato
1525 5579 1720 5661 recipiendum
1743 5581 1839 5660 primo
1872 5581 2018 5642 invitaret

1232 5681 1265 5751 Si
1285 5682 1348 5751 lter
1368 5683 1462 5762 ipsum
1482 5683 1599 5752 unnim
1620 5681 1657 5743 ad
1676 5680 1815 5761 palatium
1835 5680 1883 5744 sui
1906 5680 2020 5762 hospitii
