4492 6859
298 619 366 685 aut
639 689 641 692 ,
768 621 1054 690 tonstriculae
1072 627 1296 692 tutantium
1317 630 1444 693 saxei.
1835 629 1944 718 (tint)

299 762 402 823 sitinus
426 760 608 830 vobiscum,
635 760 768 821 lnt'tium
796 759 910 823 Sancti
936 763 1087 846 Erumpe—
1154 768 1274 827 nationis
1288 767 1467 847 abigendae,
1486 764 1574 844 cuius
1589 776 1673 830 tenor
1690 768 1758 830 talis
1771 780 1839 843 est,
1862 772 1945 834 ride-

300 862 342 923 lii
367 873 421 924 ete.
443 862 540 941 signat
555 861 669 933 altare,
686 870 716 921 et
730 860 769 920 ibi
783 861 974 942 Evangelium
990 864 1085 944 ipsum
1156 868 1243 929 licet:

300 960 423 1043 perlicit.
1198 991 1214 1023 ι
1230 967 1389 1029 Alexander
1410 967 1571 1048 Episcopus
1591 988 1694 1030 sert-us
1715 988 1878 1032 serrorum
1893 971 1943 1034 Dei

342 1061 403 1122 Rex
429 1063 544 1123 interim
565 1062 675 1142 accipit
695 1081 857 1136 corounm,
878 1075 1036 1144 sceptrum,
1057 1074 1086 1125 et
1156 1068 1260 1129 dilecto
1292 1067 1352 1129 lilio
1381 1069 1504 1129 lohauni
1543 1070 1624 1130 tituli
1648 1070 1772 1132 Sanctae
1795 1072 1943 1137 Susannae

300 1183 429 1243 pomnm;
445 1164 573 1225 ascetrdit
589 1164 625 1222 ad
646 1167 819 1244 supremum
834 1166 957 1244 gradum
974 1166 1086 1240 altaris,
1156 1170 1326 1251 presbytero
1347 1169 1494 1231 Cardinali
1526 1170 1562 1229 ad
1585 1190 1708 1250 regnum
1730 1172 1849 1235 Siciliae
1871 1177 1943 1236 citra

302 1264 477 1345 genuflectit.
501 1265 639 1344 Legatos,
658 1267 784 1345 acceptis
800 1268 1001 1347 corporalibus
1021 1286 1086 1326 am·
1157 1273 1285 1332 Pharum
1298 1281 1398 1333 nostro
1413 1282 1441 1330 et
1453 1273 1633 1350 Apostolicae
1645 1272 1729 1333 Sedis
1741 1271 1856 1353 begato
1867 1277 1945 1335 salu·

300 1366 393 1426 babus
408 1367 551 1426 manibus.
564 1378 591 1426 et
607 1367 665 1427 illis
681 1369 825 1428 indicibus
843 1368 938 1428 medlo
955 1369 1086 1441 estensis,
1156 1383 1214 1433 tem
1236 1386 1264 1434 et
1284 1373 1470 1452 apostolicum
1490 1372 1722 1433 benedictionem.
1746 1375 1823 1434 Cum
1849 1393 1901 1433 nos
1917 1386 1946 1437 te

299 1469 329 1528 in
344 1468 462 1528 modum
477 1468 705 1529 semirotundum
722 1469 850 1548 plicatis,
866 1471 914 1531 illu
930 1471 992 1549 regi
1014 1489 1086 1549 por·
1156 1474 1426 1553 inpraesentiarum
1442 1472 1477 1530 ad
1494 1491 1616 1552 regnum
1637 1473 1753 1534 Siciliae
1774 1474 1851 1533 citra
1870 1474 1946 1534 Pbo-

274 1568 372 1647 ‘tigit
402 1568 579 1642 osculanda;
604 1579 666 1628 tum
702 1569 858 1643 dextrum,
892 1570 990 1632 deirrde
1014 1570 1087 1629 sini·
1156 1593 1244 1645 rum,
1266 1575 1301 1633 ad
1317 1575 1500 1633 carissimum
1517 1575 1544 1632 in
1565 1572 1684 1633 Christo
1699 1572 1795 1634 filium
1811 1589 1945 1637 nostrum

301 1682 395 1730 strum
428 1672 527 1730 oculos
560 1670 649 1749 Regis
680 1672 791 1749 tangit,
825 1684 854 1733 et
886 1672 959 1752 Regi
982 1675 1086 1734 iterum
1155 1674 1333 1753 ntpnonsum
1350 1670 1479 1749 ejusdem
1502 1674 1584 1751 regni
1599 1674 1708 1752 Regem
1727 1694 1785 1754 pro
1800 1678 1946 1738 nonnullis

300 1774 428 1855 porrigit
448 1773 625 1834 osculanda:
656 1773 771 1835 demum
794 1793 861 1835 cum
884 1775 951 1854 ipsis
972 1776 1085 1854 signum
1155 1776 1309 1836 nostriset
1330 1775 1451 1835 Sanctae
1473 1773 1618 1834 Romanae
1641 1774 1792 1836 Ecclesiae
1818 1779 1945 1857 negociis

301 1876 406 1938 Crucis
426 1896 513 1957 super
535 1875 645 1955 Regem
662 1876 812 1957 producit,
835 1878 884 1954 qni
900 1878 1005 1956 surgit:
1028 1875 1087 1935 im-
1155 1877 1345 1956 peragendis,
1368 1884 1500 1935 nostrum
1521 1884 1550 1935 et
1571 1876 1752 1953 Apostolicae
1775 1877 1862 1939 Sedis
1889 1877 1944 1940 be·

299 1976 416 2057 ponitur
437 1977 489 2036 sibi
512 1996 644 2038 corona:
672 1978 774 2056 recipit
796 1988 964 2056 sceptrum,
985 1985 1014 2036 et
1034 1994 1087 2056 po·
1156 1988 1257 2058 gaium
1279 1977 1313 2037 dc
1334 1974 1449 2047 Latere,
1470 1974 1506 2034 ad
1536 1974 1587 2035 Dei
1610 1974 1725 2037 laudem
1747 1988 1778 2037 at
1798 1978 1943 2057 praefatae

302 2096 395 2149 mum,
414 2089 442 2139 et
462 2079 489 2136 iu
511 2078 682 2149 faldistorio,
707 2077 786 2155 quod
808 2086 872 2157 post
893 2076 1019 2138 medium
1040 2077 1088 2136 al·
1156 2079 1302 2139 Ecclesiae
1324 2087 1429 2136 statum
1459 2086 1489 2137 et
1509 2074 1661 2148 bonorem,
1682 2077 1717 2137 de
1735 2077 1870 2138 fratrum
1892 2099 1942 2139 uo·

342 2278 479 2357 Legatos,
495 2278 616 2337 dimissis
639 2281 667 2337 in
689 2278 774 2338 altari
797 2277 1008 2357 corporalibus,
1031 2296 1086 2336 ra·

302 2379 345 2440 dit
365 2380 402 2438 ad
430 2379 621 2439 faldistorium
654 2396 739 2437 sunm
766 2381 793 2438 in
827 2380 912 2459 plano
932 2380 961 2438 in
994 2396 1086 2438 corno

302 2477 448 2559 Epistolae
469 2479 522 2539 sibi
537 2480 567 2539 iu
585 2480 648 2540 loco
663 2492 800 2540 consueto
815 2491 960 2559 paratum,
974 2479 1086 2559 deponit

302 2593 468 2661 paramenta
485 2581 578 2640 omnia
599 2592 629 2641 et
650 2579 803 2652 modultu,
832 2590 860 2640 et
880 2581 984 2658 accipit
1015 2600 1085 2660 cap·

301 2701 377 2762 pam.
408 2681 486 2743 Tum
518 2682 712 2742 faldistorium
745 2681 839 2761 ipsum
862 2693 924 2762 post
955 2681 1084 2743 medium

301 2784 401 2845 altaris
424 2786 451 2843 in
480 2802 575 2844 corun
597 2782 749 2861 Evangelii
778 2782 831 2841 sibi
864 2782 1003 2860 ponitur,
1036 2782 1084 2842 nbi

298 2885 371 2946 sedit
391 2883 428 2945 ad
450 2885 579 2945 dextrum
600 2882 696 2964 Regis.

340 2986 402 3047 ltex
424 2998 503 3046 creat
524 2985 626 3045 milites
637 3007 647 3058 3
670 2996 698 3046 et
718 2985 788 3057 alia,
809 3003 883 3062 qnae
904 3003 937 3045 ex
960 3002 1084 3044 consue·

301 3087 397 3150 tudine
418 3089 465 3148 vel
497 3089 567 3147 alias
594 3088 690 3147 facere
724 3096 937 3147 consueverunt
971 3085 1083 3145 Siciliae

299 3187 393 3267 Reges
409 3190 436 3247 in
451 3207 552 3249 eorum
578 3187 769 3247 coronationis
788 3187 975 3258 solemnitate,
990 3186 1082 3246 faciet.

1155 2280 1339 2361 praedictum
1351 2277 1460 2356 Regem
1474 2279 1628 2356 inungendi
1637 2288 1665 2339 et
1678 2280 1791 2357 regiam
1807 2300 1940 2342 coronam

1155 2381 1242 2459 capiti
1263 2393 1317 2439 sno
1339 2377 1516 2457 imponendi,
1533 2389 1562 2439 et
1578 2376 1695 2438 Siciliae
1717 2380 1794 2439 citra
1814 2380 1939 2444 Pharum

1154 2480 1262 2560 Regem
1284 2478 1468 2540 catholicum
1490 2479 1648 2540 coronandi
1674 2478 1850 2541 facultatem
1873 2500 1939 2542 coo·

1155 2582 1304 2652 cedentes,
1326 2589 1415 2658 prout
1447 2579 1475 2638 in
1507 2580 1570 2639 aliis
1591 2582 1697 2640 nostris
1722 2582 1850 2662 desuper
1873 2601 1939 2643 con·

1153 2684 1232 2744 fectis
1254 2682 1357 2741 litteris
1378 2680 1539 2741 continetur
1552 2725 1561 2754 ,
1576 2678 1634 2741 Nos
1650 2682 1799 2761 cupientes
1814 2728 1823 2756 ‚
1839 2693 1872 2742 ut
1885 2686 1939 2762 spi·

1155 2787 1214 2845 ritu
1236 2782 1360 2842 aliorum
1382 2782 1569 2859 largitionum
1590 2792 1619 2842 et
1641 2801 1797 2843 munerum
1821 2785 1939 2859 incolas,

1153 2897 1181 2948 et
1204 2884 1378 2944 habitatores
1399 2882 1528 2961 partium
1551 2883 1669 2942 illarum
1692 2883 1799 2943 reddas
1820 2884 1897 2954 Deo,
1914 2894 1940 2945 et

1154 2986 1220 3048 Sedi
1243 2983 1407 3065 praedictae
1429 2984 1494 3062 plns
1516 2983 1653 3055 devotos,
1675 2984 1710 3045 de
1738 2986 1938 3065 omnipotentis

1153 3088 1205 3149 Del
1227 3084 1450 3156 misericordia,
1471 3102 1505 3143 ac
1527 3083 1679 3144 beatorum
1701 3084 1785 3146 Petri
1808 3096 1839 3146 et
1860 3087 1938 3146 Pauli

1153 3188 1359 3267 Apostolorum
1377 3184 1548 3244 auctoritate
1563 3183 1675 3256 corriel,
1689 3185 1939 3266 circumspectioni

1155 3300 1244 3360 tuae,
1266 3297 1298 3345 ut
1319 3284 1386 3358 dia,
1408 3303 1465 3364 qna
1487 3304 1542 3364 pro
1564 3288 1750 3347 coronatione
1771 3285 1937 3364 hujusmodi

1152 3389 1278 3450 facienda
1302 3387 1417 3447 Missam
1448 3386 1620 3460 celebrabis,
1641 3398 1705 3467 post
1727 3389 1818 3468 ipsius
1839 3390 1936 3453 Missae

1152 3490 1360 3551 solemnitatem
1396 3487 1528 3547 omnibus
1562 3499 1591 3549 et
1625 3490 1748 3568 singulis
1784 3492 1935 3570 utriusque

1151 3609 1234 3650 sexus
1256 3589 1364 3649 Christi
1386 3586 1518 3647 lidelibus
1539 3588 1742 3666 undecumque
1758 3592 1936 3651 venientibus

1152 3690 1203 3769 qui
1221 3690 1311 3750 eidem
1324 3688 1446 3760 Missae,
1468 3699 1519 3747 aut
1535 3689 1722 3750 benedictioni
1742 3702 1812 3752 tuae
1829 3737 1838 3765 ‚
1853 3711 1934 3772 qnam

1152 3802 1216 3871 post
1237 3791 1328 3870 ipsam
1344 3789 1458 3849 Missam
1475 3792 1583 3870 populo
1605 3791 1672 3850 inibi
1690 3793 1825 3853 existenti
1848 3795 1937 3872 largi-

342 3287 483 3349 Perfectis
513 3289 659 3359 omuibus,
679 3285 844 3365 laegatusa
870 3287 976 3348 dextris
997 3286 1083 3366 Regis

298 3389 451 3450 associabit
476 3408 565 3460 curn,
587 3407 678 3468 usque
710 3388 746 3448 atl
781 3399 894 3467 portam
926 3387 1082 3460 ecclesiae,

298 3492 433 3570 praelatis
454 3490 586 3549 omnibus
609 3492 684 3570 ipsos
705 3489 900 3567 sequentibus3
922 3489 972 3548 ubi
995 3507 1084 3567 pera-

298 3593 353 3651 ctis
374 3610 424 3670 per
447 3590 556 3667 Regem
578 3590 647 3668 ipsis
668 3590 770 3668 gratiis
791 3601 819 3649 et
840 3589 1001 3660 licentiatis,
1022 3587 1082 3648 Rex

298 3701 379 3752 extra
412 3702 526 3770 portam
559 3690 697 3752 ecclesiae
729 3690 854 3750 ascendit
890 3707 997 3767 equum
1031 3689 1082 3748 sibi

297 3802 443 3872 paratum3
459 3803 487 3853 et
503 3801 676 3864 coronatus,
691 3809 758 3850 cum
780 3801 896 3869 sceptro
910 3800 938 3850 et
954 3807 1037 3867 pomo
1053 3787 1082 3847 in

297 3894 452 3964 manibus,
473 3892 634 3953 baronibus
658 3910 746 3971 super
768 3893 862 3970 ipsum
879 3889 1081 3950 baldachinum
1152 3901 1199 3951 tus
1217 3891 1318 3965 fueris,
1336 3891 1528 3962 interfuerint,
1545 3893 1700 3971 plenariam
1718 3896 1851 3954 omnium
1872 3911 1935 3975 pec-

297 3996 476 4076 portantibus
493 4006 522 4054 et
536 3994 599 4053 aliis
616 3993 706 4072 Magni
723 3992 915 4053 destrautibus
927 3988 986 4073 (l),
997 3991 1082 4068 eqni·
1150 4002 1284 4052 catorum
1305 4008 1428 4052 suorum
1450 3993 1644 4053 remissionem
1665 4005 1694 4054 et
1725 3995 1933 4075 indulgentiam

298 4098 370 4156 tabit
386 4096 432 4155 ria
448 4095 578 4155 ordinata
600 4093 635 4152 ad
658 4104 786 4153 castrum
808 4090 932 4151 Morum.
954 4089 1082 4170 Legatns
1151 4095 1179 4152 iu
1200 4094 1294 4152 forma
1320 4091 1467 4151 Ecclesiae
1488 4106 1645 4166 consueta,
1666 4097 1843 4157 anctoritate
1865 4116 1933 4177 apo·

297 4196 423 4258 ascendit
444 4197 581 4275 palatium
603 4212 711 4268 sunm,
732 4205 761 4254 et
787 4194 908 4273 praelati
935 4190 971 4251 ad
992 4209 1082 4271 pran-
1113 4212 1117 4309 p
1149 4193 1249 4252 stollas
1272 4191 1432 4270 largiendi,
1454 4210 1487 4252 ac
1509 4195 1596 4253 etiam
1614 4205 1663 4253 tna
1686 4193 1857 4273 hujusmodi
1873 4199 1931 4257 lar·

296 4296 375 4358 dium
393 4316 451 4375 quo
472 4297 626 4357 soluerint.
1150 4293 1258 4371 gitione
1273 4292 1406 4365 durante,
1422 4292 1496 4353 infra
1511 4295 1587 4355 illius
1602 4297 1728 4368 limites,
1750 4315 1840 4375 quem
1863 4316 1934 4376 φιο-

338 4397 507 4458 l’raeurissis
529 4398 627 4474 itaque
647 4415 700 4476 per
723 4414 767 4455 me
787 4396 929 4474 conceptis
947 4406 1082 4457 etanuo·
1149 4381 1326 4473 tiescumque
1346 4405 1374 4455 et
1396 4394 1573 4474 ubicumque
1593 4397 1760 4458 solemniter
1785 4417 1887 4459 eoram
1909 4410 1933 4460 te

295 4500 383 4570 tatis,
415 4498 563 4559 ecclesiam
596 4496 811 4576 Neapolitanam
839 4498 960 4576 singulis
981 4497 1079 4557 diebus
1149 4495 1289 4555 celebrari
1311 4495 1428 4566 feceris,
1450 4509 1579 4576 septem,
1612 4517 1678 4559 cum
1702 4517 1757 4559 non
1781 4512 1932 4579 autequam

268 4666 271 4674 ¹
296 4601 382 4659 etiam
403 4600 469 4677 plns
491 4599 580 4658 semel
602 4599 737 4669 visitari,
759 4609 788 4658 et
808 4611 971 4677 opportuna
994 4599 1023 4657 iu
1044 4616 1080 4659 eo
1148 4598 1316 4669 civitatem,
1337 4614 1388 4657 seu
1411 4598 1507 4657 locum
1529 4600 1670 4678 insignem
1696 4619 1750 4678 pro
1773 4602 1872 4681 primo
1892 4603 1934 4660 in·

296 4710 325 4761 et
346 4699 423 4779 apud
445 4700 597 4776 magistros
629 4699 802 4778 deputatos,
825 4698 875 4757 ubi
898 4709 962 4757 erut
982 4717 1078 4777 opus,
1148 4715 1250 4775 gressu
1273 4698 1438 4758 solemniter
1455 4699 1631 4771 intraveris,
1651 4700 1786 4761 omnibus
1802 4721 1872 4762 rere
1886 4722 1934 4781 pe·

294 4802 471 4863 sollicitari:
493 4800 644 4862 iuformuvi
667 4799 799 4860 illustris.
822 4800 857 4860 [l.
880 4798 1021 4878 Legatum
1043 4800 1077 4860 de
1148 4798 1324 4872 nitentibus,
1354 4807 1383 4859 et
1422 4799 1559 4859 confessis
1597 4799 1699 4859 ibidem
1737 4804 1934 4881 praesentibus

294 4901 342 4960 his
364 4920 437 4979 quae
457 4920 509 4981 per
529 4918 596 4961 eum
618 4909 701 4961 erant
724 4900 867 4975 dicenda,
889 4911 916 4960 et
936 4899 1076 4971 facienda,
1149 4910 1207 4960 tres
1220 4943 1310 4960 .....
1328 4897 1362 4958 de
1384 4896 1522 4975 injunctis
1541 4901 1581 4959 ais
1604 4903 1803 4979 praesentibus
1825 4904 1853 4962 in
1876 4901 1935 4962 tto·

294 5003 425 5063 sindliter
446 5014 474 5064 et
495 5002 587 5071 alios,
609 5002 659 5078 qui
691 5003 719 5060 in
748 5004 849 5079 aliquo
874 5002 969 5060 allicio
990 5019 1078 5061 cora
1147 5002 1225 5060 mino
1246 4998 1407 5073 relaxandi,
1422 5002 1534 5080 plenam
1547 5012 1574 5060 et
1592 5000 1712 5063 liberam
1729 5005 1932 5063 auctoritatem

294 5104 416 5164 nationis
438 5099 605 5177 hujusmodi
627 5103 766 5164 debebant
787 5107 930 5163 interesse.
1147 5102 1307 5182 praefatam
1328 5110 1427 5161 tenore
1461 5102 1653 5179 praesentium
1683 5103 1870 5163 concedimus
1890 5104 1932 5161 fa·

303 2177 376 2237 taris
399 2196 498 2237 sersus
520 2196 611 2237 cornu
627 2177 778 2257 Epistolae
795 2178 850 2237 sibi
869 2177 1087 2257 ponitur,sedit.
1155 2191 1283 2240 atrorum
1319 2178 1437 2238 consilio
1466 2176 1633 2238 duxerimus
1653 2176 1871 2253 destinandum,
1899 2182 1940 2242 tibi

335 5204 486 5264 Dominica
506 5215 609 5281 quarta
631 5206 734 5265 mensis
756 5203 834 5274 maii,
854 5204 883 5262 in
905 5201 1079 5281 parrochia·
1147 5202 1297 5264 cultatem.
1313 5202 1420 5262 Datum
1436 5201 1545 5261 Romae
1560 5203 1635 5282 apud
1651 5202 1794 5263 Sanctum
1811 5204 1931 5265 Petram

293 5304 371 5366 libus
390 5305 541 5377 ecclesiis,
560 5306 741 5365 monasteriis
765 5315 794 5365 et
824 5304 1012 5365 conventibus
1032 5305 1077 5363 ci·
1146 5319 1220 5363 artua
1235 5303 1437 5362 iucarnationis
1452 5301 1931 5367 Dominicaaat.ccccmxxxxtut.

294 5408 388 5466 vitatis
408 5403 619 5485 Neapolitanae,
639 5406 783 5485 publicata
804 5403 859 5463 fuit
879 5404 960 5463 bulla
981 5404 1078 5463 facul·
1147 5415 1253 5483 quarto
1274 5404 1385 5465 decimo
1406 5403 1544 5464 kalendas
1565 5403 1640 5466 maii.
1668 5403 1862 5466 l'outlflcatus
1880 5425 1931 5467 no·

294 5506 360 5565 tatis
381 5523 531 5568 concessae
551 5506 625 5567 lter.
648 5506 771 5566 Domino
788 5503 899 5584 [legato
919 5504 1077 5585 elargieudi
1146 5507 1200 5565 stri
1222 5524 1297 5566 anno
1317 5506 1443 5566 secundo
1466 5528 1492 5564 a.

293 5603 323 5665 ln
344 5605 389 5667 dia
409 5608 603 5668 coronationis
623 5606 710 5686 Regis
730 5620 760 5669 et
788 5609 858 5668 alias
879 5608 943 5667 aliis
964 5617 1077 5686 tempo·
1188 5608 1240 5669 Die
1263 5608 1384 5679 martis,
1400 5617 1478 5669 sexta
1499 5609 1601 5668 mensis
1622 5609 1713 5681 maii,
1746 5609 1932 5690 supradictus

293 5706 374 5769 ribus
395 5707 587 5791 indulgentias
606 5708 705 5786 altari,
725 5710 754 5771 ia
775 5708 820 5771 die
834 5704 964 5785 ejusdem
986 5726 1077 5770 coro·
1145 5707 1181 5770 l).
1204 5708 1329 5771 dloisius
1355 5707 1392 5771 de
1424 5708 1568 5789 bragouia
1599 5708 1732 5773 Marabio
1763 5709 1935 5775 Giraeensis
