4492 6859
294 626 403 712 (arsa)

294 780 447 839 armorum
467 770 496 822 et
517 760 704 838 sequentibus
726 763 819 841 ipsum
845 765 905 823 suis
934 773 1078 841 quatuor-

296 864 389 923 decim
409 862 607 922 servitoribus.
628 871 657 923 et
678 862 826 936 militibus,
837 865 985 941 venit-per
1007 881 1078 922 con·

294 964 443 1022 sistorinm
476 979 577 1020 coram
608 961 765 1036 Pontifice3
785 975 814 1023 et
840 964 906 1024 licet
935 962 1080 1023 diceretur

295 1061 390 1139 ipsam
411 1059 541 1120 Tuccam
561 1063 748 1144 reverentiam
773 1061 902 1123 Pontifici
921 1064 1080 1135 laetarum,

295 1178 379 1219 mora
400 1159 568 1220 Turenum
590 1179 675 1220 manu
692 1172 800 1222 terram
820 1162 971 1240 tangendo,
983 1160 1081 1222 deinde

297 1277 415 1318 manum
426 1258 726 1332 deosculando,tamen
739 1261 808 1321 tttod
820 1261 915 1322 lacere
927 1261 1079 1333 recusarit3

296 1358 348 1419 sed
362 1359 392 1418 in
410 1360 532 1418 introitu
553 1362 713 1420 consistorii
734 1362 763 1420 in
781 1361 872 1422 aredio
886 1371 915 1421 et
930 1372 995 1420 atate
1009 1379 1082 1439 gra·

298 1458 353 1518 dus
374 1458 458 1532 solii,
478 1458 526 1519 ubl
547 1460 736 1537 genuflectere
758 1462 871 1534 solent,
891 1461 1082 1540 genullectere

298 1556 404 1629 noluit,
418 1558 507 1618 immo
527 1555 620 1634 juxta,
632 1570 661 1620 et
681 1561 762 1623 raldo
774 1580 890 1640 parum,
907 1572 994 1641 caput
1011 1577 1082 1622 coo·

298 1670 416 1738 partum
437 1658 568 1719 Pontifici
597 1661 756 1733 inclinarit,
777 1663 847 1724 adeo
870 1663 948 1741 quod
969 1663 1083 1723 dillicilc

266 1786 268 1789 ·
300 1758 467 1838 hujusmodi
490 1762 633 1821 inclinatio
650 1765 784 1841 cognosci
796 1765 902 1842 potuit,
916 1783 966 1823 seu
979 1762 1081 1836 videri3

300 1860 427 1919 aseendit
457 1860 493 1918 ad
523 1860 713 1949 Pontificem,
735 1883 833 1941 quem,
854 1876 931 1925 stans
951 1874 1082 1936 erectus,

301 1961 450 2040 amplexus
467 1971 520 2032 cst,
541 1970 570 2019 et
590 1981 677 2041 super
693 1963 846 2025 binchium
861 1965 1010 2027 dexterum
1027 1983 1081 2043 pa-

282 2060 371 2117 'rum
403 2058 594 2132 deosculatus,
615 2072 703 2139 caput
733 2082 819 2123 suum
847 2084 959 2144 semper
987 2076 1083 2125 tenens

301 2171 480 2238 coopertum.
501 2160 661 2233 Quolacto,
672 2174 748 2222 stans
765 2183 864 2225 coram
875 2163 1025 2241 Pontifice,
1042 2164 1082 2224 illi

301 2258 441 2338 explicari
461 2259 527 2319 lecit
545 2279 595 2338 per
616 2280 702 2320 snum
725 2264 937 2344 interpretem,
957 2263 1083 2342 gaudere

302 2378 334 2420 se
362 2357 506 2420 Pontificis
534 2364 720 2437 praesentiam
751 2364 900 2442 attigisse,
933 2365 1084 2441 ipsumque

303 2479 410 2538 rogare
432 2460 509 2537 quod
529 2460 597 2519 lacti
616 2480 725 2522 taetrior
739 2481 798 2524 esse
816 2465 884 2523 velit
904 2476 1013 2524 eleum
1030 2464 1085 2522 ba·

304 2559 375 2619 bere
396 2559 636 2630 commendatum,
651 2572 691 2630 et,
708 2580 776 2620 cum
792 2573 903 2640 tempus
922 2563 1037 2621 dabitur
1058 2575 1086 2623 et

306 2660 400 2729 locus,
413 2657 440 2717 ln
462 2659 638 2719 secretoaliu
656 2662 877 2738 explicaturum.
890 2662 1017 2722 Pontifex
1035 2681 1087 2721 re·

304 2758 428 2837 spondit,
437 2757 551 2836 jamdiu
569 2758 685 2832 iecisse,
705 2780 755 2837 per
777 2779 849 2838 quae
869 2760 1005 2821 Nobilitas
1026 2761 1087 2820 Sua

306 2877 363 2937 pro
388 2877 443 2918 suo
462 2868 540 2918 statu
568 2845 596 2945 et
620 2859 695 2919 bono
715 2860 837 2920 llomnm
859 2861 1029 2932 duceretur,
1058 2871 1087 2920 et

305 2960 387 3037 quod
408 2960 469 3018 Sua
491 2958 628 3019 Nobilitas
649 2960 676 3018 in
696 2962 775 3021 nullo
806 2961 938 3022 dubitare
967 2961 1088 3032 debeat,

305 3059 357 3120 sed
378 3062 451 3119 laete
473 3060 591 3133 risere,
613 3060 679 3137 quia
700 3065 795 3121 omnia
816 3063 845 3120 in
865 3062 972 3121 bonum
1003 3059 1087 3120 finem

308 3171 376 3219 sunt
385 3159 590 3219 ordinataPro
601 3160 705 3236 quibus
720 3161 848 3234 ancus,
857 3163 896 3221 ita
909 3180 938 3220 se
948 3158 1089 3220 confidere

307 3277 447 3331 asserens,
467 3259 618 3339 Sanctitati
638 3259 715 3321 Suae
729 3262 835 3338 gratias
857 3260 917 3338 egit
938 3255 992 3342 (l)
1013 3258 1089 3318 Tum

308 3361 427 3421 recessit
445 3378 462 3416 a
480 3357 618 3419 Pontibce
634 3358 763 3431 Turcus,
777 3371 806 3420 et
825 3379 923 3421 omnes
944 3359 1087 3419 Cardian-

311 3460 353 3520 les
371 3460 399 3519 in
417 3459 476 3517 suis
504 3459 573 3518 locis
594 3468 698 3519 stantes
718 3470 762 3520 est
780 3462 938 3539 amplexus,
956 3470 985 3521 et
1005 3479 1090 3538 super

310 3559 371 3620 sive
389 3561 466 3619 circa
484 3558 626 3636 spatulam
649 3559 792 3621 dexteram
821 3562 949 3639 singulos
973 3561 1090 3620 oscula·

313 3672 360 3721 tus
371 3683 381 3734 3
403 3661 517 3719 interim
539 3660 585 3719 alii
598 3659 688 3719 Tusci
707 3660 843 3738 praedicti
864 3661 1027 3732 familiares,
1039 3678 1091 3719 co·

310 3779 376 3821 ram
394 3759 530 3820 Pontifice
551 3769 701 3832 venerunt,
723 3769 752 3820 et
772 3761 896 3838 singuli,
915 3779 991 3820 unus
1011 3759 1091 3819 ride·

314 3861 381 3923 licet
401 3873 463 3941 post
487 3862 599 3932 alium,
620 3878 707 3938 snper
727 3860 831 3920 solium
852 3860 1092 3938 genuflectentes,

317 3973 534 4022 terram-manu
554 3961 667 4020 dextera
689 3970 854 4037 tangentes,
874 3962 974 4031 illam,
993 3958 1092 4019 deinde

316 4060 462 4122 Pontificis
487 4059 569 4137 pedes
600 4076 666 4117 cum
693 4059 810 4136 pluviali
830 4069 858 4119 et
879 4059 1002 4119 vestibus
1021 4077 1092 4117 am·

314 4163 456 4239 plexantes
474 4156 635 4235 genuflexi,
656 4168 723 4218 sunt
747 4159 883 4233 osculati,
905 4169 934 4220 et
960 4160 1092 4220 ancum

315 4271 470 4339 patronum
481 4276 567 4316 suum
587 4257 690 4328 secuti,
707 4258 769 4335 qni,
783 4260 948 4338 amplexatis
962 4259 1094 4319 omnibus

314 4358 535 4429 Cardinalibus,
557 4357 676 4435 demptis
710 4358 764 4416 illis
794 4359 905 4420 duobus
935 4362 985 4437 qni
1016 4360 1093 4439 apud

314 4458 481 4520 Pontificem
504 4460 532 4517 in
551 4457 706 4516 assistentia
727 4471 968 4535 permanserunt,
987 4459 1094 4537 absque

318 4579 353 4620 eo
372 4559 449 4637 quod
470 4559 552 4618 aliter
570 4577 600 4617 se
622 4555 751 4618 firtuaret
777 4571 828 4618 aut
858 4561 942 4620 aliter
964 4559 1093 4621 Pontifici

317 4662 505 4722 reverentiam
524 4658 642 4729 laceret,
663 4656 748 4718 rediit
770 4658 805 4716 ad
827 4676 955 4719 cameras
972 4678 1037 4719 snas
1057 4661 1092 4718 ab

318 4762 384 4831 illis,
408 4773 440 4821 ut
461 4761 555 4840 prius,
567 4759 721 4819 associatus
729 4755 864 4840 (PlTnm
877 4759 1006 4820 Pontifex
1023 4779 1093 4819 sur·

359 4979 394 5038 (t)
407 4995 417 5017 ·
431 4975 524 5034 Geme,
534 4975 685 5025 mostraudo
696 4976 744 5025 cha
755 4975 810 5025 cosi
827 4988 948 5037 sperave,
959 4988 1018 5025 rese
1034 4989 1094 5037 gra·

318 5056 372 5114 zie,
389 5068 403 5106 a
419 5055 488 5105 volte
504 5055 611 5104 baciarc
627 5057 644 5104 il
656 5055 780 5105 Pontebce
798 5058 823 5103 in
840 5055 905 5110 viso,
921 5055 988 5111 onde
1006 5068 1093 5105 mosae

319 5136 336 5184 il
353 5134 505 5183 concistoro
522 5148 536 5182 a
553 5134 657 5192 ridere;
674 5148 715 5183 ma
732 5135 781 5183 Sua
796 5133 894 5184 Sautlta
911 5133 960 5183 tiro
979 5134 1001 5183 la
1014 5135 1093 5183 faccia

318 5213 441 5262 indietro.
460 5234 470 5253 ·
488 5212 650 5261 Vrataanus.

362 5311 371 5331 ·
390 5292 452 5339 Sunt
469 5291 512 5352 qui
529 5290 634 5348 dicant,
656 5296 683 5340 ct
700 5291 747 5339 boo
766 5302 856 5339 verum
872 5293 929 5348 cst,
946 5289 1015 5352 qnod
1036 5289 1094 5351 ipse

318 5371 433 5420 voluerit
450 5371 562 5419 osculari
580 5369 671 5430 Papam
684 5371 711 5418 iu
727 5371 799 5429 lacis,
811 5374 838 5420 et
849 5370 914 5432 Papa
932 5371 1095 5427 retrocessit,

320 5455 347 5501 ct
365 5456 451 5500 tamen
467 5450 523 5511 ipse
540 5452 639 5498 tantum
657 5450 785 5510 spatulam
808 5450 940 5498 osculatus
959 5451 1007 5496 est.
1026 5468 1036 5488 ·
1055 5445 1095 5494 lu·

320 5539 452 5579 cassant.
980 5575 982 5580 ,

361 5608 397 5667 (2)
413 5630 423 5651 ·
447 5609 521 5669 Quivi
541 5609 630 5671 giunta
647 5607 700 5667 lod
715 5607 788 5656 aulos
803 5621 851 5669 pro
872 5621 900 5656 eo
922 5604 1095 5667 designatos),

320 5688 453 5762 essendoli
469 5688 564 5750 portati
581 5688 674 5749 drappi
690 5687 715 5737 d'
727 5701 784 5746 oro,
794 5701 808 5738 c
819 5688 917 5746 dinoci,
929 5700 944 5737 c
960 5685 1033 5736 datili
1044 5683 1095 5733 dua

761 623 1043 688 ronutatcattts
1065 622 1286 687 tttttocttttttt
1307 620 1458 685 OCTAVl.
1865 622 1923 682 ill

1146 780 1225 841 gens,
1245 762 1282 821 ad
1302 779 1446 823 cameram
1468 777 1548 820 more
1568 761 1652 820 solito
1672 759 1777 833 rediit3
1798 760 1832 821 de
1855 780 1925 838 quo,

1146 862 1320 941 paramentis
1334 861 1476 939 depositis,
1490 859 1654 923 Cardinales
1676 863 1820 940 petierunt
1835 861 1924 922 licen-

1148 964 1225 1023 tiam.

1190 1061 1326 1134 Sabbata,
1348 1061 1589 1140 vigesimaprima
1610 1064 1715 1134 martii,
1733 1063 1769 1123 ll.
1791 1064 1823 1123 l).
1850 1064 1926 1126 cn·-

1148 1160 1249 1220 dinalis
1269 1161 1414 1221 Auriensis
1435 1162 1504 1221 dixit
1524 1163 1605 1237 mibi,
1620 1163 1656 1223 de
1674 1164 1793 1225 diversis
1814 1185 1925 1228 mecum

1149 1260 1279 1339 loquens,
1293 1264 1367 1322 inter
1383 1264 1448 1336 alia,
1463 1262 1539 1341 qnod
1552 1261 1613 1339 jam
1629 1275 1760 1343 peracto
1777 1265 1836 1326 dies
1850 1268 1925 1326 scri·

1148 1366 1248 1456 psisset'
1258 1382 1298 1435 se,
1311 1363 1400 1424 ritate·
1412 1361 1547 1423 Sanctae
1559 1363 1748 1426 Artcatoat‘ne
1761 1364 1927 1446 Presbyte-

1149 1482 1229 1532 rum,
1252 1461 1287 1523 de
1305 1480 1435 1540 expressa
1456 1463 1568 1523 licentia
1588 1462 1642 1522 SS.
1658 1462 1692 1521 l).
1709 1461 1742 1523 N.
1760 1463 1854 1542 Papae
1874 1467 1927 1526 sibi

1149 1560 1224 1633 data,
1238 1580 1292 1640 pro
1306 1579 1340 1621 eo
1362 1560 1438 1639 quod
1460 1561 1575 1621 titulum
1591 1574 1703 1624 mutare
1724 1582 1779 1624 non
1797 1565 1925 1626 intende·

1148 1663 1208 1734 bat,
1224 1673 1251 1722 ct
1262 1681 1291 1722 sc
1312 1660 1437 1722 scribere
1453 1661 1618 1723 Auriensis
1636 1681 1692 1722 non
1712 1664 1852 1742 placebat,
1864 1676 1924 1725 tum

1148 1763 1269 1823 latinum
1291 1780 1359 1822 cum
1382 1762 1497 1840 vulgari
1517 1762 1592 1821 illias
1613 1780 1668 1822 non
1690 1764 1882 1824 conveniebat.

1190 1863 1275 1924 Feria
1302 1862 1446 1934 secuada,
1468 1862 1603 1940 vigesima
1627 1865 1707 1939 tertia
1736 1866 1832 1923 naartii
1844 1908 1854 1937 ,
1874 1864 1929 1925 suit

1148 1961 1275 2041 primum
1294 1962 1492 2021 consistorium
1514 1972 1577 2040 post
1594 1963 1813 2042 publicationem
1834 1983 1928 2026 ιιοιο-

1150 2081 1215 2121 rum
1237 2060 1431 2122 Cardinalinm
1462 2061 1717 2139 supradictorum,
1740 2065 1768 2122 in
1790 2081 1849 2141 qno
1870 2064 1927 2123 SS.

1149 2162 1184 2221 l).
1203 2160 1237 2221 N.
1260 2162 1288 2220 in
1309 2160 1449 2241 principio
1468 2162 1625 2221 consistorii
1645 2163 1747 2221 elausit
1774 2182 1825 2222 ora
1847 2164 1928 2221 novis

1149 2261 1361 2333 Cardiualibus,
1382 2262 1410 2319 in
1431 2259 1486 2319 fine
1506 2271 1601 2321 autem
1623 2261 1749 2339 ejusdem
1772 2260 1931 2321 consistorii

1150 2363 1263 2441 aperuit
1282 2380 1335 2421 ora
1355 2360 1459 2422 eisdem
1482 2360 1793 2434 Cardinalibusnoris‚
1808 2372 1835 2421 et
1854 2360 1932 2421 dedit

1151 2464 1191 2523 eis
1208 2463 1337 2533 annulos,
1351 2472 1379 2520 et
1398 2461 1473 2539 ipsis,
1484 2478 1518 2518 ac
1529 2460 1613 2520 etiam
1630 2460 1790 2521 absentibus
1806 2459 1934 2533 duobus,

1127 2614 1129 2619 .
1152 2564 1251 2623 titulos
1269 2571 1336 2632 etc,
1355 2558 1484 2619 videlicet
1498 2558 1570 2619 llas.
1592 2560 1714 2620 Donrino
1735 2561 1932 2620 beneventano

1154 2662 1289 2723 Sanctae
1313 2659 1497 2732 Susurtnue,
1526 2658 1597 2719 Rev.
1626 2659 1661 2719 D.
1689 2660 1825 2720 aleriensi
1848 2661 1933 2720 Sun-

1154 2760 1417 2824 ctorumdncrrnt's
1447 2770 1475 2819 et
1506 2758 1628 2829 Pauli,
1653 2759 1725 2819 Rev.
1748 2759 1922 2819 Moriens

1155 2862 1293 2944 Sanctae
1309 2858 1509 2931 Anastasius,
1526 2857 1563 2917 tt.
1588 2858 1623 2917 l).
1646 2858 1833 2919 Rbodiaaeusi
1850 2859 1933 2919 San·

1156 2962 1201 3023 ctt'
1218 2960 1355 3022 Adriani
1375 2955 1428 3039 (3)

1198 3060 1347 3120 Dominlca
1359 3058 1505 3130 Laetare,
1516 3069 1620 3135 quarta
1636 3057 1937 3137 quadragesimae,ri-

1154 3161 1338 3239 gesimanona
1365 3155 1473 3229 martii,
1493 3157 1529 3216 ll.
1550 3158 1586 3217 D.
1609 3158 1766 3220 cardinalis
1787 3158 1937 3219 Beneven-

1155 3270 1240 3320 tanus
1263 3258 1418 3319 celebrarit
1450 3256 1565 3317 lllissam
1592 3259 1736 3336 publicam
1757 3260 1785 3317 iu
1808 3258 1936 3337 cappella

1157 3357 1267 3436 majora
1285 3358 1396 3417 Palatii.
1415 3356 1494 3436 Papa
1514 3360 1673 3435 reportarit
1692 3377 1787 3419 rosam
1806 3360 1835 3417 in
1850 3376 1937 3417 manu

1158 3461 1285 3531 sinistra,
1307 3458 1423 3518 dextera
1441 3456 1606 3519 benedicens
1627 3459 1772 3536 usquead
1793 3476 1937 3525 cameram

1157 3559 1315 3639 Papngalli,
1336 3558 1386 3616 ubi
1404 3558 1509 3617 dimisit
1530 3569 1705 3636 paramenta,
1726 3570 1756 3620 et
1776 3560 1804 3618 in
1823 3576 1939 3618 camera

1158 3669 1269 3723 secreta
1289 3656 1459 3719 deliberavit
1481 3676 1546 3718 cum
1566 3658 1629 3718 tttt.
1652 3657 1706 3718 DD
1742 3658 1939 3720 Cardinalibus

1158 3780 1244 3840 super
1266 3777 1331 3819 rosa
1352 3756 1455 3830 danda,
1468 3766 1497 3817 et
1513 3757 1640 3818 decrevit
1661 3759 1739 3819 illam
1761 3758 1876 3819 mittere
1894 3758 1938 3819 lll.

1159 3860 1281 3920 Domino
1302 3858 1423 3919 dobanni
1437 3858 1512 3916 Daci
1532 3855 1672 3931 Clarensi3
1692 3868 1796 3936 postea,
1816 3858 1940 3935 peractis

1159 3961 1268 4032 diebus,
1286 3958 1362 4019 dedit
1383 3975 1476 4017 rosam
1498 3957 1541 4015 lll.
1553 3955 1588 4015 t).
1605 3955 1748 4036 Philippo,
1770 3957 1939 4036 Praeposito

1159 4060 1355 4139 Argentinensi
1377 4057 1445 4116 dicti
1463 4056 1552 4116 Ducis
1572 4074 1709 4134 germano
1732 4057 1761 4114 in
1776 4056 1855 4119 Urbe
1875 4057 1939 4117 exi·

1159 4159 1264 4231 stenti‚
1295 4169 1327 4218 ut
1348 4176 1411 4218 eam
1431 4156 1557 4216 mitteret
1581 4155 1663 4215 lratri
1690 4174 1743 4216 suo
1770 4155 1935 4234 praedict03

1160 4262 1209 4338 qui
1229 4260 1265 4318 l).
1287 4258 1440 4337 Philippus
1461 4256 1577 4316 donarit
1606 4255 1789 4316 cubiculariis
1822 4256 1939 4317 secretis

1160 4359 1271 4420 dnobus
1293 4357 1347 4417 SS.
1368 4358 1403 4416 D.
1424 4355 1457 4415 tt.
1485 4368 1622 4426 centurn,
1643 4368 1673 4417 et
1692 4357 1866 4418 Camerariis
1898 4356 1933 4416 ll.

1148 4459 1195 4519 t).
1215 4460 1404 4521 Beneventani
1425 4458 1542 4517 circiter
1557 4474 1637 4518 xxx.
1653 4457 1837 4533 ducatorum,
1849 4467 1938 4537 prout
2031 4469 2034 4474 ⁴

1159 4571 1256 4639 postea
1275 4561 1320 4619 sui
1342 4558 1411 4618 milri
1431 4560 1567 4618 tulerunt.

1199 4661 1285 4720 Feria
1305 4669 1430 4738 quarta,
1448 4670 1549 4719 octava
1576 4659 1692 4738 aprilis,
1719 4657 1773 4717 SS.
1795 4658 1831 4717 l).
1856 4655 1888 4717 N.
1913 4656 1941 4717 iu

1159 4779 1212 4820 suo
1236 4770 1347 4821 secreto
1370 4759 1548 4831 consistorio,
1571 4771 1604 4819 nt
1624 4760 1712 4819 moris
1730 4768 1784 4829 est,
1805 4758 1941 4847 praefecit

1161 4862 1195 4921 ll.
1207 4863 1242 4931 l).
1255 4859 1437 4939 Egerardum
1448 4859 1565 4937 Dnrcap
1577 4858 1939 4928 Decretorumlloctorem,

1161 5048 1212 5098 ben
1228 5047 1341 5110 guarniti
1359 5061 1372 5098 e
1389 5048 1503 5110 giojelati
1521 5048 1632 5105 cavalli,
1650 5047 1680 5095 da
1697 5050 1771 5108 parte
1788 5045 1829 5094 del
1845 5047 1940 5096 Ponte·

1160 5125 1226 5184 llce,
1253 5126 1331 5175 Gema
1349 5124 1492 5187 posseduto
1509 5125 1577 5174 dalla
1595 5124 1712 5173 naturale
1730 5123 1845 5184 alterigia
1871 5126 1942 5170 otto·

1161 5218 1272 5263 maaua,
1295 5204 1372 5266 pleno
1398 5205 1423 5252 di
1444 5204 1544 5254 maesta
1567 5204 1592 5251 in
1614 5205 1681 5251 tutto
1702 5202 1726 5250 lo
1744 5212 1790 5251 sue
1812 5201 1904 5263 parole
1926 5213 1941 5250 s

1162 5285 1239 5342 letti,
1255 5296 1306 5332 nou
1333 5282 1431 5334 mostrd
1458 5282 1483 5332 di
1511 5286 1619 5332 tenerae
1635 5282 1715 5329 molto
1731 5284 1846 5330 conto.»
1874 5286 1942 5332 Vta-

1161 5373 1274 5413 trauca.

1202 5446 1235 5503 ta)
1246 5442 1375 5491 Cardinali
1385 5440 1505 5490 Andreae
1521 5440 1668 5503 D'Espiuay
1685 5439 1785 5488 titolum
1798 5438 1943 5500 assignarit

1160 5521 1184 5568 S.
1201 5520 1317 5569 silvestri
1334 5524 1360 5569 el
1376 5521 1477 5570 lllartini
1494 5519 1520 5567 iu
1537 5518 1680 5568 llontibus.
1696 5517 1812 5576 Facilius
1829 5519 1856 5566 nl
1874 5516 1942 5565 arbi·

1162 5605 1226 5658 tror,
1243 5598 1411 5661 manuscripti
1428 5601 1608 5662 exemplator,
1622 5612 1675 5648 non
1691 5597 1856 5648 burchardus
1873 5599 1942 5647 noti·

1163 5682 1226 5731 tiam
1244 5679 1391 5740 praeteriit.

1673 5775 1701 5823 16
