4492 6859
304 616 364 677 181
787 611 1074 679 constrictius
1095 608 1322 674 ttttioctitlitt
1341 610 1495 676 uertit

300 753 350 830 qui
370 751 500 832 capitalis
517 750 708 814 inimicasset
721 749 787 813 bdei
802 763 929 828 nostrae,
944 764 975 813 et
994 751 1092 832 potius

299 853 517 914 existimandum
533 872 605 927 esse,
616 852 645 912 ld
667 871 718 933 per
740 872 807 915 eum
823 852 886 915 fleri
906 852 1089 925 indecisam,

297 964 326 1015 et
348 952 528 1027 derisionem,
542 970 630 1032 quam
645 953 739 1015 aliter.
760 953 812 1014 ilis
833 954 926 1033 igitur
945 953 1092 1029 omnibus,

297 1065 327 1116 et
343 1053 481 1133 'pluribus
501 1052 566 1113 aliis
581 1062 652 1112 ωηο
674 1051 768 1127 dictis,
788 1053 992 1125 consideratis,
1013 1072 1088 1116 con·

298 1157 412 1216 clusum
431 1154 488 1214 luit
509 1172 562 1234 per
583 1151 657 1213 lter.
676 1153 814 1214 Dominos
835 1154 1004 1216 Cardinales
1025 1173 1090 1215 me·

295 1266 447 1328 moratos,
476 1273 538 1317 rem
560 1254 635 1315 banc
655 1298 663 1327 ,
684 1265 712 1315 ct
739 1256 884 1336 praedicta
911 1268 1029 1317 narrata
1052 1256 1088 1316 ad

297 1356 519 1418 sanctissinum
535 1355 691 1417 Dominum
707 1355 846 1419 Nostrum
869 1376 920 1437 per
942 1356 1086 1420 Cardine·

294 1459 350 1519 lem
384 1458 617 1519 beneventanum
644 1457 748 1519 referri
773 1457 899 1532 debere,
929 1470 961 1521 ut
991 1471 1088 1540 posset

295 1559 373 1637 quad
394 1559 448 1619 sibi
471 1562 563 1639 magis
588 1561 715 1639 placeret
732 1571 873 1633 statuere,
890 1571 920 1622 et
939 1561 1085 1622 ordinare.

293 1660 333 1721 111
346 1662 413 1722 licet
432 1659 526 1736 major
548 1678 616 1740 pars
631 1645 827 1722 cardinalium
842 1660 1087 1742 Presbyterorum

293 1760 322 1821 in
338 1761 506 1823 senteutiam
526 1759 751 1838 tenderet,quod
764 1762 891 1824 Ferrum
906 1762 1087 1842 praedictum

293 1861 382 1942 recipi
414 1861 530 1923 deberet
555 1880 572 1920 a
600 1860 657 1922 88.
694 1861 730 1921 U.
764 1860 871 1924 Nostro
897 1864 935 1923 ab
957 1860 1088 1927 Oratore

294 1961 407 2023 'l'urcbi
427 1961 533 2039 absque
556 1961 735 2024 solemnitate
755 1963 904 2040 aliqua,et
919 1962 1019 2024 deinde
1034 1984 1088 2026 re·

194 2135 199 2142 Ι
293 2063 364 2123 ritas
385 2062 569 2141 perscrutari
591 2078 628 2121 an
650 2060 706 2123 boc
729 2064 773 2123 rel
795 2062 875 2122 aliud
898 2082 934 2124 ex
956 2061 1087 2125 Nucem·

294 2159 462 2241 hergnaut
477 2162 594 2222 Parisiis
610 2179 712 2223 rerum
728 2174 802 2224 esset
816 2163 959 2237 Ferrum3
975 2175 1004 2225 et
1019 2175 1088 2225 tanc

292 2263 316 2322 si
334 2263 390 2323 boc
402 2271 584 2341 compertum
602 2280 663 2322 esse
679 2274 784 2341 posset,
801 2274 872 2323 ωηο
890 2262 919 2322 id
932 2263 1087 2343 publicari,

293 2376 322 2426 et
348 2380 416 2423 cum
448 2362 526 2423 omni
561 2365 766 2442 reparatione,
785 2374 814 2426 et
842 2365 1022 2426 solemnitate
1050 2364 1087 2424 ad

295 2464 425 2543 aliquam
446 2460 596 2524 ecclesiam
618 2464 892 2544 processionaliter,
913 2476 1002 2545 prout
1028 2464 1085 2527 88.

295 2564 419 2627 Domino
435 2560 539 2623 Nostro
555 2564 694 2642 placeret,
705 2562 841 2626 conduci:
857 2575 887 2627 et
901 2583 917 2625 e
931 2583 1087 2640 converso,

295 2666 371 2728 iorte
392 2664 448 2725 hoc
468 2664 564 2726 Ferro
586 2664 671 2726 modo
700 2667 865 2727 solemniter
888 2678 1031 2746 recepto,
1058 2680 1089 2729 et

296 2777 392 2847 postea
414 2776 567 2846 comperto
581 2766 649 2826 alibi
669 2766 741 2826 illud
760 2785 863 2829 rerum
883 2767 997 2830 lerrum
1011 2787 1086 2844 esse,

297 2867 386 2930 Sedes
405 2867 570 2951 Apostolica
586 2866 724 2947 redargui
746 2877 851 2947 posset,
868 2879 919 2929 aut
932 2868 1088 2942 conlundi;

296 2977 393 3029 tamen
415 2966 470 3027 88.
492 2966 527 3026 D.
550 2965 584 3027 il.
608 2969 702 3029 soluit
714 3013 724 3043 ,
744 2978 773 3030 et
792 2968 939 3031 ordinarit
970 2971 1082 3032 serrum

298 3068 357 3130 boc
375 3069 540 3130 solemniter
557 3067 646 3150 recipi
662 3069 776 3143 debere
795 3082 823 3132 et
844 3071 992 3151 deputarit
1014 3090 1088 3150 pro·

294 3181 392 3250 pterea
413 3170 449 3231 n.
466 3170 584 3233 Patrem
599 3171 754 3232 Dominum
774 3171 926 3234 Nicolaum
944 3173 1088 3235 Bocciar·

295 3269 365 3332 drim
382 3270 638 3353 Arcbiepiscopum
653 3272 851 3336 tiernensem
866 3286 895 3335 ei
910 3274 1089 3354 Episcopum

298 3373 529 3453 Fulginatensem
562 3374 707 3453 praelatos
733 3393 801 3436 suos
828 3375 1014 3447 domesticos,
1039 3375 1089 3454 qui

297 3478 443 3534 Anconam
467 3474 559 3545 irent,
578 3483 607 3533 et
629 3473 734 3534 ibidem
748 3472 875 3536 Ferrum
893 3478 988 3555 ipsum
1010 3477 1089 3536 reci·

298 3586 398 3653 pereni
424 3593 458 3634 ex
487 3571 618 3632 manibus
640 3571 775 3635 Oratoris
797 3575 893 3655 lingui
916 3576 1028 3647 Terei,
1057 3587 1087 3637 et

297 3673 362 3734 inde
392 3691 459 3733 cum
486 3675 690 3752 processione,
710 3694 745 3736 en
771 3675 895 3754 singulis
916 3676 1088 3764 civitatibus

297 3783 326 3833 et
344 3773 430 3834 terris
445 3792 496 3853 per
517 3773 593 3832 riam
604 3773 786 3838 existentibus
801 3775 946 3850 iaciendis,
964 3775 1087 3837 Romam

302 3912 448 3926 η-

296 3974 352 4022 tota
369 3971 472 4022 Siciliae
484 3972 569 4022 insula
586 3972 704 4034 ingentes
715 3972 825 4024 bellicos
836 3978 977 4037 apparatus
994 3974 1088 4035 lacios,

299 4050 434 4101 bilonsum
453 4054 541 4101 autem
559 4049 658 4103 Ducem
675 4051 813 4103 Calabriae
840 4067 898 4104 cnm
915 4051 1026 4105 delectis
1042 4066 1089 4103 co·

297 4130 347 4191 piis
363 4130 531 4194 Hydruntum
546 4142 575 4179 se
592 4132 744 4189 contulisse,
756 4136 784 4183 ui
796 4146 853 4183 eam
866 4146 938 4182 oram
950 4133 983 4183 ab
994 4145 1089 4184 escur-

303 4208 423 4258 sionibns
439 4209 558 4259 Tuscicis
575 4213 712 4267 tueretur,
735 4221 765 4259 ac
780 4211 948 4273 Balanetbem
973 4214 1045 4263 vires
1061 4214 1087 4263 1η

300 4288 436 4338 libanites
464 4286 611 4346 elladisse3
636 4288 668 4337 de
696 4301 748 4351 qua
775 4289 943 4352 expeditione
970 4293 1087 4342 meminit

296 4366 495 4429 Turcograecae
523 4367 648 4417 historiae
676 4370 767 4418 auctor
783 4367 920 4432 (Turcopr.
938 4369 1028 4420 11111.
1046 4373 1086 4432 1.).

295 4444 385 4494 Attrili
402 4443 439 4492 illi
463 4444 568 4493 demum
584 4443 670 4504 luere,
687 4458 745 4495 cum
764 4444 838 4496 initio
855 4447 993 4498 Turcicum
1011 4452 1087 4513 equi·

296 4524 380 4571 istum
393 4520 580 4580 concidissent,
597 4535 662 4573 reno
678 4523 791 4587 illonfln.
808 4525 859 4575 dec.
876 4528 898 4577 5.
912 4525 928 4576 1.
946 4527 980 4589 t.)
996 4528 1084 4591 jugum

297 4599 466 4651 barbaricum
491 4605 618 4652 excutere
646 4607 846 4666 pertentarent,
873 4612 1085 4671 conceptarum

297 4676 457 4729 decernendi
485 4680 512 4729 in
528 4680 629 4731 'lances
656 4694 671 4731 a
694 4682 850 4735 Christianis
878 4686 1086 4738 occidentalibus

299 4756 361 4808 belli
379 4770 426 4821 spa
444 4758 537 4810 delusi.
553 4759 584 4810 ist
595 4761 701 4822 quidem
717 4762 833 4814 venetiis
844 4771 989 4829 apparatus
1006 4768 1085 4832 aliqui

295 4834 352 4887 fleri
369 4842 524 4901 coeperant,
540 4841 583 4902 qui
595 4840 762 4897 Bajazetlnem
774 4856 825 4894 non
836 4844 888 4895 levi
900 4850 971 4896 metu
987 4859 1087 4911 percu·

297 4917 401 4977 leruni;
418 4930 450 4968 eo
470 4918 538 4968 enim
556 4918 713 4970 Francorum
733 4922 827 4985 liegem
845 4922 984 4975 duodecim
1003 4939 1085 4976 nares

295 4997 377 5048 rebus
393 4997 515 5048 omnibus
542 5001 702 5051 necessariis
719 5006 827 5052 ornatas
854 5005 958 5055 misisse
976 5017 1009 5056 ex
1025 5005 1086 5056 Via-

295 5076 369 5127 lardo
384 5076 505 5138 (Vlolord
524 5078 551 5126 in
566 5077 612 5127 Vit.
630 5078 685 5128 lna.
701 5078 769 5142 Viti.)
784 5081 916 5142 diximus,
932 5084 1029 5148 qnippe
1040 5098 1085 5135 sa·

298 5167 371 5204 crum
388 5155 482 5206 ’iuncis
508 5155 605 5208 bellum
628 5159 743 5209 indicere
768 5173 897 5224 generoso
915 5162 1010 5213 ardore
1027 5176 1084 5215 me-

297 5231 449 5296 ditabatur,
466 5247 496 5284 ac
512 5240 655 5299 propterea
667 5250 726 5288 cum
744 5239 879 5309 equitibus
891 5240 998 5291 llbodiis
1015 5243 1085 5292 mili·

295 5313 361 5361 toria
380 5316 492 5375 agitasse
509 5316 636 5375 consilia,
651 5329 680 5367 ac
696 5315 800 5369 Petrum
812 5318 1006 5371 Aubussonlum
1017 5320 1083 5372 Car·

298 5387 428 5450 dinalem,
446 5404 476 5442 ac
501 5405 651 5455 supremum
680 5397 782 5447 illorum
810 5399 963 5463 Magistrum
989 5413 1082 5465 magna

294 5467 438 5520 oillciorum
456 5472 646 5535 significatione
655 5476 781 5539 pellicere
800 5478 825 5527 in
838 5479 936 5531 Gallias
956 5486 1077 5533 conatum

293 5552 321 5599 ut
338 5547 433 5600 bellica
450 5556 542 5601 contra
553 5552 722 5616 Balazetlrcm
740 5558 869 5622 colloquia
886 5572 946 5610 cum
961 5572 993 5610 co
1009 5559 1082 5610 laec·

294 5631 353 5687 ret,
369 5634 457 5679 narrat
473 5629 588 5680 lacobus
604 5632 714 5685 Rosiuss
728 5635 837 5697 (bosius
851 5650 877 5700 p.
893 5641 916 5688 2-
935 5638 950 5688 1.
968 5639 1017 5701 11.)
1033 5640 1079 5691 sed

296 5709 382 5759 omnia
399 5721 430 5760 ea
443 5710 551 5761 consilia
569 5714 705 5773 praeclara
722 5729 884 5770 consenuere
904 5740 923 5763 ι.

1844 616 1958 699 (tiss)

1158 747 1372 821 conducerent3
1404 748 1441 808 ad
1471 747 1549 827 quod
1576 749 1756 812 commodius
1784 751 1951 814 laciendum

1158 848 1257 910 datum
1277 849 1332 909 luit
1352 850 1392 911 eis
1412 848 1559 927 quoddam
1581 850 1808 913 tubernaculum
1828 853 1953 914 cristal-

1158 951 1249 1011 linum
1269 970 1305 1012 ex
1326 948 1470 1012 Sacristia
1490 950 1596 1030 Papae,
1617 963 1646 1013 et
1666 970 1759 1031 equits
1775 972 1847 1014 cum
1869 974 1954 1035 capsa

1157 1060 1293 1130 cooperta
1320 1062 1350 1111 et
1373 1051 1438 1112 aliis
1466 1053 1640 1112 ornamentis
1658 1054 1687 1113 1η
1709 1054 1819 1133 quibus
1840 1054 1953 1116 Sacra·

1160 1161 1302 1224 mentum,
1323 1151 1401 1233 Papa
1425 1151 1629 1231 pontificaliter
1652 1155 1826 1233 equitante,
1850 1156 1959 1220 deferri

1157 1254 1252 1325 solet,
1276 1264 1305 1315 et
1333 1254 1462 1313 lanterna
1496 1272 1551 1333 pro
1583 1255 1691 1316 lumine
1713 1257 1858 1318 continuo
1891 1271 1958 1320 anie

1161 1353 1253 1433 ipsum
1282 1352 1434 1433 portando.
1468 1353 1661 1438 Recesserunt
1684 1351 1779 1437 igitur
1812 1375 1850 1418 ex
1881 1357 1959 1421 Urbe

1155 1456 1193 1516 ob
1208 1473 1323 1515 causam
1346 1453 1524 1535 praedictam
1539 1455 1679 1519 Dominus
1693 1457 1956 1539 drcbiepiscopus,

1156 1566 1185 1616 et
1215 1556 1366 1635 episcopus
1389 1555 1526 1635 praedicti
1544 1558 1690 1618 Anconam
1706 1559 1778 1618 ituri
1799 1559 1847 1620 die
1873 1561 1956 1622 lunae

1156 1656 1278 1737 septima
1300 1657 1405 1717 mensis
1426 1656 1490 1716 maii
1513 1658 1664 1736 praedicti,
1684 1671 1714 1721 et
1732 1677 1802 1720 cum
1822 1662 1868 1721 eis
1891 1661 1951 1723 [lo-

1157 1755 1253 1817 minus
1284 1755 1413 1816 rlldellus
1443 1755 1478 1816 de
1511 1755 1757 1820 Piccolominibos
1785 1759 1951 1824 canonicus

1157 1854 1302 1930 Senensis,
1323 1856 1507 1918 decretorum
1530 1855 1664 1933 Ductor,
1685 1860 1715 1919 ln
1737 1861 1836 1923 officio
1860 1865 1953 1925 caeri-

1156 1961 1320 2019 moniarum
1338 1959 1449 2036 collega
1468 1976 1571 2033 meus,
1593 1961 1791 2038 processiones
1819 1962 1850 2023 in
1882 1965 1951 2026 locis

1156 2057 1395 2119 convenientibus
1410 2057 1614 2133 ordinaturus,
1629 2080 1664 2120 ae
1685 2062 1890 2124 mernnontns
1906 2065 1954 2127 de·

1157 2159 1231 2220 bites
1253 2160 1333 2219 circa
1352 2159 1508 2239 praemissa
1528 2161 1623 2220 omnia
1643 2159 1788 2223 dicturus.

1198 2260 1282 2321 Ferie
1302 2270 1391 2332 sexta,
1403 2260 1553 2321 undecima
1571 2260 1639 2323 dicti
1658 2264 1763 2325 mensis
1775 2266 1860 2339 maii,
1875 2263 1945 2328 ller.

1150 2360 1297 2421 Donrlnns
1318 2358 1440 2419 ioannes
1461 2359 1621 2421 Cardinalis
1642 2361 1676 2423 de
1696 2362 1818 2425 Medicis
1847 2368 1877 2424 1η
1903 2385 1948 2428 se·
1988 2355 1993 2368 ⁴

1157 2472 1239 2521 creto
1260 2459 1432 2521 consistorio
1455 2470 1571 2521 creatus
1590 2472 1632 2523 est
1646 2460 1777 2543 Legatos
1788 2463 1826 2524 de
1847 2462 1950 2529 batere

1158 2559 1290 2635 Tusciae,
1312 2572 1340 2622 et
1359 2560 1525 2621 Florentiae
1532 2582 1543 2635 3
1557 2572 1587 2623 et
1607 2562 1779 2625 consistoria
1798 2561 1949 2647 linitopu-

1159 2663 1294 2734 blieatus,
1304 2673 1332 2723 et
1343 2662 1380 2721 ab
1391 2661 1525 2723 omnibns
1541 2662 1743 2725 cardinalibus
1760 2684 1858 2745 usque
1872 2680 1951 2729 extra

1159 2773 1276 2845 portam
1289 2763 1425 2825 viridarii
1444 2766 1599 2825 associatus
1613 2784 1694 2827 more
1705 2767 1804 2841 solito,
1819 2768 1873 2846 qui
1890 2769 1953 2829 lecit

1160 2863 1313 2946 prandium
1340 2864 1369 2925 in
1397 2865 1479 2925 rinea
1500 2864 1536 2925 11.
1569 2865 1610 2926 t).
1640 2867 1778 2929 Falconis
1808 2868 1953 2930 Sinibaidi

1159 2964 1373 3047 prothonotarii
1389 2965 1540 3045 apostolici
1550 2976 1579 3027 et
1596 2966 1782 3029 Tbesaurarii
1796 2971 1953 3049 generalis,

1158 3065 1258 3129 deinde
1282 3066 1399 3127 recessit
1419 3069 1517 3128 eadem
1540 3066 1606 3141 die,
1627 3068 1683 3129 iter
1703 3088 1808 3131 sersus
1827 3071 1951 3133 Floren-

1158 3166 1228 3229 tiam
1248 3166 1414 3246 arripiens.-

1198 3267 1250 3327 llls
1272 3267 1383 3342 diebus,
1397 3267 1542 3331 intellecto
1561 3287 1613 3348 per
1633 3267 1688 3329 88.
1711 3268 1873 3332 Dominum
1892 3270 1954 3334 ito-

1157 3379 1251 3429 strnm
1270 3367 1614 3430 adrentulllns.1)omini
1635 3369 1812 3432 Ferdinandl
1828 3372 1953 3435 debra-

1158 3470 1241 3548 g‘onia
1260 3468 1402 3548 Principis
1416 3469 1558 3549 Capuani,
1570 3471 1659 3531 Ducis
1673 3471 1828 3534 Calabriae
1842 3472 1908 3549 niti,
1920 3495 1954 3538 en

1157 3567 1275 3649 Neapoli
1297 3568 1332 3628 ad
1355 3569 1486 3644 Urbem,
1515 3570 1662 3651 deputarit
1690 3572 1725 3631 1).
1754 3572 1948 3635 Franciscum

1156 3668 1229 3731 Cibo
1250 3667 1342 3729 filium
1368 3689 1454 3731 suum
1471 3716 1480 3745 ,
1500 3684 1529 3734 et
1550 3672 1622 3733 lter.
1648 3672 1684 3733 1).
1715 3672 1949 3750 Cortonenscm,

1156 3779 1184 3830 et
1197 3769 1401 3829 Falconensem
1413 3770 1671 3833 Protbonotarium
1694 3778 1860 3854 praelatum
1871 3797 1949 3859 apo·

1156 3870 1305 3939 scoticum,
1329 3872 1471 3951 praelatos
1487 3871 1589 3933 Palatii
1600 3895 1610 3947 3
1635 3886 1663 3935 et
1684 3877 1724 3936 eis
1746 3880 1898 3941 commisit
1920 3895 1952 3944 ut

1156 3972 1193 4032 ad
1213 3969 1337 4033 condires
1358 3984 1506 4034 terrarum
1524 3973 1670 4037 Ecclesiae
1690 3976 1841 4042 Romanae
1859 4001 1948 4061 prae·

1156 4072 1235 4135 dicto
1263 4073 1392 4154 Principi
1419 4073 1534 4155 Capuae
1555 4076 1670 4138 ebriam
1692 4079 1790 4153 irent,
1819 4100 1948 4161 eumque

1156 4175 1304 4237 Pontificis
1319 4175 1432 4238 nomine
1450 4179 1621 4256 reciperent.
1638 4179 1832 4243 Recesserunt
1852 4183 1946 4263 igitur

1156 4296 1190 4339 ex
1211 4278 1292 4341 Urbe
1314 4279 1434 4357 praelati
1451 4278 1588 4358 praedicti
1611 4281 1654 4342 die
1672 4278 1749 4358 juris
1764 4299 1848 4346 xvtt.
1865 4282 1948 4363 ejus·

1157 4378 1220 4439 dem
1245 4378 1347 4439 mensis
1368 4398 1402 4440 ex
1423 4398 1509 4440 causa
1532 4382 1685 4461 praedicta.

1198 4482 1284 4542 Feria
1306 4480 1447 4554 secunda,
1466 4499 1538 4544 xxi.
1557 4482 1625 4543 dicti
1648 4483 1751 4544 mensis
1772 4486 1866 4560 maii,
1893 4485 1953 4548 88.

1156 4582 1296 4643 boninus
1310 4580 1413 4645 Noster
1429 4584 1457 4641 in
1473 4601 1588 4644 camera
1603 4603 1654 4645 sua
1670 4596 1779 4646 secreta
1800 4589 1951 4649 commisit
1976 4661 1985 4682 ο

1160 4683 1224 4743 nn.
1245 4684 1307 4744 nt).
1329 4683 1532 4746 Cardinalibus
1554 4685 1652 4747 Sancti
1671 4686 1753 4748 Petri
1777 4688 1816 4747 ad
1835 4688 1950 4750 Vincu-

1156 4786 1205 4861 la,
1226 4795 1254 4847 et
1275 4784 1487 4864 Fortugalensi,
1509 4796 1543 4845 nt
1562 4785 1701 4865 reliquiae
1723 4787 1795 4849 lerri
1814 4786 1951 4853 bancam

1154 4886 1267 4948 Domini
1287 4887 1428 4965 usquead
1448 4887 1602 4949 Civitatem
1625 4886 1814 4952 Narniensem
1826 4890 1945 4951 obviam

1154 4993 1239 5066 irent,
1260 5003 1289 5053 et
1309 4993 1498 5054 obelierium
1520 4994 1699 5072 praedictum
1715 5040 1723 5067 ,
1742 4996 1803 5057 sire
1825 5014 1946 5057 cauum

1154 5111 1203 5153 eos
1224 5088 1349 5173 Legatos
1364 5094 1398 5156 de
1413 5093 1518 5156 batere
1537 5096 1694 5171 constituit,
1711 5108 1739 5158 et
1757 5099 1885 5172 crearit3
1899 5100 1949 5177 qui

1153 5191 1226 5254 ller.
1249 5192 1388 5267 Domini,
1408 5206 1442 5255 ut
1461 5193 1636 5257 obedientiae
1659 5194 1734 5270 niti,
1762 5196 1802 5258 ob
1829 5217 1946 5259 causam

1152 5292 1318 5372 hujusmodi
1339 5316 1373 5356 ex
1403 5295 1483 5358 Urbe
1512 5297 1556 5359 die
1580 5295 1657 5373 juris
1686 5316 1778 5361 xxii.
1813 5297 1946 5377 ejusdem

1153 5398 1258 5460 mensis
1280 5406 1472 5459 recesserunt.

1194 5497 1340 5571 Sabbata,
1363 5498 1577 5577 vigesimasexta
1599 5500 1680 5572 ninii,
1703 5500 1777 5562 bora
1802 5502 1942 5582 vigesima

1150 5600 1244 5678 prima
1267 5599 1310 5658 rel
1333 5598 1424 5670 cirea,
1445 5618 1496 5681 per
1515 5613 1629 5679 portam
1652 5601 1791 5663 viridarii
1811 5604 1942 5666 intrare·

1149 5709 1220 5760 rum
1234 5696 1379 5777 lingntii
1394 5699 1509 5762 Domini
1529 5700 1664 5764 Nicolnus
1685 5703 1811 5767 Michael
1828 5715 1856 5766 et
1879 5710 1939 5766 An·
