4492 6859
293 598 402 684 (tros)

296 736 370 799 iecit
401 732 518 796 tusam
553 732 582 792 in
615 749 708 794 cornu
728 730 884 812 Epistulae.
918 730 997 791 ldem
1017 729 1087 791 iecit

300 835 462 897 Cardiualis
497 833 525 893 in
557 831 649 912 capite
685 850 778 892 cornu
799 830 961 910 Evangelii.
994 829 1086 891 Finita

296 933 396 1008 Missa,
417 933 578 1014 episcopus,
591 940 709 1011 accepta
723 932 820 1003 mitre,
835 929 977 991 benedixit
991 947 1087 1008 popu·

299 1036 363 1096 lum
385 1051 467 1095 more
487 1033 573 1093 solito
602 1031 711 1092 dicens:
735 1030 788 1090 Sit
817 1048 926 1091 nomen
955 1028 1088 1091 Domini

298 1137 505 1213 benedictum.
528 1134 605 1195 Tum
626 1132 729 1204 ambo,
750 1133 844 1198 altare
865 1132 1018 1210 signantes,
1040 1128 1087 1188 di·

298 1246 405 1297 xerunt
425 1234 580 1296 Dominus
603 1234 781 1304 uobiscum3
808 1231 944 1291 britium
974 1227 1088 1289 Sancti

297 1335 470 1417 Evangelii
491 1334 659 1395 secundum
680 1331 864 1392 Jolranncm.
892 1329 932 1389 in
959 1327 1089 1407 princi·

293 1435 355 1514 pio
376 1445 431 1496 ete.
455 1431 617 1513 Episcopus
639 1430 770 1511 deposuit
791 1439 958 1509 paramenta
983 1426 1086 1488 suain

297 1520 481 1604 faldistorio,
505 1543 534 1593 et
565 1532 726 1592 cardinalis
753 1532 783 1590 in
811 1529 952 1602 scabell03
973 1528 1087 1608 episeo-

297 1652 353 1714 pus
374 1632 474 1694 deinde
497 1632 575 1693 venit
606 1631 642 1691 ad
663 1630 847 1692 cardinalem
869 1628 906 1689 ad
926 1628 1086 1689 scabellum

297 1752 384 1795 suum
399 1732 504 1793 dicens:
518 1732 580 1794 tibi
590 1732 750 1812 proficiat.
757 1729 918 1792 cardinalis
932 1741 1086 1807 antequam

300 1844 470 1912 paramenta
498 1834 658 1912 reciperet,
678 1832 897 1905 lavit‘manus‚
916 1841 945 1889 et
977 1848 1086 1891 conve·

297 1932 408 1995 nienter
430 1933 517 1993 Missa
540 1933 616 1992 dictu
646 1941 711 2005 est,
733 1932 768 1992 de
789 1931 899 1992 Sancto
920 1930 1084 2009 Gregorius

247 2106 249 2109 y
297 2032 460 2095 cardinalis
479 2033 581 2093 babuit
602 2032 675 2092 duos
691 2032 873 2112 cappellanus
898 2031 1012 2092 indutos
1032 2050 1085 2091 su·

301 2134 475 2215 perpeliiciis
496 2145 524 2196 et
545 2132 664 2194 totidem
685 2135 843 2213 episcopus.

340 2234 418 2295 llota
440 2234 517 2312 quad
550 2235 573 2293 si
605 2233 684 2314 Papa
718 2232 878 2294 ordinasset
905 2232 983 2293 hune
1015 2250 1085 2311 pre·

296 2332 464 2414 sbyterum,
482 2336 592 2395 dictum
607 2336 709 2395 suisset
728 2353 779 2413 per
795 2334 928 2394 Priorem
939 2332 1086 2394 Diacono-

297 2451 367 2493 rum
386 2434 586 2494 cardinalium
606 2433 758 2494 Pontifici:
772 2432 869 2494 Pater
881 2431 1008 2506 Sancte,
1025 2450 1086 2511 po·

298 2534 401 2594 straiat
417 2532 537 2594 Sancta
552 2533 653 2595 diates
667 2532 817 2594 Ecclesia
839 2541 895 2593 etc.
918 2549 986 2591 eum
1013 2530 1087 2590 reli·

298 2633 382 2711 quis,
400 2644 429 2693 et
441 2650 494 2712 per
513 2630 682 2693 Pontificem
697 2631 776 2692 dieta
790 2630 987 2704 annunciatio,
1005 2648 1087 2710 quo·

300 2732 386 2793 niam
402 2731 605 2793 dilectissimi
620 2735 741 2813 [ratres
762 2740 818 2792 etc.
840 2742 868 2792 et
882 2729 1045 2802 instructio,
1059 2741 1089 2791 et

300 2832 455 2893 admonitio
468 2830 504 2891 ad
518 2831 710 2893 ordinandum
732 2832 760 2891 in
776 2830 936 2909 singulari,
957 2828 1088 2889 videlicet

301 2934 512 2995 consecranda
536 2932 585 3012 fili
603 2932 767 2992 carissime
792 2931 827 2991 in
851 2931 1088 3010 presbyteratus

300 3033 439 3115 ospicium
453 3043 508 3093 etc.
523 3042 552 3092 et
570 3030 627 3090 alia
642 3029 748 3104 amnia,
763 3041 851 3109 prout
867 3030 896 3088 in
912 3025 1086 3088 Pontificali:

300 3134 386 3193 etiam
406 3131 570 3213 promittis
589 3132 681 3192 stabis
698 3141 752 3192 etc.
769 3141 799 3191 et
818 3130 976 3211 quiores,
994 3147 1087 3209 quam

301 3243 500 3295 tractaturus
520 3252 568 3305 es,
588 3242 644 3293 etc.
670 3249 744 3309 quae
762 3230 799 3289 ab
818 3231 955 3292 inferiore
974 3248 991 3289 a
1009 3227 1087 3308 Papa

300 3332 329 3392 in
350 3332 531 3394 ordinatiane
558 3331 763 3410 cardinalium¹
776 3332 996 3404 obmittuntur,
1019 3332 1087 3407 quia

299 3432 467 3496 Cardinales
488 3445 636 3510 tamquam
663 3450 679 3491 a
700 3432 778 3512 Papa
800 3431 954 3505 admoniti,
983 3442 1012 3492 et
1032 3450 1087 3511 ap·

300 3536 425 3615 probati,
437 3556 489 3616 per
504 3536 670 3596 inferiorem
686 3536 791 3594 instrui
807 3553 863 3596 non
882 3533 993 3595 debent.
1007 3533 1087 3594 ldem

301 3635 513 3697 observandum
533 3646 577 3697 est
598 3637 626 3695 iu
646 3635 778 3695 omnium
799 3635 925 3695 aliorum
947 3633 1085 3694 ordinum

300 3739 479 3812 collatione,
499 3738 550 3816 qui
582 3735 785 3799 cardinalibus
804 3754 857 3814 per
890 3735 1013 3814 Papam,
1042 3734 1085 3796 vel

302 3838 486 3913 inferiorem,
501 3839 535 3900 de
550 3836 613 3914 ejus
632 3848 727 3899 tamen
746 3838 859 3899 licentia
874 3837 1001 3915 speciali,
1014 3854 1087 3896 con·

305 3940 453 4001 seruntur.
473 3938 631 4000 Videbatur
653 3938 723 3997 mibi
737 3946 802 3998 aute
818 3934 1027 3996 inchoationem
1040 3934 1088 3995 oi-

306 4037 364 4099 ficii
388 4038 536 4113 bodierui,
557 4038 689 4099 videlicet
710 4047 863 4114 antequam
882 4035 1031 4114 episeopus
1050 4036 1088 4094 ad

302 4139 508 4201 consessionem
526 4149 694 4217 assurgeret
708 4149 774 4199 aute
789 4141 893 4219 ipsum,
903 4147 933 4199 et
947 4137 1089 4200 cardius·

301 4242 370 4313 lem,
382 4240 510 4304 debuisse
525 4241 621 4303 dicere
638 4241 727 4303 verba
740 4244 769 4302 in
785 4237 953 4317 hujusmodi
973 4249 1088 4300 senteu-

300 4342 369 4402 tiam
378 4368 394 4399 ι
403 4344 442 4405 R.
452 4343 489 4404 P.
496 4345 689 4407 commissum
702 4343 950 4406 estPaternitoti
957 4340 1088 4403 Vestrae

295 4462 357 4523 per
373 4444 434 4504 SS.
447 4445 486 4506 D.
499 4444 538 4506 Ν.
551 4446 638 4526 quod
654 4446 736 4506 bunc
748 4454 941 4525 praesentem
956 4443 1032 4505 Rea.
1046 4440 1085 4502 D.

302 4542 507 4607 Cardinalem
539 4546 574 4606 in
599 4545 798 4607 Diaconotus
823 4546 935 4606 ordine
966 4543 1088 4604 consti·

302 4656 419 4720 tutum,
435 4648 479 4707 ad
490 4649 723 4728 presbyteratus
745 4646 885 4708 ordinem
900 4662 1087 4726 promovea-

302 4747 346 4810 lis
356 4751 448 4831 justa
471 4747 567 4809 ritum
590 4746 727 4808 Sanctae
745 4746 904 4808 Romanae
921 4744 1086 4807 Ecclesiae

301 4848 337 4909 in
356 4849 476 4910 talibus
494 4849 622 4912 solitum
645 4848 819 4909 obseruari.
841 4846 966 4908 Poterit
985 4845 1087 4928 igitur

302 4947 487 5010 Paternitas
508 4947 620 5010 Vestra
643 4948 785 5029 osticium
806 4948 870 5009 sibi
892 4948 1086 5008 commissum

303 5052 430 5131 assequi
449 5051 482 5109 in
498 5048 622 5109 nourine
633 5047 774 5110 Domini.
786 5046 843 5109 Sed
857 5044 1086 5127 postemjudicio

300 5155 417 5216 Domini
434 5153 491 5214 mei
504 5153 629 5233 episcopi
644 5153 832 5216 Plentinensis
851 5172 938 5233 super
954 5153 1010 5213 ltue
1030 5151 1087 5210 ha-

301 5258 391 5332 bito,
421 5259 515 5318 visum
536 5255 591 5315 suit
609 5256 801 5317 Dominationi
823 5255 900 5317 Suae
921 5252 1088 5330 hujusmodi

302 5362 393 5424 verba
414 5380 470 5421 nan
493 5359 671 5433 convenire,
692 5359 739 5421 sed
754 5361 879 5420 officium
895 5357 1087 5419 inchoandum

302 5484 376 5535 esse,
393 5473 423 5525 et
445 5459 694 5542 persequendum,
711 5472 800 5541 prout
816 5461 948 5543 superius
968 5478 1020 5540 per
1042 5477 1088 5521 ute

299 5566 399 5628 iuerat
419 5564 615 5626 observatum.

346 5666 494 5730 Duminica
517 5675 622 5744 quarta
649 5662 909 5744 Quadragasimae,
930 5678 1004 5740 quae
1018 5660 1086 5722 lae·

763 591 1049 658 PONTlFchTUS
1071 586 1295 654 tnnxlnnnt
1314 586 1441 650 suxit.

1873 592 1934 653 ill

1156 738 1225 788 tare
1245 725 1363 799 dicitur,
1383 741 1466 787 xvtt.
1489 725 1596 799 martii,
1615 724 1671 787 SS.
1687 721 1723 787 D.
1740 724 1774 787 ll.
1793 745 1861 788 eum
1882 746 1936 806 pa·

1155 836 1284 886 ramenta
1305 826 1386 887 solita
1405 824 1556 906 reciperet,
1566 826 1681 888 vocavit
1694 845 1740 888 me
1753 826 1790 887 ad
1809 829 1936 890 seetin·

1155 928 1331 1013 terrogavit,
1352 945 1388 986 nn
1411 944 1445 988 ne
1467 936 1640 988 consuetum
1662 938 1756 1001 esset,
1776 939 1805 989 et
1825 946 1936 991 eonve-

1155 1027 1231 1088 niens
1247 1026 1315 1087 dare
1331 1045 1426 1088 rosam
1440 1028 1612 1108 imperatori
1626 1028 1764 1090 Raurana.
1786 1028 1931 1109 Respondi

1155 1125 1306 1187 sanctitati
1337 1126 1416 1188 Suae
1445 1142 1613 1190 consuetum
1634 1149 1713 1204 esse,
1731 1142 1759 1192 et
1780 1132 1809 1191 in
1840 1131 1934 1212 prima

1154 1228 1304 1289 donatione
1324 1229 1630 1291 convenientissimum.
1651 1228 1789 1311 Adiunxit
1808 1232 1882 1293 Rev.
1896 1233 1933 1293 D.

1154 1327 1314 1390 cardinalis
1332 1329 1477 1404 Senensis,
1491 1330 1580 1391 ielieis
1599 1330 1823 1394 reminiscentiae
1844 1332 1935 1394 Nico·

1154 1430 1232 1490 laum
1247 1428 1386 1500 Quintum
1401 1430 1598 1494 lllustrissimo
1618 1442 1647 1495 et
1659 1434 1849 1495 lnvietissimo
1866 1434 1939 1495 Fri·

1154 1529 1252 1592 derieo
1270 1531 1468 1594 Romanorum
1487 1533 1659 1613 Imperatori
1684 1534 1823 1595 moderna
1849 1534 1936 1596 etiam

1154 1649 1249 1691 rosam
1260 1632 1387 1693 donasse.
1402 1632 1526 1694 Paratus
1545 1631 1647 1695 deiude
1664 1633 1700 1695 de
1713 1631 1778 1709 ejus
1792 1634 1937 1709 mandato,

1153 1751 1282 1795 ornnese
1310 1752 1425 1796 camera
1451 1734 1530 1795 exire
1546 1730 1634 1809 jussi,
1652 1735 1718 1795 solis
1736 1733 1938 1797 cardinalibus

1153 1850 1221 1892 cum
1243 1833 1402 1895 Sanctitate
1415 1833 1477 1894 Sua
1492 1833 1719 1908 remanentibus,
1741 1853 1810 1896 cum
1829 1835 1937 1914 quibus

1153 1934 1306 1995 consilium
1324 1934 1423 1995 habuit
1437 1953 1525 2015 super
1542 1953 1625 1997 rasae
1643 1935 1808 2010 donatione,
1827 1954 1940 2016 propo·

1152 2052 1220 2096 nens
1234 2035 1321 2094 animi
1336 2035 1381 2095 sui
1398 2036 1608 2115 dispositionem
1622 2054 1693 2116 erga
1714 2036 1938 2098 Serenissimum
1959 2024 1967 2044 ⁴

1151 2134 1360 2215 Imperatorem
1381 2135 1583 2214 praedictum,
1603 2136 1638 2198 de
1659 2154 1787 2216 quorum
1816 2136 1938 2199 consilio

1153 2235 1298 2309 decrevit,
1327 2253 1423 2296 rosam
1456 2236 1546 2316 ipsam
1565 2234 1657 2297 eidem
1677 2237 1851 2318 Imperatori
1880 2236 1936 2298 do·

1153 2354 1222 2397 aare
1242 2348 1271 2398 et
1300 2338 1432 2410 mittere,
1454 2354 1519 2397 rosa
1545 2337 1605 2415 ipsa
1636 2337 1718 2416 prius
1750 2355 1831 2398 more
1851 2335 1940 2398 solita

1151 2435 1298 2497 benedicta
1310 2458 1321 2509 3
1354 2454 1440 2514 quam
1462 2453 1531 2495 cum
1557 2435 1748 2509 benediceret,
1777 2435 1813 2497 D.
1836 2435 1940 2498 Sinal-

1153 2535 1227 2616 pbus
1242 2535 1380 2597 camerae
1400 2534 1582 2614 Apostolieae
1596 2537 1734 2610 clericus,
1755 2535 1837 2598 Sedis
1854 2536 1937 2616 Apo·

1152 2636 1271 2697 stolicae
1292 2633 1526 2715 protonotarius,
1547 2647 1576 2695 et
1597 2635 1727 2696 habitum
1750 2637 1941 2717 protonotarii

1153 2736 1295 2809 deserens,
1314 2753 1414 2795 eoram
1442 2753 1477 2795 eo
1495 2735 1683 2814 genuflexus,
1700 2736 1822 2797 tenebat.
1847 2736 1941 2798 Prae·

1153 2838 1246 2898 missis
1266 2836 1405 2917 peractis,
1427 2834 1573 2896 Sanctitas
1594 2835 1656 2896 Sua
1677 2853 1773 2897 rosam
1801 2836 1831 2896 in
1852 2854 1940 2896 manu

1153 2939 1268 3001 sinistra
1287 2949 1421 3018 portans,
1439 2947 1468 2998 et
1484 2935 1599 2996 dextera
1616 2937 1756 3016 papulum
1772 2935 1941 2998 benedicens

1154 3059 1236 3101 more
1257 3048 1406 3111 castaneto,
1427 3035 1503 3098 venit
1518 3035 1554 3095 ad
1568 3037 1726 3116 cappellam
1742 3033 1884 3112 majorem
1905 3036 1940 3099 de

1138 3141 1263 3202 ⁴stantiis
1286 3138 1386 3209 novis,
1401 3147 1429 3198 et
1444 3137 1547 3197 Missae
1562 3135 1681 3198 solemni
1697 3137 1838 3208 interfuit,
1853 3156 1941 3216 quatu

1155 3240 1230 3302 Rev.
1253 3238 1289 3298 D.
1311 3235 1474 3298 Cardinalis
1494 3235 1594 3295 Sancti
1615 3235 1769 3296 clementis
1787 3235 1944 3297 celebravit

1154 3340 1296 3402 consuetis
1310 3337 1498 3398 caerimoniis.
1506 3334 1676 3396 Sermonem
1687 3336 1754 3397 iecit
1766 3347 1942 3415 procurator

1154 3440 1272 3502 Ordinis
1288 3438 1413 3498 Sanctae
1432 3436 1540 3498 llariae
1555 3434 1590 3496 de
1608 3436 1705 3508 llante
1729 3435 1873 3498 carmelo.
1888 3438 1941 3500 Fi-

1153 3541 1210 3601 nita
1222 3541 1319 3612 lllissa,
1333 3538 1413 3618 Papa
1431 3536 1594 3617 reportavit
1614 3556 1710 3598 rosam
1724 3537 1760 3598 ad
1781 3556 1940 3613 canteram,

1153 3653 1181 3703 et
1202 3642 1258 3702 alia
1277 3658 1359 3702 more
1379 3647 1518 3700 consueto
1536 3648 1605 3698 aunt
1626 3637 1790 3699 observata.

1194 3742 1280 3804 Feria
1311 3739 1448 3812 secunda,
1470 3738 1669 3799 strumensis
1689 3739 1799 3812 martii,
1830 3739 1938 3800 festum

1152 3837 1390 3902 Andunciatianis
1403 3839 1507 3899 Beatae
1517 3836 1625 3897 Mariae
1635 3838 1776 3916 Virginis,
1788 3837 1842 3899 SS.
1854 3837 1890 3899 D.
1903 3838 1938 3901 N.

1152 3941 1389 4021 paratusamictu
1402 3947 1456 3998 ete.
1477 3935 1713 4017 praecedentibus
1734 3939 1827 4017 ipsum
1846 3957 1937 4001 cruce

1153 4051 1182 4102 et
1203 4038 1414 4110 Cardinelibus,
1434 4055 1550 4104 ascenso
1575 4054 1652 4114 equo
1673 4056 1726 4117 per
1760 4038 1837 4099 viam
1854 4036 1940 4116 juxta

1153 4140 1301 4203 ecelesiam
1324 4138 1424 4199 Sancti
1445 4136 1520 4198 Celsi
1539 4144 1595 4197 etc.
1619 4137 1699 4198 veuit
1720 4137 1756 4198 ad
1787 4138 1937 4202 eeclesiam

1154 4240 1278 4302 Sanctae
1298 4238 1407 4300 llariae
1428 4237 1463 4298 dc
1485 4236 1616 4298 Minerva
1631 4236 1696 4312 ttbi,
1709 4238 1850 4300 iratribus
1870 4257 1940 4300 cum

1154 4362 1241 4405 eruce
1273 4338 1518 4421 processionaliter
1549 4337 1625 4398 intra
1659 4337 1766 4399 ostium
1800 4339 1936 4402 ecelesiae

1152 4442 1383 4523 expectantibus,
1406 4437 1526 4499 intravit
1554 4438 1715 4513 ecclesiam,
1745 4450 1776 4501 et
1806 4441 1937 4501 osculata

1154 4565 1242 4607 eruce
1263 4563 1315 4624 per
1339 4542 1523 4604 cardinalem
1543 4539 1697 4603 Senensem
1717 4542 1770 4601 sibi
1791 4553 1939 4622 porrecta,

1150 4644 1308 4719 iratribus,
1337 4643 1421 4704 Ecce
1448 4640 1606 4702 Sacerdos
1638 4642 1790 4725 Magnus,
1811 4642 1836 4703 si
1857 4654 1937 4706 recte

1153 4748 1291 4820 memini,
1312 4746 1371 4806 sive
1393 4744 1434 4807 Te
1455 4743 1554 4804 Denm
1575 4743 1740 4806 laudamus
1761 4745 1938 4806 decantanti-

1152 4850 1220 4921 bus,
1237 4847 1315 4908 venit
1332 4845 1370 4911 ad
1390 4845 1481 4905 altare
1502 4840 1609 4921 majus,
1626 4844 1677 4903 ubi
1698 4845 1773 4906 laetu
1793 4845 1937 4920 oratione,

1153 4950 1269 5010 dimissa
1282 4947 1458 5028 cappuecino
1471 4990 1480 5021 ,
1501 4955 1611 5008 retenta
1626 4945 1721 5018 stola,
1743 4948 1854 5027 accepit
1867 4947 1938 5026 plu·

1154 5052 1228 5111 viule
1259 5047 1371 5121 album,
1392 5056 1422 5108 et
1456 5064 1524 5106 aum
1546 5045 1708 5107 celebrante
1736 5046 1803 5106 iecit
1823 5045 1938 5107 eunies·

1153 5152 1276 5223 sionem,
1297 5149 1396 5210 deinde
1417 5147 1543 5209 ascendit
1563 5147 1678 5207 solium.
1700 5145 1865 5208 cardinales
1884 5164 1939 5207 ve-

1153 5261 1260 5314 nerunt
1277 5249 1315 5311 ad
1333 5250 1525 5313 reverentiam
1540 5292 1549 5321 ,
1564 5259 1594 5309 et
1609 5246 1665 5308 alia
1678 5249 1772 5309 omnia
1785 5247 1939 5309 observata

1153 5364 1219 5413 suut
1241 5372 1323 5414 more
1344 5362 1490 5412 consueto.
1511 5349 1627 5410 ilissam
1645 5348 1804 5411 celebravit
1820 5347 1893 5408 Rev.
1911 5348 1941 5411 in

1154 5452 1356 5516 chrismat).
1370 5451 1561 5532 Raymundus
1579 5450 1728 5532 episeopus
1741 5449 1882 5512 Doiiansis
1896 5446 1939 5530 (in

1157 5555 1270 5637 irrigari
1282 5554 1317 5617 de
1328 5551 1552 5635 Ronuvoglia)in
1564 5550 1826 5613 lnsulaSerdiniae:
1834 5549 1940 5612 sobam

1154 5657 1250 5737 l’apse
1279 5657 1403 5736 positum
1424 5652 1480 5715 iait
1501 5652 1618 5715 omnino
1637 5664 1702 5715 ante
1724 5650 1892 5715 memoriam
1911 5659 1941 5711 et

1661 5772 1688 5818 st
