4492 6859
301 653 340 713 il

303 790 387 850 dreae
399 786 538 867 Apostoli,
557 786 593 847 lt.
609 788 746 851 Dominus
767 789 926 852 cardinalis
941 789 1083 852 Parmen-

305 890 353 962 sis,
365 888 461 949 rubeis
472 890 644 967 paramentis
662 901 790 969 paratus,
800 891 957 953 celebrarit
970 891 1084 952 Missam

302 991 458 1051 solemnem
479 989 514 1052 de
534 991 606 1052 lesta
627 992 758 1054 inuitari
780 992 884 1071 majori
905 993 1036 1054 basilicae
1051 993 1083 1055 S.

304 1088 395 1163 Petri,
416 1092 475 1152 sine
495 1091 585 1166 bulla,
607 1111 658 1172 per
680 1094 915 1155 inadvertentiam
933 1092 993 1155 sire
1008 1094 1085 1156 obli·

301 1190 426 1266 sionem,
440 1191 507 1270 quia
522 1195 715 1272 praemonitus
736 1212 793 1255 non
813 1193 907 1256 iuerat
923 1194 1000 1273 quad
1014 1194 1084 1256 bul·

301 1292 358 1351 lam
385 1291 473 1352 scribi
498 1291 621 1366 iecisset,
640 1312 692 1355 nec
713 1296 795 1374 patui
816 1294 981 1373 hujusmodi
1002 1293 1084 1356 deie-

300 1402 390 1464 ctum,
401 1392 501 1452 saltem
518 1404 699 1472 apparenter,
719 1395 863 1475 supplere,
875 1395 943 1473 quia
961 1411 1017 1454 non
1033 1412 1084 1456 re-

299 1492 360 1570 peri
388 1492 513 1569 aliquam
551 1492 681 1565 bullum,
711 1512 798 1573 qnam
831 1495 986 1572 potuissem
1018 1494 1083 1555 loca

301 1609 386 1652 verae
407 1591 503 1652 bullae
534 1591 709 1670 appendisse.
745 1593 823 1653 Dixit
848 1603 960 1653 tantum
990 1593 1083 1652 vurtam

300 1693 483 1763 arationem,
505 1691 539 1751 de
557 1691 628 1753 iesto
649 1691 803 1763 videlicet,
824 1692 932 1771 absque
954 1711 1083 1754 comme·

300 1792 458 1853 moratione
475 1790 630 1855 Adventus.
652 1793 706 1854 SS.
723 1793 759 1853 D.
780 1792 814 1853 N.
836 1795 913 1854 venit
930 1792 967 1853 ad
985 1792 1084 1853 basili-

300 1908 364 1950 carn
380 1891 553 1971 praedictam
564 1904 593 1954 et
607 1911 674 1953 cum
684 1892 883 1955 cardinalibus
894 1914 974 1956 more
987 1894 1083 1967 salito;

299 2001 328 2049 et
341 2009 392 2070 per
408 1990 644 2070 inadvertentiam
655 1981 793 2053 Dominus
805 1993 951 2055 liabertus
966 2012 1085 2055 reman-

299 2100 377 2151 serat
397 2091 426 2149 in
446 2108 561 2151 camera
573 2110 636 2165 sua,
649 2106 799 2172 expectans
816 2093 894 2171 quod
916 2108 1084 2166 vocaretur,

301 2192 469 2270 qnipastea‚
490 2211 542 2271 per
563 2210 608 2252 me
630 2206 759 2267 iocatus,
782 2196 859 2254 venit
877 2193 911 2253 ad
933 2193 1080 2254 basilicam

301 2290 503 2368 praedictam,
535 2310 580 2353 me
608 2304 718 2353 tantum
746 2295 774 2353 in
801 2293 991 2355 familiaribus
1023 2299 1083 2355 suis

305 2391 499 2467 praecedente,
513 2392 597 2452 asnis
618 2392 807 2454 servientibus
819 2411 969 2455 armorum
984 2412 1018 2455 aa
1029 2412 1084 2454 no-

300 2488 405 2550 bilibus
416 2493 474 2550 suis
485 2492 647 2565 associatus,
661 2503 690 2552 et
705 2491 822 2554 intravit
832 2493 869 2552 ad
884 2496 977 2554 altare
990 2491 1084 2569 majus

299 2608 365 2650 ctam
390 2589 493 2652 Credo
511 2590 665 2652 diceretur.
689 2590 733 2653 De
753 2592 886 2653 mandato
905 2592 999 2673 Papae
1019 2593 1083 2653 dedi

300 2693 326 2751 ai
348 2694 444 2753 locum
462 2692 492 2751 iu
512 2692 606 2772 gradu
626 2695 719 2772 primo
739 2706 803 2772 post
822 2695 1004 2774 superiorem
1018 2694 1083 2754 solii

301 2812 317 2851 ι
340 2793 446 2853 dextris
464 2792 559 2873 Papae
564 2815 575 2867 3
596 2804 625 2854 et
646 2794 766 2854 fratrem
785 2792 892 2873 Papae,
913 2794 962 2871 (lui
980 2792 1081 2853 ibidem

300 2894 403 2961 stabat,
413 2892 447 2952 de
466 2885 598 2954 mandato
619 2892 654 2951 ad
676 2895 819 2953 sinistram
842 2893 934 2972 Papae
956 2891 1025 2952 duxi
1044 2893 1082 2952 ad

301 2994 431 3054 eumdem
451 2993 586 3072 gradum,
608 2993 710 3055 ibidem
729 2995 821 3074 ipsum
843 2993 973 3055 locando.
1005 2993 1082 3055 idem

300 3093 334 3153 D.
360 3092 504 3154 liebertus
527 3094 645 3153 vestitus
664 3104 728 3153 erat
757 3105 853 3153 manto
883 3094 918 3154 de
945 3094 1083 3155 braccata

299 3195 381 3273 pleno
403 3193 563 3255 riebissimo
581 3196 679 3275 longo,
694 3194 822 3255 lirnbrias
840 3194 875 3253 ad
891 3195 962 3256 dttos
978 3194 1082 3273 digitos

300 3314 352 3374 par
372 3307 479 3356 terram
501 3294 650 3366 trahente,
671 3306 771 3375 aperta
791 3294 827 3353 ad
848 3294 992 3355 dexteram
1014 3307 1080 3354 tan·

301 3406 379 3467 tum,
399 3394 517 3454 suliulto
539 3393 657 3453 zendadi
685 3396 745 3454 sive
768 3394 888 3455 zendato
925 3397 1084 3455 cremesino

298 3495 411 3555 circum
426 3494 533 3555 callum
546 3494 701 3573 duplicata,
714 3496 774 3555 sire
788 3495 941 3556 collarium
961 3495 1081 3557 habente

299 3594 482 3673 longitudinis
509 3595 591 3654 anius
613 3595 699 3673 palmi
728 3607 758 3656 et
781 3615 798 3654 ι
825 3595 924 3656 dextra
954 3607 1080 3673 quatuor

297 3693 418 3755 butanus
434 3713 552 3773 magnos
566 3714 601 3756 ex
614 3696 700 3775 perlis
714 3695 748 3755 da
766 3697 858 3756 stitiis.
872 3696 1003 3758 Habebat
1018 3696 1082 3757 bir-

298 3807 395 3857 retum
412 3814 497 3856 suum
519 3796 644 3858 solitum.
663 3798 755 3857 Finita
776 3798 861 3859 llissa
882 3809 910 3859 et
929 3817 981 3878 per
999 3797 1081 3859 Pon·

298 3892 403 3956 tillcem
424 3896 617 3958 benedictione
627 3896 704 3969 duta,
719 3916 775 3957 rtaa
790 3898 909 3960 luerunt
921 3897 1082 3977 publicatae

297 3997 490 4076 indulgentiae
511 3999 578 4076 quia
599 4018 632 4059 ea
650 3999 705 4072 die,
726 4019 760 4059 ex
782 3998 893 4060 indulta
919 3998 1009 4059 felicis
1030 4018 1082 4060 re·

297 4097 489 4158 miniseeutiae
504 4097 548 4155 Pii
568 4097 663 4177 Papae
677 4099 713 4172 ll,
730 4110 796 4159 sunt
808 4098 958 4179 plenariae
977 4118 1081 4179 perpe-

299 4198 356 4257 tuis
377 4196 554 4276 temporibus
572 4198 726 4259 durandae.
748 4198 854 4261 Deinde
876 4209 989 4278 portata
1017 4200 1082 4260 luc·

296 4308 366 4357 runt
379 4317 477 4359 coram
489 4296 629 4359 Pantilius
640 4300 697 4361 duo
709 4300 822 4372 vexilla,
837 4318 922 4377 quae,
935 4311 1082 4379 praesente

301 4398 452 4458 Cardinale
480 4398 683 4459 Mediolanensi
703 4399 949 4480 Presbyterarum
976 4398 1083 4462 Priore

300 4496 378 4578 Papa
400 4499 540 4560 benedixit
561 4514 650 4579 prout
671 4500 699 4558 in
730 4499 814 4561 libro.
837 4500 913 4560 Tum
935 4498 1082 4560 liobertas

300 4617 400 4659 coram
423 4599 560 4661 Pontifice
580 4600 745 4680 genuflexus
762 4598 876 4678 jurarit
889 4611 977 4678 prout
993 4618 1083 4680 supe·

297 4701 359 4760 rius
386 4705 440 4761 est
455 4711 604 4773 notatum3
635 4698 834 4777 juramentum
865 4711 959 4759 taurea
985 4700 1082 4777 legere

298 4800 430 4873 nescivit,
450 4817 587 4862 excusans
605 4821 635 4862 se
653 4801 721 4879 quia
739 4801 868 4861 ocularia
890 4818 942 4859 saa
956 4816 1011 4858 nan
1027 4797 1083 4857 ba·

296 4900 390 4975 bebat,
406 4900 483 4978 quad
505 4900 668 4981 praediatus
685 4902 845 4963 Cardinalis
867 4900 1082 4962 Mediolanensis

296 5020 348 5081 per
362 5002 476 5081 singula
490 5002 576 5062 rerba
596 5004 747 5081 praelegit,
768 5013 797 5063 et
817 5001 865 5064 ille
879 5003 978 5062 eadem
993 5002 1081 5063 rerba

224 5118 226 5123 '
296 5106 456 5184 replicarit.
469 5104 600 5184 Rogatus
614 5105 670 5166 iuit
689 5106 724 5165 de
745 5100 911 5179 hujusmodi
923 5099 1082 5178 juramenti

296 5208 487 5284 praestatione
502 5204 660 5267 Dominus.
678 5250 685 5265 .
703 5249 710 5264 .
727 5250 734 5263 .
751 5203 889 5266 Camenae
901 5204 1082 5283 Apostolicue

298 5309 445 5379 notarius;
461 5324 520 5384 quo
535 5308 684 5386 praestita,
702 5305 779 5384 Papa
798 5303 932 5384 imposuit
952 5303 1004 5363 sibi
1019 5303 1083 5363 bir-

295 5417 392 5491 retum
413 5405 571 5468 altitudinis
591 5409 677 5467 unius
697 5407 784 5487 palmi
805 5424 872 5466 crim
893 5405 1012 5465 dimidia
1034 5406 1080 5465 rel

779 650 1059 715 constrictius
1081 648 1302 714 innocenii!
1323 647 1475 715 octavi.

1821 648 1934 731 (risa)

1150 787 1254 867 quibus
1266 788 1364 867 paucis
1374 787 1478 867 perlis3
1493 794 1521 847 et
1532 784 1664 864 superius
1679 784 1706 844 in
1719 782 1812 843 medio
1828 783 1932 843 babuit

1151 888 1293 966 quoddam
1331 886 1486 949 rotundum
1516 888 1602 947 etiam
1635 885 1723 964 perlis
1754 896 1933 946 recamatum

1152 988 1333 1069 largitudinis
1361 986 1445 1048 medii
1474 986 1572 1065 pelini,
1594 987 1638 1046 rel
1661 987 1751 1058 circa,
1773 1004 1840 1046 cum
1867 996 1934 1045 acta

1150 1089 1239 1149 radiis
1258 1090 1355 1149 aureis
1386 1107 1422 1149 ex
1451 1087 1539 1167 perlis
1569 1086 1803 1147 descendentibus
1831 1086 1934 1157 tortis,

1150 1200 1237 1269 prout
1248 1187 1381 1250 'sanetus
1398 1186 1592 1248 bernardinus
1607 1186 1781 1266 depingitur,
1796 1185 1824 1245 iu
1839 1185 1935 1245 medio

1151 1288 1267 1350 rotundi
1298 1288 1466 1368 praedicti3
1491 1291 1520 1348 in
1549 1288 1711 1347 summitate
1737 1287 1838 1347 birreti
1869 1299 1936 1347 erat

1151 1390 1284 1450 columba
1305 1408 1339 1449 ex
1359 1389 1446 1468 perlis
1469 1390 1618 1460 relevata3
1640 1387 1738 1449 deinde
1758 1387 1836 1467 Papa
1856 1385 1934 1447 dedit

1150 1490 1201 1549 sibi
1225 1490 1254 1550 in
1276 1507 1362 1550 manu
1389 1489 1502 1551 dextera
1525 1489 1668 1568 quoddam
1695 1490 1852 1559 baculum,
1872 1487 1934 1549 sire

1152 1592 1265 1671 virgam
1286 1600 1451 1670 argenteam
1473 1591 1633 1649 inauratam
1651 1587 1832 1668 longitudinis
1849 1588 1936 1648 unius

1150 1692 1237 1773 palmi
1258 1709 1324 1753 aum
1345 1690 1462 1751 dimidio
1483 1693 1510 1750 in
1533 1690 1650 1751 modum
1663 1732 1936 1749 ......

1151 1792 1179 1852 in
1200 1794 1364 1853 summitate
1382 1789 1530 1851 habentem
1552 1808 1691 1870 pavonem
1709 1834 1717 1859 ,
1734 1788 1864 1849 eamdem
1884 1808 1936 1847 re·

1153 1895 1286 1966 levatam,
1305 1892 1447 1953 circulum
1469 1900 1610 1952 tenentem
1620 1912 1631 1964 3
1651 1904 1682 1952 et
1701 1890 1771 1952 haec
1792 1889 1847 1948 sibi
1868 1900 1937 1948 tra-

1151 1993 1243 2057 dendo
1272 1994 1349 2072 Papa
1377 1993 1447 2054 nibil
1473 1993 1558 2054 dixit:
1580 2004 1643 2073 past
1669 1991 1739 2052 baec
1773 1990 1853 2068 Papa
1881 1990 1936 2048 sub

1154 2094 1248 2155 rerbis
1262 2094 1290 2154 in
1307 2090 1468 2154 Pontificali
1484 2094 1595 2174 positis,
1610 2091 1730 2152 tradidit
1749 2091 1774 2150 ei
1798 2088 1935 2150 vexillum

1152 2212 1219 2255 cum
1239 2195 1327 2254 armis
1348 2192 1510 2265 Ecclesiae,
1531 2193 1630 2254 deinde
1649 2191 1729 2252 aliud
1748 2208 1818 2250 autu
1845 2188 1936 2249 armis

1151 2298 1220 2355 suis.
1242 2296 1335 2374 Papae
1357 2293 1494 2355 vexillum
1515 2313 1582 2355 cum
1596 2293 1683 2352 armis
1700 2291 1849 2352 Ecclesiae
1863 2307 1936 2351 con-

1152 2399 1294 2475 signatum
1317 2394 1372 2455 iuit
1395 2393 1516 2454 iohanni
1537 2394 1691 2455 Francisco
1720 2392 1755 2452 de
1782 2391 1934 2453 Tolentiaa

1152 2498 1278 2558 totaliter
1299 2506 1422 2567 armato,
1437 2496 1515 2556 aliud
1527 2495 1639 2555 cuidam
1660 2496 1746 2555 alteri
1761 2492 1863 2565 nobili,
1880 2508 1934 2553 eo·

1151 2597 1215 2658 dem
1237 2596 1322 2657 modo
1342 2607 1463 2656 armato.
1484 2597 1631 2667 Aliorum,
1651 2596 1737 2655 etium
1752 2592 1932 2664 nobilissimi,

1151 2699 1248 2758 nullus
1275 2696 1329 2757 luit
1360 2707 1498 2757 armatas.
1533 2695 1609 2756 'Pum
1636 2694 1761 2756 surrexit
1789 2691 1930 2753 Dominus

1151 2798 1308 2871 liebertus,
1326 2797 1396 2876 pede
1412 2794 1557 2857 Pontificis
1571 2814 1626 2856 non
1641 2795 1785 2865 osculato,
1797 2804 1827 2853 et
1845 2812 1933 2872 prae·

1152 2900 1235 2959 cessit
1256 2897 1416 2958 immediate
1442 2895 1590 2967 Crucem3
1615 2895 1669 2955 iter
1695 2904 1847 2972 acceptum
1879 2891 1936 2951 iuit

1152 2999 1394 3079 pervasionum
1417 3014 1518 3057 versus
1545 2995 1704 3073 cappellam
1725 2993 1756 3053 S.
1778 2991 1937 3065 Andreae,

1151 3100 1201 3159 ubi
1221 3118 1288 3162 eum
1310 3098 1388 3178 Papa
1409 3107 1482 3159 esset
1503 3114 1596 3176 prope
1616 3095 1790 3175 cappellam,
1810 3092 1935 3154 eubicu-

1151 3200 1261 3261 laribus
1279 3198 1463 3271 sociantibus,
1480 3209 1624 3258 ostensum
1646 3195 1700 3255 luit
1716 3204 1803 3274 caput
1819 3192 1934 3272 glorio-

1150 3303 1252 3361 sissimi
1272 3300 1403 3380 Apostoli
1423 3299 1522 3359 Sancti
1542 3296 1681 3357 andreae.
1708 3293 1816 3355 Deinde
1833 3295 1934 3354 exire·

1150 3413 1220 3463 runt
1233 3400 1382 3462 ecclesiam
1397 3417 1506 3470 omnes,
1520 3409 1549 3459 et
1568 3397 1647 3476 Papa
1660 3395 1714 3455 sub
1726 3395 1840 3476 porticu
1856 3392 1934 3452 San·

1150 3500 1190 3562 cti
1211 3501 1290 3562 Petri
1311 3500 1388 3560 dedit
1408 3499 1550 3560 licentiam
1574 3497 1706 3559 amnibus
1732 3493 1934 3557 cardinalibus

1149 3614 1178 3663 et
1197 3601 1282 3662 etiam
1310 3600 1432 3660 Domino
1453 3597 1591 3659 lieberto.
1613 3596 1779 3658 Cardiuules
1811 3595 1932 3655 iverunt

1149 3702 1234 3763 simul
1255 3719 1353 3763 omues
1374 3718 1442 3761 cum
1462 3678 1521 3758 suis
1542 3700 1570 3759 iu
1592 3715 1648 3757 una
1669 3708 1761 3777 parte,
1781 3706 1810 3755 et
1828 3694 1933 3755 Dami-

1149 3822 1202 3865 nus
1228 3802 1372 3863 liebertus
1394 3819 1461 3862 cum
1482 3800 1541 3859 suis
1562 3800 1590 3858 in
1610 3801 1677 3873 alia,
1701 3810 1730 3877 et
1754 3809 1820 3858 ante
1840 3796 1936 3857 scalas

1151 3905 1243 3965 dictae
1263 3903 1396 3963 basilicae
1417 3913 1476 3960 tam
1496 3899 1660 3961 Cardinales
1682 3917 1769 3977 quam
1791 3898 1936 3959 Dominus

1148 4005 1294 4066 liebertus
1314 4002 1399 4062 simul
1421 4018 1510 4078 equos
1531 3999 1742 4071 ascenderunt,
1762 3997 1930 4060 cardinales

1150 4118 1243 4167 tamen
1258 4102 1352 4165 citius.
1373 4099 1466 4160 Simul
1484 4110 1684 4179 processerunt
1698 4098 1734 4157 ad
1751 4098 1852 4159 domos
1869 4117 1935 4158 suas

1150 4223 1217 4265 cum
1232 4204 1291 4263 suis
1305 4200 1493 4262 familiaribus
1514 4199 1679 4277 equitantes.
1701 4198 1809 4259 Deinde
1829 4198 1934 4259 Domi-

1150 4323 1203 4363 nus
1224 4303 1369 4363 llobertus
1388 4300 1529 4379 equitavit
1550 4319 1616 4361 cum
1648 4311 1740 4379 gente.
1759 4299 1931 4360 Praecesse-

1150 4414 1219 4464 runt
1239 4400 1376 4462 balistarii
1386 4422 1397 4474 3
1420 4413 1484 4481 post
1501 4420 1549 4463 eos
1570 4400 1618 4461 alii
1645 4419 1679 4461 aa
1709 4402 1794 4479 panai
1823 4399 1933 4460 nobiles

1149 4516 1177 4565 et
1198 4504 1329 4565 curiales.
1364 4503 1440 4564 Tum
1464 4503 1569 4562 lumilia
1591 4501 1685 4582 Papae
1707 4519 1794 4579 quam
1826 4518 1933 4579 seque-

1149 4604 1253 4664 bantur
1268 4604 1407 4664 tubicines
1413 4625 1423 4676 ;
1442 4614 1505 4682 post
1521 4622 1568 4663 cos
1587 4601 1671 4680 pauci
1686 4600 1811 4672 nobiles3
1829 4599 1935 4661 deinde

1149 4706 1303 4767 servientes
1317 4722 1489 4776 armarum3
1505 4713 1566 4761 tam
1586 4702 1643 4761 duo
1664 4700 1768 4761 armati
1784 4710 1936 4778 portantes

1150 4803 1208 4863 dua
1220 4804 1321 4864 vexilla
1332 4802 1488 4883 praedicta;
1500 4813 1564 4882 post
1574 4821 1621 4862 eos
1632 4801 1771 4861 Dominus
1785 4797 1934 4860 liobertus

1150 4922 1203 4965 suo
1224 4904 1323 4963 babitu
1345 4903 1507 4982 praedicto,
1530 4902 1663 4963 baculum
1685 4911 1854 4980 argenteum
1876 4897 1935 4958 bu·

1147 5001 1274 5081 jusmodi
1292 5004 1392 5063 dextra
1406 5022 1489 5062 anana
1511 5015 1638 5081 portans,
1660 5002 1769 5062 medius
1785 5001 1859 5061 inter
1874 5018 1935 5078 gu·

1150 5104 1331 5166 bernatorum
1346 5102 1434 5165 Urbis
1453 5121 1470 5161 a
1492 5102 1599 5163 dextris
1621 5114 1650 5164 et
1671 5102 1850 5181 praelectum
1870 5099 1935 5161 Ur·

1150 5205 1204 5277 bis,
1219 5204 1341 5265 Sanctae
1358 5203 1502 5262 Romanae
1517 5202 1663 5263 Ecclesiae
1682 5202 1865 5282 capitaneum
1878 5218 1935 5279 ge-

1150 5307 1317 5378 neralem,a
1338 5304 1469 5363 sinistris.
1488 5302 1563 5363 Tum
1583 5303 1703 5382 praelati
1719 5302 1823 5362 Palatii
1842 5301 1936 5364 etalii

1148 5426 1201 5468 suo
1222 5406 1322 5467 ordine
1337 5405 1528 5481 equitavimus
1550 5423 1602 5482 per
1621 5413 1737 5483 pontem
1753 5404 1853 5464 Satrati
1870 5408 1934 5463 Au·

297 5505 393 5580 circa,
413 5526 448 5568 ex
474 5508 580 5568 setoria
606 5506 762 5568 cremosino
783 5506 902 5565 inierius
932 5503 968 5562 ab
998 5514 1079 5563 extra
1149 5508 1205 5585 geli
1221 5524 1271 5584 per
1287 5504 1683 5584 riamrectamadCampum
1695 5504 1817 5576 Plotae3
1835 5503 1936 5566 deinde

296 5603 401 5667 babens
422 5610 566 5669 circulum
588 5608 773 5688 longitudinis
795 5610 879 5668 unius
908 5605 989 5683 digiti
1010 5622 1077 5667 cum
1148 5625 1199 5685 per
1218 5606 1294 5666 riam
1313 5615 1377 5664 ante
1397 5616 1535 5684 gruttam,
1561 5617 1755 5684 nuncupatam
1784 5604 1935 5666 tabernam

297 5705 413 5771 dimidia
430 5710 474 5770 rei
490 5710 617 5771 circada
633 5711 772 5773 braccata
785 5719 922 5789 argenteo
937 5724 1005 5767 cam
1021 5706 1079 5766 uli·
1148 5706 1302 5784 publicam,
1319 5705 1447 5767 verrimus
1468 5706 1504 5766 ad
1523 5704 1638 5767 domum
1653 5706 1815 5769 Cardinalis
1834 5705 1937 5769 Audii-
