4492 6859
286 596 348 658 308
758 591 1042 657 Ponttrtcattts
1063 590 1290 655 atsttxututtt
1312 591 1440 655 SEXTl.

261 742 377 805 etum,
398 730 644 811 superpellicium,
666 730 792 805 stolam,
814 732 942 811 pluviale
961 730 1072 803 album,

285 832 332 894 rel
353 830 478 891 rubeum
497 831 680 910 preciosius,
702 831 780 909 quod
799 831 906 892 habere
921 840 1073 911 poterunt,

286 943 316 992 et
345 931 463 991 mitram
499 930 595 991 albam
628 930 811 1011 simplicem,
833 943 861 993 at
893 933 1074 993 coronationi

286 1032 450 1113 praedictae
476 1032 635 1104 interesse,
666 1043 695 1093 et
717 1033 795 1110 quod
828 1032 948 1111 quilibet
971 1032 1075 1093 habeat

288 1152 376 1194 suum
400 1131 579 1206 Pontifieale,
600 1143 629 1196 et
651 1150 740 1192 unum
757 1135 956 1214 cappellaoum
970 1151 1076 1212 super·

286 1233 400 1314 pellicio
421 1234 557 1295 indutum
585 1251 653 1296 cum
675 1234 787 1295 tobalea
819 1235 943 1314 pulchra
965 1233 1075 1294 sericea

288 1335 366 1395 circa
387 1336 514 1408 collum,
543 1334 593 1414 qui
621 1335 674 1395 sibi
694 1335 728 1398 de
756 1333 921 1396 Pontificali
940 1345 969 1396 et
987 1336 1075 1394 mitra

287 1436 396 1497 tertiat
416 1456 444 1496 a.

257 1547 259 1551 ’
331 1534 440 1597 Eadem
455 1535 500 1597 dic
514 1546 670 1616 apportata
681 1534 751 1595 mihi
764 1535 895 1609 luerunt,
907 1534 1075 1595 mantellum

253 1701 256 1707 ,
291 1654 326 1696 ex
347 1635 529 1698 ciambelloto
550 1635 585 1698 de
605 1654 697 1715 grana
720 1636 808 1697 rttbea
824 1654 892 1696 eum
911 1653 965 1694 suo
985 1651 1077 1713 capu·

291 1737 338 1795 cio
362 1736 489 1798 sendado
505 1737 539 1797 de
552 1756 646 1816 grana
667 1737 799 1809 suffulto,
821 1748 850 1797 et
870 1735 1023 1816 dipploidis
1042 1752 1078 1794 ex

291 1837 424 1897 setonino
448 1837 575 1898 violaceo
595 1837 655 1899 sine
681 1838 758 1897 omni
781 1856 844 1898 mea
865 1837 991 1916 impensa
1012 1846 1077 1895 suta

293 1944 324 1998 et
343 1937 470 2015 perlecta
491 1956 527 1998 ea
558 1937 759 2000 commissione
780 1938 890 2017 Regis,
923 1948 957 1997 ut
986 1952 1077 2014 supra

293 2038 454 2112 annotavi,
476 2057 552 2100 nunc
571 2039 725 2111 ordinata,
747 2051 775 2100 et
796 2040 909 2101 dorsata.

332 2138 417 2198 Festa
436 2139 545 2217 quinta,
559 2150 664 2200 octava
679 2140 784 2200 mensis
803 2143 869 2201 maii
884 2140 956 2201 testo
967 2138 1079 2199 Ascen-

290 2241 377 2300 sionis
398 2240 560 2301 salvatoris
581 2240 672 2300 nostri
688 2241 757 2302 lesu
780 2240 887 2301 Christi
902 2250 931 2300 et
950 2239 1079 2319 appart-

292 2340 376 2401 tiouis
397 2339 496 2399 Sancti
517 2339 667 2400 Michaelis
687 2339 886 2420 Archangeli,
908 2357 966 2418 qua
988 2340 1079 2400 Sere-

292 2441 428 2500 nissinaus
446 2440 509 2500 Eex
527 2440 690 2520 alphonsus
708 2443 844 2503 coronari
863 2442 993 2516 debebat,
1014 2451 1079 2501 ante

293 2540 369 2601 diem
397 2541 515 2621 perveni
544 2540 580 2599 ad
611 2542 762 2602 ecclesiam
794 2541 1030 2623 Neapolitanam,
1050 2552 1079 2604 et

212 2667 214 2674 ·
292 2642 387 2700 omnia
408 2652 571 2721 opportuna
592 2641 723 2702 ordinari
745 2662 799 2722 pro
818 2645 1004 2705 coronatione
1025 2662 1079 2706 ue·

296 2743 428 2803 cessaria.
447 2743 599 2804 Credeotia
628 2763 683 2824 pro
715 2744 862 2807 cardinali
895 2757 997 2826 parata
1021 2746 1080 2806 luit

295 2857 386 2923 prout
404 2846 539 2927 superius
558 2846 587 2906 in
607 2848 705 2907 rotulo
724 2850 832 2909 notavi.
850 2848 937 2910 Circa
956 2850 1081 2928 primam

294 2944 399 3006 boram
428 2946 484 3007 diei
514 2948 591 3008 veuit
611 2947 862 3009 vehementissima
894 2950 992 3029 pluria
1012 2966 1080 3008 cum

294 3046 373 3106 aeris
390 3056 419 3106 et
448 3049 586 3128 temporis
605 3048 751 3109 turbidine
769 3050 909 3122 maxima,
929 3066 1002 3127 quoe
1020 3048 1082 3107 du·

295 3147 375 3207 ravit
395 3146 431 3206 ad
454 3146 540 3208 horas
559 3158 618 3209 tres
639 3150 684 3209 rel
703 3149 804 3224 circa3
830 3161 961 3229 suscepta
983 3160 1081 3210 autern

296 3249 481 3309 coronatione
502 3248 592 3328 Regis
606 3250 752 3324 cessarit,
772 3262 801 3312 et
817 3252 926 3312 lactum
946 3261 990 3312 est
1007 3261 1083 3311 tem·

295 3368 351 3430 pus
373 3350 585 3425 clarissimum,
615 3360 645 3412 et
664 3352 785 3413 durarit
806 3372 858 3433 per
891 3364 980 3414 totam
1001 3352 1081 3414 illam

296 3463 326 3512 et
347 3462 516 3530 sequentem
538 3451 625 3513 diem.

338 3553 446 3613 Audiri
466 3561 563 3632 postea
597 3564 710 3631 tempus
730 3553 821 3613 simile
853 3554 1021 3632 plusiosum
1053 3564 1083 3615 et

298 3652 450 3713 turbidum
471 3651 581 3712 Romae
599 3652 701 3713 iisdem
722 3652 802 3713 horis
822 3652 930 3728 luisse,
950 3653 999 3715 sed
1014 3653 1084 3733 plu·

297 3753 379 3815 ribus
408 3754 490 3815 horis
516 3752 624 3814 Romae
646 3772 734 3831 quam
756 3752 873 3834 Neapoli
901 3754 1081 3835 perdurasse.

299 3854 460 3919 cardinalis
473 3852 601 3933 Legatos
617 3854 695 3914 teuit
709 3853 746 3913 ad
763 3855 914 3915 ecclesiam
930 3853 1010 3914 circa
1029 3854 1084 3915 ho-

298 3976 362 4019 ram
391 3974 465 4031 xtt,
489 3954 694 4016 associantibus
714 3956 808 4034 ipsum
828 3956 963 4035 praelatis
973 3977 984 4030 ς
1004 3966 1035 4015 et
1055 3956 1084 4014 io

298 4058 369 4119 locis
384 4058 445 4118 suis
461 4069 518 4117 tam
532 4054 661 4135 Legatos
676 4073 763 4133 quom
777 4056 898 4135 praelati
913 4067 1085 4137 receperunt

298 4167 468 4240 paramenta
479 4157 536 4217 'sibi
551 4158 758 4229 convenientia,
772 4158 906 4236 superius
921 4158 948 4216 in
963 4156 1083 4218 ordina-

298 4261 374 4321 tione
393 4278 535 4338 expressa:
547 4256 674 4336 Legatos
693 4256 797 4330 rubro,
807 4259 927 4335 praelati
944 4277 1026 4330 rero,
1035 4257 1084 4317 alii

298 4362 447 4442 pluviale,
468 4369 497 4421 et
518 4362 591 4421 stolo
612 4359 727 4431 rubea,
755 4359 804 4419 alii
833 4357 919 4431 alba,
941 4369 971 4420 et
992 4359 1084 4437 aliqui

296 4462 548 4543 superpellicium,
568 4461 616 4521 alii
639 4479 710 4522 reru
730 4456 792 4537 ejus
814 4461 896 4534 loco,
917 4460 1011 4520 album
1027 4503 1036 4533 ,
1055 4469 1085 4521 et

298 4564 461 4642 cingulum.

340 4663 385 4724 Ex
402 4661 531 4722 sacristia
546 4659 634 4739 llcgis
652 4671 802 4742 apportata
820 4660 956 4723 luerunt:
975 4677 1085 4721 corona

298 4761 387 4844 Regis
405 4763 435 4822 in
454 4778 512 4821 uno
531 4760 616 4820 bacili
632 4773 769 4840 argenteo
786 4761 929 4835 indoral03
949 4762 1037 4841 perlis
1056 4772 1086 4822 et

298 4863 442 4946 lapidibus
463 4860 678 4941 preciosissimis
696 4873 798 4922 ornata
820 4873 883 4922 erat
904 4880 1036 4934 corono,
1056 4874 1085 4924 et

298 4965 442 5027 birretum
456 4962 579 5023 babebat
593 4962 755 5022 conlectum
768 4964 844 5023 intus
855 4982 890 5023 es
901 4963 1084 5024 damascbino

298 5065 364 5126 albo
379 5063 486 5123 babens
505 5062 572 5122 hinc
587 5060 650 5123 inde
660 5060 731 5122 dtros
742 5064 825 5123 sellas
838 5082 911 5141 quae
921 5063 976 5123 sub
988 5074 1085 5124 mento

299 5166 386 5225 unico
415 5165 536 5226 bottooo
556 5162 828 5243 conjungebantur,
852 5166 891 5225 ita
913 5165 992 5242 quod
1024 5164 1085 5226 lies

298 5284 440 5329 coronam
460 5266 550 5345 ipsam
571 5265 632 5324 sine
649 5265 708 5325 alio
728 5264 838 5325 birreto
856 5264 995 5326 deterret:
1010 5267 1084 5328 ensis

222 5399 224 5402 ·
297 5366 326 5426 in
347 5385 400 5427 sua
423 5366 525 5444 ragina
546 5383 581 5425 ex
613 5364 702 5445 perlis
723 5374 750 5425 et
772 5364 915 5444 lapidibus
947 5367 1084 5446 preciosis

298 5486 350 5546 per
362 5480 456 5530 tolum
467 5477 598 5541 ornatus3
615 5477 763 5546 sceptrum
777 5458 947 5546 argenteum
960 5467 988 5529 in
1000 5488 1083 5529 sum·

298 5569 399 5630 mitate
420 5570 527 5631 habens
546 5587 665 5649 potuum
693 5569 871 5631 inauratum.
893 5569 966 5632 Erat
986 5583 1082 5634 autem

297 5681 444 5751 sceptrum
471 5670 565 5751 ipsum
590 5670 740 5733 intutum
766 5670 954 5751 longitudinis
968 5674 1081 5753 palmo·

1819 525 1931 675 (atat)

1143 747 1212 791 rum
1231 730 1361 791 duorum
1387 746 1456 790 curn
1479 727 1621 801 dimidio,
1644 728 1689 789 rel
1723 727 1804 789 circa
1825 737 1857 789 et
1875 729 1929 787 mi-

1142 834 1221 893 noris
1241 831 1441 910 grossitudinis
1457 848 1550 911 parvo
1564 847 1628 890 meo
1642 828 1743 910 digito,
1759 840 1790 890 et
1811 846 1929 909 pomam

1141 941 1313 1013 argenteum
1334 932 1502 991 inauratum
1535 940 1629 990 totum
1651 930 1815 991 rotundum
1837 947 1932 1007 quan·

1144 1034 1233 1095 titatis
1253 1033 1337 1092 nnius
1353 1031 1450 1109 magni
1466 1031 1555 1110 pomi,
1577 1032 1606 1090 in
1623 1031 1791 1091 summitate
1812 1048 1932 1091 crucem

1144 1152 1264 1214 parvam
1286 1132 1393 1193 habens
1413 1144 1540 1194 erectam
1573 1143 1741 1211 argenteam
1764 1134 1932 1193 inauratam

1144 1244 1174 1297 et
1207 1235 1235 1294 in
1257 1234 1436 1295 extremitate
1468 1233 1600 1294 inferiori
1622 1234 1650 1293 in
1681 1235 1814 1313 opposito
1838 1234 1934 1294 crucis

1145 1336 1269 1395 maleum
1292 1353 1360 1395 eum
1380 1335 1490 1413 stringe
1507 1335 1593 1395 sirica
1614 1334 1650 1393 ad
1669 1335 1822 1413 ligandum
1841 1334 1934 1414 ipsum

1145 1439 1173 1496 ln
1194 1435 1310 1496 sinistro
1339 1436 1431 1514 digito
1451 1436 1541 1515 Regis
1570 1453 1606 1496 ne
1634 1435 1688 1496 sibi
1718 1436 1829 1511 cadat3
1862 1454 1935 1514 quae

1144 1538 1241 1598 omnia
1261 1538 1288 1597 in
1310 1538 1395 1596 altori
1411 1537 1494 1615 posui
1512 1555 1564 1615 per
1576 1537 1704 1615 planum.
1717 1535 1833 1615 Legato
1844 1538 1938 1597 omni·

1146 1638 1199 1698 bus
1231 1636 1407 1717 paramentis
1434 1635 1646 1715 pontificalibus
1679 1649 1785 1716 parato
1799 1680 1810 1709 ,
1845 1646 1876 1697 et
1908 1637 1936 1697 io

1145 1756 1198 1798 suo
1219 1735 1383 1796 faldistorio
1395 1747 1464 1797 unte
1479 1735 1605 1797 medium
1620 1738 1720 1797 altaris
1737 1736 1869 1805 sedente,
1886 1756 1936 1798 se·

1146 1848 1253 1900 nerunt
1272 1837 1309 1896 ad
1329 1839 1424 1917 ipsum
1450 1838 1563 1898 nomine
1592 1836 1700 1915 Regis,
1731 1837 1769 1898 D.
1788 1836 1936 1900 lohannes

1146 1938 1292 2002 Pontaous
1312 1940 1486 2000 secretarios
1505 1939 1583 2018 regis
1598 1950 1627 1999 et
1645 1939 1744 1999 alius.
1770 1983 1778 1997 .
1804 1984 1813 1999 .
1838 1982 1849 1998 .
1872 1983 1880 1997 .
1901 1982 1934 1999 ..

1119 2107 1122 2113 ,
1148 2081 1658 2102 .................
1689 2048 1854 2100 asserentes
1883 2055 1936 2098 noo

1147 2144 1328 2206 consuevisse
1346 2139 1440 2220 Reges
1458 2140 1623 2219 aragoniae
1647 2140 1676 2199 in
1701 2140 1872 2220 receptione
1896 2140 1937 2201 iu·

1147 2244 1271 2323 signium
1301 2241 1446 2321 regalium
1476 2240 1686 2320 genuflectere,
1706 2241 1753 2301 vel
1785 2240 1816 2299 in
1835 2256 1936 2301 eorum

1148 2346 1356 2416 coronatione,
1384 2353 1414 2403 et
1439 2339 1606 2419 juramento
1635 2352 1691 2402 etc.
1725 2358 1783 2401 non
1815 2358 1937 2401 consue-

1150 2445 1223 2505 risse
1244 2462 1295 2523 per
1322 2462 1353 2505 sc
1380 2442 1455 2521 ipsos
1483 2452 1651 2522 praestare,
1670 2460 1722 2502 seu
1750 2443 1874 2520 legere,
1892 2440 1937 2500 md

1148 2543 1225 2621 quod
1244 2544 1321 2603 alius
1338 2562 1441 2604 eorum
1460 2546 1572 2604 nomine
1594 2542 1672 2622 legat
1683 2563 1693 2615 ς
1714 2552 1744 2603 et
1763 2540 1831 2621 ipsi,
1851 2537 1938 2616 jura·

1149 2654 1245 2704 mento
1267 2646 1363 2717 lecto,
1382 2640 1504 2721 jurent,
1522 2654 1551 2704 et
1572 2655 1641 2704 tunc
1661 2654 1775 2703 taotutu
1795 2640 1936 2720 genuam

1145 2741 1296 2819 jurabant;
1313 2756 1465 2825 propterea
1481 2762 1549 2805 cum
1567 2744 1770 2805 intellexissent
1784 2760 1804 2802 a
1824 2760 1872 2803 me
1885 2740 1938 2802 lie·

1150 2864 1215 2925 gem
1234 2844 1337 2907 debere
1368 2846 1396 2903 in
1421 2842 1590 2921 hujusmodi
1615 2842 1777 2921 juramenti
1808 2852 1938 2923 praesta-

1152 2947 1227 3007 tione
1255 2944 1474 3024 genuflectere,
1504 2955 1534 3005 et
1564 2945 1787 3024 perseipsum
1823 2944 1938 3020 legere,

1151 3046 1230 3125 quod
1249 3048 1306 3126 ipse
1324 3044 1452 3126 Legatos
1472 3043 1656 3117 admitteret,
1681 3044 1762 3122 quod
1784 3040 1938 3119 juramen-

1152 3157 1213 3206 tum
1247 3142 1415 3222 hujusmodi
1447 3146 1556 3224 legeret
1586 3147 1644 3224 ipse
1670 3144 1844 3216 Pontanus,
1864 3141 1939 3220 llcge

1151 3258 1301 3328 praesente
1325 3258 1354 3308 et
1373 3245 1504 3318 sedente,
1523 3255 1553 3306 et
1571 3264 1606 3307 eo
1634 3246 1709 3306 lecto
1726 3255 1865 3322 surgeret
1883 3242 1939 3304 lies

1151 3360 1180 3409 et
1198 3367 1285 3429 super
1301 3348 1449 3408 cussinum
1464 3346 1684 3426 genuflecteret,
1697 3357 1727 3407 et
1742 3348 1831 3406 tactis
1841 3345 1939 3406 Esau·

1151 3450 1232 3529 geliis
1247 3447 1375 3526 juraret,
1392 3450 1465 3509 lecta
1483 3449 1555 3509 relle
1570 3447 1738 3508 obsecrare.
1759 3445 1890 3525 Legatos
1905 3442 1939 3503 ad

1153 3551 1224 3612 haec
1243 3569 1288 3611 tne
1308 3549 1442 3621 vocarit,
1461 3549 1535 3626 qui,
1555 3546 1716 3627 praemissis
1735 3546 1867 3621 auditis,
1886 3545 1939 3605 dixi

1153 3668 1336 3729 nequaquam
1356 3648 1444 3709 modo
1459 3649 1614 3728 praemisso
1634 3646 1697 3709 deri
1716 3658 1877 3728 oportere,
1894 3648 1940 3710 sed

1152 3751 1190 3811 ad
1210 3751 1411 3830 juramentum
1432 3747 1602 3826 hujusmodi
1622 3748 1650 3809 in
1670 3751 1803 3810 manibus
1821 3748 1940 3829 Legati,

1153 3853 1265 3913 nomine
1293 3851 1417 3913 Sanctae
1446 3852 1594 3913 Romanae
1623 3851 1771 3913 Ecclesiae
1803 3862 1833 3913 et
1864 3851 1942 3912 Sedis

1152 3953 1332 4033 apostoticae
1362 3963 1390 4014 et
1409 3952 1590 4014 sanctissimi
1617 3953 1651 4012 Ι).
1674 3951 1708 4012 Ν.
1738 3953 1834 4033 Papae
1865 3957 1939 4014 reci·

1153 4055 1266 4134 pientis,
1285 4053 1500 4133 praestandum,
1511 4073 1564 4133 per
1575 4052 1758 4132 genuflexum
1770 4054 1801 4113 id
1813 4053 1879 4115 beri
1889 4072 1941 4115 nou

1154 4156 1238 4217 aliter
1256 4155 1416 4229 consueri,
1438 4156 1574 4234 quodque
1600 4153 1682 4232 juret
1701 4156 1760 4235 ipse
1782 4155 1845 4217 Rex
1877 4173 1941 4216 cunt

1153 4258 1236 4328 sciat,
1257 4266 1286 4317 et
1304 4253 1506 4332 juramentum
1527 4258 1619 4336 ipsum
1635 4258 1722 4335 legat.
1744 4255 1831 4325 Quod
1853 4268 1883 4317 et
1903 4259 1941 4317 sic

1154 4357 1217 4418 beri
1234 4355 1338 4418 debere
1352 4355 1480 4436 Legatos
1492 4359 1656 4417 ullirmavit.
1669 4357 1830 4418 Praedictis
1841 4359 1942 4419 auditis

1155 4460 1338 4521 Secretorius
1360 4470 1389 4519 et
1407 4503 1941 4522 ..................

1156 4605 1288 4623 .....
1313 4571 1347 4620 ut
1361 4560 1471 4639 aliquid
1486 4563 1584 4623 iecisse
1607 4561 1787 4633 siderentur,
1800 4560 1942 4642 legatum

1155 4670 1316 4741 rogarunt,
1337 4672 1371 4721 ut
1399 4663 1501 4723 saltem
1521 4681 1609 4742 super
1640 4663 1789 4723 cussinum
1810 4662 1874 4724 taes
1891 4683 1944 4743 ge·

1154 4761 1334 4834 nullecteret,
1352 4773 1380 4822 et
1400 4761 1459 4840 ipse
1481 4763 1657 4824 secretarius
1687 4775 1753 4825 ante
1769 4764 1882 4844 Regem
1901 4768 1944 4827 le·

1154 4875 1236 4944 geret
1251 4882 1285 4925 ex
1300 4862 1387 4935 libro,
1405 4863 1468 4924 Eex
1483 4875 1646 4943 repeteret,
1666 4865 1821 4927 admittere
1839 4867 1944 4946 digna·

1155 4976 1248 5027 retur.
1261 4962 1346 5033 Quod
1361 4962 1499 5043 legatus,
1522 4967 1619 5025 multis
1635 4965 1795 5027 dicentibus
1810 4969 1890 5045 quod
1906 4971 1945 5031 sic

1155 5082 1212 5125 non
1227 5064 1360 5126 obviaret
1379 5066 1562 5127 caerimoniis
1582 5067 1695 5141 debitis,
1706 5069 1755 5131 sed
1768 5071 1865 5130 solum
1881 5090 1946 5131 ma·

1151 5162 1228 5241 joris
1248 5165 1385 5246 temporis
1405 5185 1477 5246 opus
1501 5176 1575 5227 esset
1593 5211 1601 5240 ,
1621 5168 1744 5230 admisit.

1195 5267 1346 5347 assignato
1367 5267 1421 5330 hoc
1440 5286 1523 5331 manc
1542 5269 1577 5330 l).
1596 5271 1704 5333 lacobo
1723 5271 1898 5335 Prothonot.
1914 5272 1947 5335 de
1984 5265 1985 5269 ¹

1154 5368 1324 5431 Sermoneta
1344 5371 1372 5429 io
1390 5368 1446 5432 dne
1465 5371 1558 5449 quinti
1577 5374 1686 5433 scamni
1714 5373 1751 5431 ad
1776 5376 1830 5434 sin.
1851 5374 1948 5435 tribu·

1152 5487 1218 5530 nom
1229 5469 1409 5544 ascendente,
1418 5470 1503 5532 ridel.
1516 5489 1609 5534 cornu
1618 5471 1770 5552 Evangelii
1782 5485 1848 5553 post
1860 5494 1947 5555 prae·

1153 5572 1226 5632 latos
1245 5583 1377 5651 puratos,
1396 5582 1425 5633 et
1440 5572 1565 5635 electum
1585 5573 1803 5648 lllaranensem,
1818 5593 1854 5635 ac
1871 5574 1949 5636 l'ro·

1153 5671 1352 5734 thonotarium
1372 5672 1407 5734 de
1426 5672 1514 5755 Sego,
1533 5675 1595 5754 ipso
1607 5674 1778 5738 Sermonem
1796 5676 1949 5750 seniorem,
