4492 6859
230 618 347 719 (troo)

237 791 353 835 monem
386 780 451 851 post
478 769 593 830 nissam
624 769 728 833 debere
759 772 897 833 ordinari.
929 771 1023 832 Finito

237 890 371 933 sermone
393 881 449 931 etc.
473 869 528 930 88.
559 869 595 930 D.
623 868 657 931 N.
688 871 765 934 dedit
798 871 1022 934 benedictionem

232 980 402 1033 consuetam
421 969 538 1031 dicens:
560 972 604 1032 sit
624 989 734 1032 nornen
754 972 886 1033 Domini
911 982 965 1031 ete.
994 983 1023 1032 ct

232 1074 396 1152 episcopus,
417 1071 467 1147 qui
483 1088 644 1131 sermonem
666 1071 784 1146 iecerat,
796 1070 955 1151 publicarit
975 1069 1023 1129 in-

234 1172 397 1252 dulgentias
417 1189 468 1250 per
494 1169 661 1232 Pontificem
683 1190 840 1234 concessas.
863 1173 940 1233 Tum
970 1172 1022 1235 de·

234 1271 347 1333 scendit
367 1270 402 1331 de
434 1271 566 1349 pulpito,
586 1281 615 1331 et
643 1284 823 1334 recesserunt
850 1292 959 1336 omnes.

278 1372 364 1433 Peria
377 1379 472 1443 sexta,
483 1370 513 1430 P.
533 1369 643 1449 aprilis,
662 1370 734 1433 bora
751 1374 829 1434 circa
847 1374 1023 1453 vigesimam,

234 1492 288 1555 per
309 1483 403 1552 prata,
423 1482 452 1533 ιι
473 1483 586 1552 portam
602 1472 746 1535 ·Viridarii
768 1473 845 1535 venit
859 1474 896 1533 od
911 1473 1021 1538 Urbem

234 1574 280 1634 ΙΙΙ.
296 1572 333 1632 D.
350 1570 446 1633 Guido
463 1582 518 1633 etc.
538 1572 604 1634 Dux
622 1574 727 1637 Urbini
749 1593 818 1636 cum
834 1576 951 1638 circiter
963 1576 1022 1636 du·

236 1675 326 1735 centis
342 1682 372 1733 et
390 1672 598 1752 quinquaginta
616 1675 761 1752 equitibus
774 1684 804 1736 et
818 1674 1022 1750 familiaribus,

234 1775 286 1852 qui
301 1774 447 1833 aiamiliis
460 1772 703 1849 Cardiualium,et
719 1774 817 1837 SSD.
823 1771 859 1837 N.
865 1796 899 1837 ac
911 1775 1023 1839 Orato-

233 1893 302 1935 rum
312 1873 428 1953 Regum
438 1891 474 1934 ac
493 1873 662 1955 Principum
678 1877 707 1936 iu
731 1875 812 1939 Urbe
827 1878 1022 1951 existentium,

235 1973 394 2037 honorilice
405 1986 538 2053 recaptus
549 1986 602 2049 est,
613 1988 643 2038 et
655 1978 732 2038 renit
743 1977 778 2036 ad
793 1979 877 2057 pedes
890 1978 1023 2039 Sanctis·

234 2078 297 2138 simi
309 2076 424 2138 Domini
435 2075 533 2137 Nostri
546 2077 651 2157 Papae,
665 2081 694 2138 in
709 2079 833 2141 secunda
844 2099 958 2143 camera
970 2097 1023 2140 su·

234 2197 288 2259 per
300 2177 383 2240 lobiis
393 2196 481 2257 super
493 2188 606 2256 portam
627 2180 761 2241 introitus
775 2180 878 2242 Palatii
891 2181 1021 2254 sedentiu

233 2277 285 2356 qui
296 2278 410 2339 eumad
422 2277 672 2357 pedis,manus,ct
683 2281 885 2342 orisoseulum
902 2282 1021 2360 benigne

232 2380 355 2459 recepit,
372 2379 494 2451 audivit,
508 2390 537 2441 ct
552 2380 588 2440 ad
604 2383 784 2461 propositum
796 2382 956 2462 rospondit3
968 2383 1021 2443 de-

233 2479 301 2540 iude
328 2479 366 2539 ad
391 2481 530 2559 palatium
547 2480 585 2540 R.
599 2480 634 2541 D.
658 2481 817 2544 cardinalis
838 2481 869 2543 S.
891 2482 971 2544 Petri
986 2484 1022 2543 ad

232 2580 370 2653 Vincula,
377 2577 463 2657 juxta
475 2580 622 2641 basilicam
639 2581 790 2643 duodecim
805 2580 1022 2661 Apostolorum,

237 2681 288 2741 ubi
307 2682 469 2761 hospitatus
487 2693 546 2752 est,
566 2682 742 2753 associatus,
763 2682 873 2743 medus
893 2683 967 2743 inter
986 2684 1021 2745 D.

232 2780 412 2843 Mauritium
444 2780 516 2842 cibo
545 2779 666 2844 ira'trem
689 2781 744 2843 88.
765 2783 802 2843 D.
825 2782 859 2847 N.
881 2784 976 2864 Papae
1004 2804 1022 2845 a

237 2883 385 2956 dexteris,
410 2893 439 2943 et
467 2881 699 2945 Gubernatorem
731 2884 854 2947 Urbisa
879 2885 1022 2961 sinistris,

236 2985 394 3062 equitans,
426 2982 609 3061 sequentibus
643 2986 708 3045 aliis
741 2985 842 3046 ordine
874 2996 1020 3046 consueto.

235 3081 452 3145 Praecedebaut
466 3094 562 3145 sutem
576 3083 700 3145 tamttise
718 3084 931 3157 cardinalium,
949 3095 976 3145 et
992 3084 1021 3144 in

236 3184 340 3244 ultimo
361 3184 427 3244 loco
445 3192 520 3256 erat,
541 3195 606 3264 post
626 3184 722 3265 Papae
742 3198 770 3246 et
786 3185 879 3245 Ducis
894 3185 1020 3246 nobilem

234 3284 402 3357 iamiliam,
435 3283 493 3344 dux
523 3283 614 3345 Sorae
650 3285 759 3346 medius
794 3285 926 3364 equitans
946 3286 1021 3348 inter

234 3386 426 3447 Franciscum
451 3385 523 3446 cibo
545 3383 637 3446 lilium
658 3387 789 3467 Papnea
817 3388 962 3460 dexteris,
991 3396 1021 3449 et

232 3488 367 3549 comitem
392 3488 548 3548 Antonium
570 3486 691 3549 fratrem
711 3489 908 3568 illegittimum
938 3488 1021 3549 ducis

237 3586 343 3649 Urbini
372 3606 390 3647 a
416 3588 560 3660 sinistris3
581 3607 654 3667 quos
684 3589 893 3668 praecedebant
917 3589 1021 3652 comes

232 3684 436 3761 mirandulae,
454 3700 483 3750 et
503 3690 552 3749 alii
574 3690 739 3769 complures
760 3689 896 3764 Comites,
907 3701 936 3751 et
954 3690 1020 3750 Do·

235 3789 307 3848 mini
339 3808 374 3850 ac
406 3790 534 3851 Darones
564 3789 688 3852 Romani
718 3808 774 3853 suo
804 3791 905 3853 ordine
933 3790 1019 3869 cqui-

233 3896 337 3949 tantas.

277 3988 417 4060 Sabbato‚
437 3988 466 4047 3.
489 3988 558 4049 dicti
579 3990 685 4052 mensis
704 3990 815 4070 aprilis,
836 3991 892 4052 dixi
911 3989 967 4053 88.
982 3992 1019 4053 D.

233 4086 271 4149 N.
304 4087 348 4147 bis
368 4087 467 4148 diebus
487 4088 588 4150 emisse
609 4091 737 4151 officium
759 4093 846 4152 unius
867 4112 903 4154 ex
923 4093 1021 4173 Mogi-

232 4188 304 4248 stris
324 4186 454 4266 Registri
474 4188 717 4267 supplicationum
738 4212 756 4253 a
776 4190 811 4252 1..
836 4192 871 4255 de
892 4195 1019 4271 Berinis,

232 4288 427 4370 supplicando
449 4286 599 4350 sanctitati
615 4290 692 4353 Suae
706 4292 743 4354 'ob
763 4293 820 4355 boc
841 4296 978 4374 expediri,
991 4309 1020 4358 et

233 4390 394 4471 plumbari-
415 4389 551 4451 mondare
586 4392 694 4465 vellet,
714 4405 743 4454 et
764 4398 1020 4477 compositionem,

232 4508 308 4568 quae
329 4508 397 4551 cum
415 4488 536 4552 Datario
557 4509 612 4570 pro
634 4504 761 4570 quatuor
780 4495 846 4557 duc.
880 4496 944 4559 lieri
969 4517 1020 4560 so·

234 4590 284 4664 let,
305 4590 375 4651 mibi
396 4590 516 4669 benigue
537 4593 706 4655 remitteret.
729 4594 843 4658 Diteras
858 4596 933 4678 ipsas
946 4618 1020 4679 gra·

235 4690 306 4752 tiosc
327 4689 473 4770 expediri,
492 4703 521 4753 et
542 4694 691 4772 plumbati
711 4696 871 4772 mandarit,
887 4708 916 4761 et
936 4719 1021 4764 com-

233 4791 403 4870 positionem
431 4789 597 4869 bujusmodi
621 4796 691 4857 mibi
713 4798 804 4860 libere
826 4798 942 4862 donarit
964 4820 1020 4864 non

238 4892 401 4964 solum,sed
412 4904 440 4954 ιι
457 4896 624 4970 secretario,
634 4908 668 4957 ut
678 4898 775 4960 literas
789 4901 863 4981 ipsas
876 4902 1021 4983 expediret

235 4991 344 5069 quibus
360 4991 456 5053 adbuc
478 4993 515 5052 ab
531 4992 614 5056 bodie
628 5007 661 5057 ιιι
681 5015 727 5061 nte
748 5000 785 5061 ad
806 5001 892 5064 officii
912 5000 1021 5079 hujus·

233 5093 312 5153 modi
332 5095 502 5156 exercitium
528 5097 703 5173 admitteret,
723 5101 874 5183 diligenter
896 5106 1021 5166 commi·

233 5194 281 5253 sit.
304 5192 412 5255 Eadem
435 5194 479 5256 die
498 5240 507 5269 ,
529 5196 556 5256 d.
581 5197 615 5258 [t.
638 5199 672 5261 de
695 5200 808 5263 Beriuis
835 5205 1019 5284 resignationi

234 5290 403 5369 hujusmodi
418 5297 447 5355 in
463 5296 584 5358 camera
600 5302 757 5375 consensit,
775 5302 813 5361 ad
834 5302 920 5379 cujus
934 5326 1020 5367 exer·

697 631 981 698 PONTlFch'PUS
1001 629 1225 697 tnnncnurtr
1245 574 1399 695 OCNAVI.
1817 631 1876 693 itt

1089 772 1185 851 potius
1205 780 1298 830 tamen
1320 787 1372 848 per
1393 787 1440 829 me
1462 767 1649 848 personaliter
1671 768 1877 846 requisitis,et

1088 870 1242 943 consensis,
1259 868 1399 929 admissus
1420 868 1462 928 iui
1484 869 1513 926 in
1534 869 1647 930 omnine
1668 867 1793 930 Domini.

1129 972 1181 1033 tlts
1202 970 1303 1032 diebus
1325 968 1511 1049 praeteritis,
1530 967 1593 1027 tiit.
1621 968 1684 1028 DD.
1705 967 1872 1032 cardinales

1088 1071 1274 1143 Parmensis,
1296 1069 1329 1131 8.
1351 1068 1492 1148 Georgii,
1514 1067 1662 1142 Ursinis,
1683 1080 1712 1130 et
1737 1070 1875 1131 Ascanius

1087 1174 1175 1235 simul
1208 1173 1356 1233 existentes
1380 1169 1409 1228 in
1430 1168 1516 1230 domo
1538 1168 1574 1228 it.
1596 1170 1632 1229 D.
1652 1168 1812 1229 Cardinalis
1841 1169 1875 1230 S.

1088 1271 1234 1351 Georgi,
1264 1288 1311 1331 sne
1328 1270 1365 1330 ad
1386 1289 1416 1331 se
1438 1279 1596 1342 vocatum,
1617 1268 1876 1349 interrogaverunt

1088 1371 1123 1434 de
1144 1373 1208 1434 loco
1229 1369 1333 1434 Urbini
1355 1369 1429 1430 Duci
1449 1369 1543 1430 dando
1555 1391 1565 1442 ς
1589 1371 1694 1449 quibus
1715 1372 1872 1451 respondi,

1088 1472 1222 1535 omnibus
1241 1467 1352 1548 judicio
1373 1471 1465 1540 salvo,
1486 1469 1565 1548 quod
1585 1473 1614 1531 in
1636 1472 1722 1551 plano
1735 1473 1798 1534 solii
1815 1472 1876 1532 Pa-

1088 1592 1151 1653 pae,
1172 1589 1239 1634 oum
1259 1583 1334 1636 esset
1354 1570 1481 1633 modicae
1501 1573 1643 1650 potentiae
1662 1572 1744 1645 Dux,
1764 1584 1793 1633 et
1814 1571 1875 1633 Ec·

1088 1674 1191 1733 clesiae
1213 1673 1374 1746 vassallus,
1397 1672 1464 1734 licet
1487 1673 1565 1753 patri
1585 1691 1655 1748 suo,
1684 1692 1735 1753 per
1752 1672 1875 1735 Sanctae

1088 1775 1243 1838 memoriae
1278 1773 1393 1835 Sixtum
1426 1773 1533 1855 Papam
1562 1776 1610 1837 tv.
1645 1785 1710 1855 post
1738 1775 1873 1836 ultimum

1088 1875 1240 1938 diaconum
1269 1875 1451 1937 cardinalem
1477 1876 1506 1936 iu
1535 1893 1637 1937 eorum
1668 1876 1760 1937 banco
1790 1874 1875 1936 datus

1089 1976 1188 2039 inisset
1220 1979 1323 2050 locus,
1346 1977 1492 2055 aliquibus
1515 1976 1717 2039 cardinalibus
1749 1975 1783 2038 de
1817 1974 1874 2037 boc

1088 2078 1348 2155 conquerentibus:
1375 2076 1404 2137 id
1431 2088 1525 2139 tamen
1557 2076 1651 2156 magis
1685 2074 1870 2138 conveniebat

1089 2197 1158 2241 cum
1176 2178 1274 2240 risisset
1295 2177 1417 2239 Sanctae
1432 2177 1583 2240 Romanae
1600 2176 1748 2239 Ecclesiae
1767 2177 1875 2240 corda·

1088 2278 1234 2351 lones-ius,
1254 2297 1304 2340 sea
1322 2278 1463 2357 generalis
1485 2278 1657 2359 capitaneus
1676 2280 1706 2339 in
1727 2290 1804 2341 tanta
1821 2278 1870 2339 di·

1088 2380 1196 2457 gnitatc
1215 2379 1407 2452 constitutus,
1427 2378 1456 2439 in
1476 2378 1563 2441 rebus
1581 2378 1690 2440 bellicis
1708 2380 1875 2460 expertissi-

1087 2495 1167 2550 mus,
1184 2488 1212 2539 et
1229 2476 1308 2556 apud
1328 2496 1425 2538 omnes
1446 2477 1544 2541 ltaliae
1563 2480 1707 2560 principes
1726 2490 1756 2542 et
1768 2492 1873 2561 poten-

1088 2587 1165 2637 tatus
1193 2593 1313 2656 maguac
1344 2577 1547 2651 auctoritatis,
1567 2591 1596 2642 et
1618 2581 1786 2661 prudentiae
1817 2582 1874 2643 ba·

1087 2675 1175 2738 bitus.
1195 2676 1311 2739 Placuit
1327 2677 1434 2739 eisdem
1453 2676 1653 2741 cardinalibus
1674 2698 1737 2742 mea
1756 2682 1875 2762 opinio,

1088 2790 1118 2839 et
1139 2778 1255 2852 deinde,
1272 2797 1342 2840 cum
1362 2778 1391 2840 iu
1413 2780 1581 2843 consistorio
1607 2780 1662 2841 hac
1692 2783 1727 2842 de
1749 2801 1876 2847 rerer-

1087 2877 1158 2941 bum
1177 2880 1347 2953 baberetur,
1365 2879 1580 2943 decretumluit
1595 2882 1674 2960 quod
1692 2881 1784 2945 eidem
1797 2884 1875 2947 Daci

1088 2982 1170 3043 locus
1191 2981 1219 3041 in
1241 2982 1328 3061 plano
1347 2981 1411 3043 solii
1433 2980 1554 3044 daretur
1576 2980 1662 3062 juxta
1682 3001 1776 3046 ineam
1805 2987 1872 3066 opi·

1087 3083 1211 3153 aionem,
1233 3082 1311 3159 quod
1332 3093 1361 3142 et
1382 3082 1491 3142 iactum
1507 3095 1559 3145 est.

1128 3181 1237 3243 Diebus
1270 3182 1434 3261 praeteritis
1463 3184 1659 3244 veneruntad
1680 3184 1789 3248 Urbem
1812 3201 1869 3246 no·

1089 3301 1141 3344 sae
1172 3281 1207 3343 de
1240 3282 1320 3351 obitu
1349 3282 1396 3343 bo.
1425 3301 1480 3344 me.
1502 3282 1601 3346 Caroli
1626 3285 1785 3347 Subaudiae
1814 3298 1876 3347 etc.

1087 3381 1176 3443 Ducis
1209 3381 1259 3460 qui
1290 3383 1319 3442 in
1344 3399 1447 3445 xxrur.
1468 3385 1513 3446 rel
1534 3384 1614 3445 circo
1638 3386 1741 3447 aetatis
1761 3404 1869 3448 annum

1086 3483 1262 3545 constitutus
1273 3482 1318 3543 die
1338 3483 1387 3543 li.
1410 3486 1514 3546 mensis
1531 3487 1628 3546 martii
1645 3487 1772 3567 proxime
1784 3507 1875 3568 prae-

1086 3582 1166 3645 teriti
1188 3581 1263 3645 diem
1285 3584 1390 3644 clausit
1414 3595 1600 3659 extremum,
1627 3588 1730 3649 relicta
1755 3599 1831 3668 post.
1845 3609 1877 3652 so

1086 3681 1145 3744 illia
1171 3684 1386 3763 primogenita,
1405 3694 1434 3745 ιι
1454 3683 1561 3748 carolo
1583 3688 1612 3746 in
1629 3688 1750 3768 septimo
1774 3692 1877 3751 aetatis

1085 3803 1154 3847 suae
1172 3802 1277 3858 meuse,
1295 3786 1340 3845 rel
1360 3783 1438 3846 circa
1455 3789 1623 3861 constituto,
1640 3789 1692 3867 qui
1712 3789 1738 3850 ei
1760 3791 1789 3851 in
1806 3790 1872 3851 Du·

1087 3896 1168 3958 catu,
1189 3897 1218 3947 ιι
1236 3887 1265 3945 in
1285 3886 1419 3948 omnibus
1438 3887 1569 3948 dominiis
1587 3898 1642 3949 etc.
1664 3891 1811 3951 successit.

1127 3988 1180 4047 Die
1196 3988 1296 4061 lunae,
1307 3987 1357 4047 tn.
1370 3988 1474 4048 mensis
1489 3989 1600 4068 aprilis,
1620 3991 1713 4050 lllust.
1728 3990 1764 4050 D.
1778 3990 1874 4053 (luido

1088 4087 1195 4151 Urbini
1218 4096 1274 4150 etc.
1293 4085 1360 4147 Dux
1381 4088 1498 4149 recessit
1519 4107 1553 4149 ex
1571 4089 1664 4162 Urbe,
1683 4091 1840 4153 associatus
1857 4112 1876 4154 a

1085 4188 1247 4269 praelatis,
1268 4199 1296 4249 et
1318 4187 1433 4248 tamittts
1460 4188 1576 4268 Papae,
1600 4201 1629 4252 ct
1649 4191 1874 4269 carditulium,

1084 4302 1165 4350 extra
1188 4300 1302 4368 portum
1324 4290 1357 4350 tt.
1380 4288 1490 4351 Nar-iae
1511 4289 1547 4351 de
1565 4289 1678 4371 Populo
1698 4293 1727 4352 in
1742 4291 1796 4354 Dei
1817 4311 1873 4357 no·

1086 4408 1172 4451 mine.

1126 4490 1286 4563 Dominica,
1303 4491 1352 4552 tn.
1372 4493 1451 4565 maii,
1463 4492 1577 4556 habitae
1597 4497 1789 4577 suatnnptiae
1804 4496 1873 4559 Ursi

1085 4591 1120 4654 de
1140 4592 1251 4655 Ursinis
1265 4603 1321 4655 etc.
1347 4591 1412 4654 NR.
1434 4593 1496 4656 DD.
1519 4595 1823 4660 vicecancellarius.
1837 4598 1873 4659 ad

1085 4712 1157 4773 quas
1179 4695 1299 4756 nomine.
1311 4693 1439 4773 ejusdem
1455 4694 1541 4757 card.
1559 4715 1595 4758 ac
1616 4699 1709 4777 sponsi
1723 4709 1779 4759 ιιι.
1793 4699 1874 4759 inri-

1085 4797 1137 4856 tati
1158 4805 1225 4857 sunt
1247 4793 1355 4857 nobiles
1376 4796 1451 4856 inira
1479 4797 1664 4871 nominandi,
1690 4817 1764 4878 quos
1790 4804 1873 4878 equi·

1085 4896 1172 4958 tundo
1198 4914 1319 4957 romano
1339 4914 1445 4971 more,
1465 4898 1495 4956 in
1516 4898 1656 4961 bonorem
1679 4902 1773 4981 sponsi
1792 4920 1873 4962 asso·

1086 4995 1161 5059 ciavi
1182 4997 1217 5060 de
1238 4999 1315 5060 scitu
1332 5011 1361 5059 et
1384 4999 1531 5060 voluntate
1552 4999 1692 5080 praedicti
1720 4999 1816 5073 limi,
1838 5002 1873 5063 de

1085 5100 1140 5162 hoc
1160 5102 1271 5163 ordine.
1304 5100 1397 5161 Primi
1432 5101 1551 5163 luerunt
1569 5101 1604 5162 D.
1627 5101 1780 5163 Mauritius
1801 5102 1872 5165 cibo

1085 5203 1177 5263 irater
1207 5201 1322 5282 Papae,
1344 5201 1453 5263 medius
1474 5201 1549 5262 inter
1571 5205 1751 5283 capitaneum
1767 5202 1873 5264 Eccle-

1084 5305 1143 5367 siae
1164 5303 1297 5367 ridelicet
1318 5303 1354 5364 D.
1372 5301 1523 5365 Nicolaum
1546 5302 1580 5364 de
1601 5303 1712 5367 Ursinis
1732 5302 1873 5365 Comitem

232 5394 346 5469 citium,
367 5416 443 5476 ego,
465 5397 510 5458 die
530 5400 630 5460 martis
651 5401 681 5461 6.
703 5403 769 5464 dieti
793 5410 895 5465 mensis
915 5425 966 5485 per
983 5407 1018 5469 D.
1084 5418 1139 5467 etc.
1158 5424 1175 5464 a
1197 5404 1378 5479 dexteris,et
1392 5405 1581 5466 Franciscum
1600 5402 1672 5465 cibo
1695 5402 1785 5466 lilium
1812 5405 1874 5466 Pa·

233 5496 399 5559 Gabrielem
420 5497 454 5560 de
472 5498 574 5561 Pbauo
593 5502 622 5559 in
642 5503 743 5564 eodem
763 5506 858 5568 officio
878 5511 1019 5569 seniorem
1084 5525 1137 5585 pae
1158 5524 1175 5565 a
1196 5506 1315 5566 sinistris
1325 5525 1336 5579 3
1358 5524 1430 5584 quos
1450 5514 1546 5566 tamen
1575 5506 1615 5565 sie
1642 5504 1796 5579 ordinavi,
1825 5507 1875 5569 sed

233 5600 421 5678 magistrum,
441 5601 562 5661 dominis
580 5601 728 5665 dobannae
738 5603 895 5668 Laurentio
910 5608 945 5669 de
960 5608 1019 5671 Ve-
1083 5606 1112 5665 in
1128 5605 1221 5668 medio
1231 5607 1422 5687 capitaneum,
1437 5604 1589 5667 adexteris
1607 5604 1643 5665 D.
1655 5606 1839 5682 Mauritium,
1856 5628 1875 5668 a

233 5702 340 5776 uetiis,
360 5711 390 5764 et
411 5700 556 5765 Alouardo
576 5704 611 5765 de
628 5703 766 5768 Cortesiis
784 5709 903 5787 collegis
934 5709 1018 5784 suis,
1082 5707 1246 5770 sinistrisD.
1259 5706 1446 5771 Franciscum
1455 5708 1602 5771 collocare
1613 5707 1779 5784 debueram,
1791 5707 1869 5787 quod
