4492 6859
357 664 419 728 ico

359 814 443 863 retur
465 818 517 879 per
535 797 572 857 li.
591 794 747 858 ὓοιιιῑιιιιιιι
766 794 938 859 Tolctsnum
956 794 1086 876 ejusdem
1108 796 1149 856 ti·

357 902 410 962 tuli
433 898 617 961 cardinalem
632 908 661 958 et
683 896 860 977 perpulchre
886 909 1069 972 ornaretur,
1096 915 1148 958 rc·

356 1014 437 1081 perta
464 1010 507 1059 cst
538 1000 567 1059 ln
594 999 759 1059 summitate
778 996 907 1077 ejusdem
942 1017 1033 1060 arcus
1058 1016 1149 1077 supra
1200 1008 1202 1012 ’

361 1100 498 1171 chorum,
516 1100 545 1160 in
576 1098 700 1177 quadam
730 1099 853 1178 capsella
883 1098 1017 1179 plumbea
1058 1099 1149 1159 latere

357 1212 507 1284 cooperta,
525 1199 628 1260 cedula
654 1198 855 1277 circumligata
870 1210 900 1259 et
921 1199 1016 1259 trihus
1037 1198 1148 1278 sigillis,

357 1296 485 1376 ejusdem
507 1309 601 1358 tamen
628 1298 831 1376 impressionis,
852 1298 995 1377 sigillata:
1023 1298 1051 1356 in
1079 1297 1148 1374 qui·

356 1400 411 1459 bus
423 1399 640 1477 sigillisscripta
655 1408 739 1458 eraut
754 1396 861 1469 verba,
887 1397 1046 1460 Geroldua
1066 1396 1149 1458 Gor·

358 1500 480 1561 distulis
503 1498 641 1558 Sanctae
668 1496 800 1571 Crucis,
822 1509 852 1561 et
873 1499 903 1558 lu
930 1498 1024 1561 medio
1050 1498 1149 1577 imago

357 1599 498 1678 quaedam
519 1596 628 1661 medae
649 1597 763 1677 figurae
778 1607 846 1660 cum
867 1601 979 1679 capello
1006 1602 1036 1659 lu
1052 1599 1148 1660 torma

357 1700 482 1761 rotunda
495 1700 696 1778 magnitudinis
715 1702 928 1779 aliquantulum
946 1698 1068 1777 majoris
1078 1718 1148 1761 cor·

355 1801 485 1859 tinorum
506 1797 549 1880 (i)
569 1799 663 1860 felicis
686 1800 911 1863 reminiscentias
928 1800 1025 1864 Pauli
1054 1804 1149 1881 Papae

356 1898 490 1961 Secundi.
510 1900 545 1958 lu
565 1901 654 1962 latere
676 1919 748 1962 vero
775 1900 882 1962 dictum
904 1920 1018 1982 capsam
1041 1920 1148 1982 coope-

356 2003 446 2062 riente
477 2020 494 2059 a
525 2013 627 2081 parte,
655 2018 730 2081 quaa
751 2001 787 2061 ab
816 2002 893 2064 intus
925 2006 1019 2083 posita
1041 2003 1150 2071 luerat,

355 2104 468 2181 sculpta
482 2114 566 2162 eruut
580 2103 653 2162 haec
663 2102 753 2163 verba
774 2104 888 2166 titulus
901 2103 1015 2165 Graecia
1033 2113 1088 2164 cte.
1116 2103 1147 2160 ln

357 2221 441 2283 capsa
474 2221 547 2263 sero·
561 2202 710 2282 praedicta
731 2205 823 2283 posita
844 2214 908 2265 crat
930 2203 1071 2282 quaedam
1100 2211 1147 2260 ta-

356 2305 425 2364 bula
446 2304 646 2381 antiquissima
665 2306 908 2385 senaiconsumpta
923 2306 1029 2385 lignea,
1050 2302 1148 2382 tongi-

358 2406 465 2465 tudiuis
484 2406 568 2464 unius
583 2404 673 2483 palmi
691 2416 719 2466 ct
734 2423 835 2484 grossa
850 2407 1003 2485 plusquam
1019 2405 1146 2465 duorum

357 2505 539 2584 digitorum,
558 2505 588 2564 in
610 2522 668 2582 qua
686 2505 783 2565 tabula
804 2508 933 2587 sculptae
947 2518 1031 2567 crant
1045 2506 1148 2566 ordine

358 2608 541 2686 retrogrado,
553 2606 731 2668 ludaeorum
751 2626 844 2681 more,
856 2609 971 2669 litterae
985 2607 1147 2681 hebraicae,

356 2727 478 2788 graecae
495 2720 524 2770 et
536 2708 656 2770 letitiae:
673 2707 764 2770 Jcssts
778 2709 981 2772 Nosnreusa:
996 2707 1146 2768 residuum

279 2870 282 2875 ,
357 2809 437 2868 tituli
455 2806 530 2886 ejus,
549 2808 682 2868 videlieet
696 2808 766 2871 lica
779 2807 972 2871 Iudaeorum
987 2806 1148 2881 deficiebat,

358 2918 387 2971 et
403 2909 500 2969 tabula
515 2910 576 2989 ipsa
597 2908 711 2970 abuno
730 2910 823 2989 capite
840 2907 1147 2988 ostersdebatscriptu·
1166 2957 1168 2961 ,

350 3009 1146 3089 -rametquodsemidivisaiuissctexistimabatompro-

358 3121 457 3193 pterea
481 3110 511 3171 in
526 3112 581 3171 ulia
604 3123 688 3191 parte
708 3108 838 3188 ejusdem
859 3111 975 3173 tabulae
989 3108 1147 3183 deficiente,

357 3212 507 3274 residuum
523 3213 687 3274 litterarum
703 3209 871 3289 hujusmodl
883 3214 1029 3293 sculptum
1048 3211 1145 3272 luisse.

358 3312 514 3396 Scriptura
537 3316 690 3376 literarum
711 3310 881 3390 hujusmodi
901 3313 960 3372 luit
987 3311 1056 3372 satis
1074 3329 1147 3372 con·

357 3432 428 3475 cave
444 3460 452 3486 ,
471 3426 500 3476 ct
518 3416 586 3475 satis
618 3414 699 3475 bonis
723 3412 945 3476 characteribus
975 3413 1075 3483 lacta,
1110 3412 1148 3471 sd

360 3532 489 3593 quorum
513 3516 728 3576 characterum.
742 3560 750 3573 .
765 3560 772 3573 .
789 3516 876 3576 inseri
893 3515 947 3576 leci
967 3512 1146 3587 intrudictas3

361 3632 448 3691 mam
482 3613 611 3675 tabulam
638 3614 670 3674 8.
692 3614 729 3674 Ι).
752 3614 792 3675 lt·
819 3613 856 3674 nd
881 3633 983 3675 manua
1009 3615 1147 3695 recipiens

359 3714 487 3792 undique
521 3714 752 3795 circumspexit,
784 3731 830 3776 me
861 3717 947 3776 etium
976 3715 1088 3777 sidente
1117 3725 1147 3777 et

361 3826 507 3894 tangente,
527 3816 726 3878 cardinalibus
747 3816 1026 3891 circumstantibus,
1044 3828 1074 3879 ct
1102 3818 1146 3878 si·

360 3917 469 3978 militer
492 3916 661 3979 videntibus.
680 3916 787 3978 Deinde
804 3936 857 3997 per
875 3915 1070 3992 lateranum,
1086 3913 1147 3979 co·

358 4020 479 4093 lissum,
499 4018 689 4091 ilarlorsum,
708 4018 848 4080 Sanctum
869 4018 1014 4092 blancum,
1032 4020 1066 4081 de
1080 4020 1146 4080 lila-

359 4122 468 4195 ximis,
489 4120 631 4200 Campum
652 4120 782 4193 Florae,
805 4120 841 4180 ad
870 4120 1014 4180 Palatium
1047 4119 1146 4181 Sancti

361 4221 440 4284 Petri
472 4224 578 4296 rediit,
596 4233 640 4296 et,
672 4221 792 4282 transito
813 4233 898 4303 ponte
921 4222 1015 4283 Casiri
1046 4220 1146 4283 Sancti

359 4324 483 4402 saguli,
504 4323 705 4384 cardinalibus
735 4324 878 4384 licentiam
903 4322 990 4385 dedit.
1021 4324 1146 4385 Formae

360 4443 431 4486 vero
452 4424 604 4486 literarum
623 4425 759 4504 superius
775 4424 935 4504 designatae
949 4435 1015 4485 suut
1028 4425 1073 4485 hic
1088 4423 1143 4509 (l).

401 4524 477 4586 Cuin
499 4541 591 4603 nuper
614 4524 648 4585 de
669 4524 793 4585 adventu
813 4524 875 4584 itit.
905 4524 1020 4586 Domini
1040 4524 1141 4587 Cardi-

359 4625 431 4685 nalis
452 4624 486 4686 de
505 4624 632 4698 melicis,
642 4623 786 4684 decimum
805 4636 941 4686 octavum
961 4625 1060 4687 aetatis
1075 4643 1145 4686 suae

358 4716 466 4788 annum
488 4727 608 4806 agentis,
622 4725 658 4786 ad
675 4727 785 4790 Urbem
799 4740 947 4807 ageretur,
965 4728 1020 4790 SS.
1039 4729 1145 4789 Domi·

357 4848 413 4891 nus
443 4828 547 4890 Noster
569 4829 713 4890 commisit
735 4830 828 4901 milti,
850 4841 883 4890 ut
905 4831 1077 4908 indiaque
1106 4829 1143 4889 ad

356 4930 537 4993 Conventum
558 4931 661 4992 beatae
682 4930 791 4992 Mariae
812 4932 847 4993 de
867 4933 981 5012 Populo
1003 4944 1144 4995 venturus

357 5044 451 5106 esset,
472 5032 701 5096 Dominailonem
737 5052 819 5093 suam
840 5034 1029 5106 accederem,
1059 5046 1088 5096 et
1109 5034 1143 5096 de

355 5135 495 5215 siugulis,
515 5152 583 5195 cum
599 5152 691 5196 novus
706 5146 779 5197 esset
794 5132 909 5212 juvenis
927 5134 990 5220 (2),
1009 5156 1075 5199 eum
1093 5138 1143 5197 in-

398 5350 436 5406 (ι)
451 5346 621 5411 Perspicuum
638 5352 680 5398 cst
695 5348 893 5410 borchardum,
915 5350 941 5399 in
963 5353 1142 5415 manuscripto

356 5427 483 5490 originali,
499 5433 590 5481 literas
608 5432 677 5481 tituli
695 5431 795 5494 reperti
813 5432 987 5494 exemplasse·

401 5512 438 5569 (²)
455 5509 621 5563 innocentius
638 5512 700 5572 lllll,
714 5514 792 5563 unica
812 5514 977 5575 promotione
995 5524 1064 5564 anuo
1080 5516 1143 5565 libb

358 5588 393 5640 ad
403 5590 594 5643 cardinalatum
606 5592 756 5646 sublevavit
766 5593 891 5643 Audrcom
902 5593 926 5642 d'
934 5592 1062 5655 lispiusv,
1079 5594 1144 5645 lou·

357 5670 469 5720 rentium
493 5670 569 5734 Cibo,
586 5673 735 5724 Ardicimtm
757 5673 792 5723 lia
807 5673 832 5723 io
856 5673 948 5735 Porto,
970 5674 1143 5725 Antoniollstm

357 5747 561 5813 Polloetcimsm,
583 5753 685 5804 Petrum
707 5752 877 5805 s'sutussou.
904 5753 1053 5818 Scriptores
1078 5765 1142 5805 non-

824 658 1108 725 rontinentia
1127 656 1350 721 iutioctitittt
1370 654 1528 718 001¹th

1895 650 2005 735 (aaut

1214 789 1463 864 concremantem
1476 786 1652 849 reverentias
1662 783 1942 865 pemmieciendss
1951 784 2003 846 sibl

1215 891 1404 961 ostendendo,
1427 900 1456 951 et
1476 893 1571 950 omnia
1590 887 1645 947 sibi
1666 886 1829 959 narrando,
1851 902 1932 964 quaa
1959 887 2005 945 in·

1216 1034 1335 1048 Μ

1215 1089 1298 1145 nulli,
1313 1089 1405 1149 utpote
1422 1088 1572 1136 notavimus
1588 1097 1645 1148 pag
1658 1087 1776 1135 sitiit.
1794 1083 1900 1133 addunt
1913 1082 2006 1132 cadem

1215 1164 1259 1218 dis
1274 1164 1427 1214 Pontiticcm
1445 1165 1540 1213 secreto
1557 1175 1664 1212 creasse
1682 1167 1738 1211 tras
1753 1163 1820 1211 alios
1838 1160 2009 1218 cardinales,

1215 1249 1277 1309 post
1293 1248 1398 1306 tempus
1415 1242 1519 1304 aliquod
1532 1240 1719 1304 publicandos,
1731 1240 1859 1291 videlicet
1871 1238 2008 1301 tropicum

1215 1320 1372 1378 Gnordsm,
1388 1318 1551 1370 Fridarlcum
1565 1318 1778 1377 massanissae,
1792 1320 1816 1368 ct
1839 1318 1967 1369 loannem
1983 1316 2011 1365 ds

1214 1399 1491 1453 Medicamentum
1516 1400 1604 1462 primo
1627 1403 1655 1449 et
1682 1397 1817 1457 secundo,
1843 1398 1903 1449 ioco
1927 1400 2009 1447 citato

1215 1477 1348 1541 diximus,
1365 1483 1392 1529 ct
1408 1477 1595 1529 historicorum
1613 1478 1821 1529 adfirmationem
1839 1476 2010 1528 confirmaui-

1216 1571 1284 1609 mus.
1302 1559 1338 1608 lic
1354 1558 1454 1609 loanua
1478 1557 1511 1608 de
1527 1557 1653 1617 Medicis,
1669 1569 1714 1607 res
1729 1559 1770 1607 hic
1787 1571 1838 1621 per
1861 1570 1891 1607 sc
1908 1558 2013 1606 innote-
2035 1572 2037 1576 ·

1214 1644 1280 1691 scil:
1306 1639 1353 1690 sed
1370 1641 1454 1689 restat
1477 1637 1574 1701 aliquid
1592 1637 1742 1687 addendum
1763 1635 1796 1686 de
1818 1633 2009 1685 cardinalibus

1215 1722 1241 1769 ln
1257 1720 1301 1768 iila
1320 1719 1481 1769 exaltatione
1498 1718 1597 1767 creatis
1622 1720 1649 1767 et
1672 1729 1725 1765 nou
1745 1715 1835 1766 dictis.
1855 1713 2007 1764 Wiilcimus

1216 1800 1331 1859 Roscoc,
1355 1799 1382 1848 iu
1399 1798 1454 1847 rita
1471 1796 1603 1848 laurentii
1620 1796 1654 1848 ds
1677 1794 1786 1846 llcdicis
1806 1793 1877 1844 haec
1894 1793 2010 1845 asserite

1218 1895 1228 1918 ι
1248 1876 1282 1925 La
1299 1874 1398 1939 grande
1410 1875 1538 1925 indueras
1556 1873 1606 1922 che
1623 1872 1742 1922 Lorcnzo
1753 1885 1841 1922 avesa
1859 1871 2010 1935 acquisisti

1215 1955 1372 2005 sull’snimo
1388 1952 1415 2003 di
1434 1954 1579 2004 inuocenao
1596 1951 1663 2011 lllll,
1681 1952 1703 2001 si
1726 1952 1810 2001 rilevs
1833 1950 1870 2001 da
1887 1964 1943 2001 uua
1965 1963 2010 2001 sus

1215 2030 1310 2083 lettera
1328 2033 1377 2082 nhc
1395 2043 1447 2081 nou
1464 2032 1479 2081 d
1498 2034 1568 2080 stata
1583 2032 1635 2079 mai
1657 2027 1830 2093 pubblicala,
1847 2028 1873 2077 la
1891 2030 1975 2091 quale
1990 2031 2011 2079 si

1215 2120 1346 2159 conserva
1364 2109 1407 2160 nel
1423 2108 1531 2157 Palaaao
1548 2106 1661 2157 vecchio
1685 2108 1712 2157 ln
1729 2106 1842 2157 Ftrsusa
1860 2106 1945 2157 tl'itsa
1961 2106 2011 2157 clx

1215 2185 1255 2240 u.⁰
1271 2188 1312 2247 id)
1327 2188 1354 2236 iu
1371 2186 1432 2236 data
1444 2186 1487 2239 dei
1504 2188 1639 2252 iligiugno
1655 2188 1733 2250 liiii,
1749 2185 1818 2236 dalla
1831 2187 1915 2250 quale
1933 2199 2013 2250 appa·

1216 2264 1285 2313 risco
1302 2264 1351 2314 che
1363 2264 1381 2312 il
1393 2263 1458 2328 Papa
1470 2265 1504 2328 gli
1522 2276 1607 2313 evesa
1620 2262 1744 2313 mandato
1758 2277 1809 2312 ona
1829 2266 1894 2314 uota
1914 2264 1944 2313 di
1955 2277 2011 2328 sog-

1214 2342 1278 2404 'getti
1296 2343 1344 2392 che
1362 2354 1450 2397 avesa,
1468 2343 1616 2391 intenzione
1633 2339 1659 2390 di
1676 2353 1857 2403 promuuvcre
1882 2340 2009 2391 al‘cardl-

1214 2422 1322 2481 uelato,
1339 2421 1363 2470 ln
1381 2420 1460 2484 queis
1476 2422 1510 2481 gii
1534 2420 1563 2470 lu
1579 2420 1611 2469 ds
1628 2419 1746 2472 loransu
1774 2418 1892 2471 rimeass
1912 2420 2012 2467 msice·

1215 2500 1324 2551 raudoio
1339 2500 1390 2549 cha
1407 2500 1456 2562 agli
1469 2509 1624 2560 approvavs
1642 2499 1668 2550 la
1682 2495 1827 2550 nominaui
1846 2497 1944 2548 coloro
1961 2496 2009 2546 idi

1216 2580 1258 2629 cui
1275 2578 1346 2629 nomi
1372 2591 1456 2629 evesa
1475 2580 1585 2640 segnato
1602 2588 1651 2625 con
1676 2577 1700 2625 la
1716 2588 1817 2638 penna,
1834 2575 1870 2625 cd
1887 2578 2009 2626 esortan-

1214 2657 1276 2707 dolo
1295 2657 1328 2707 ad
1345 2658 1448 2719 avergli,
1466 2656 1493 2705 iu
1509 2654 1728 2707 considerazione
1748 2656 1788 2705 nel
1806 2654 1875 2706 dara
1894 2655 2009 2718 adempi·

1215 2738 1371 2787 manicatis
1390 2748 1437 2786 sue
1460 2736 1618 2793 intensioni,
1636 2747 1650 2785 e
1670 2734 1856 2785 concludendo
1879 2734 1925 2784 col
1944 2746 2010 2783 ram·

1214 2817 1352 2878 uentargli
1361 2815 1410 2864 che
1421 2828 1447 2864 ss
1462 2815 1514 2876 psd
1524 2814 1659 2866 consolare
1669 2813 1748 2864 sacis
1757 2813 1805 2874 tsi,
1815 2825 1846 2864 sa
1860 2827 1896 2864 us
1905 2814 2009 2864 ricard

1214 2894 1302 2946 mrim
1323 2893 1368 2943 nal
1395 2893 1526 2957 principio
1551 2894 1611 2943 dalt’
1622 2906 1690 2944 anno
1706 2906 1857 2957 appresso,
1873 2893 2003 2945 Giosanui

1213 2974 1254 3026 ds'
1266 2973 1357 3026 ilsdici
1373 2972 1401 3022 lu
1419 2985 1557 3035 promosso
1574 2974 1624 3022 alla
1642 2985 1778 3038 porpors;
1795 2983 1810 3021 a
1827 2972 1950 3022 siccome
1967 2974 2002 3022 lu·

1214 3064 1332 3102 uocenzo
1349 3048 1544 3108 villesalem,
1563 3050 1675 3100 durante
1692 3049 1709 3098 il
1720 3062 1767 3099 suo
1780 3049 1949 3111 pontillcalo,
1960 3052 2006 3101 che

1213 3143 1265 3181 nna
1281 3132 1337 3181 sola
1349 3130 1519 3193 promoaloue
1531 3128 1556 3177 dl
1566 3128 1714 3188 Cardinali,
1728 3128 1837 3178 sembra
1849 3131 1946 3191 percio
1959 3131 2006 3179 che

1213 3209 1331 3261 Lorenzo
1349 3220 1443 3258 avassc
1464 3212 1569 3257 cotanta
1587 3207 1726 3257 destrcazs
1743 3207 1776 3257 du
1794 3206 1851 3257 iare
1868 3208 2004 3257 includere

1213 3291 1283 3340 uella
1300 3290 1359 3339 lists
1377 3290 1394 3337 il
1423 3300 1500 3337 noma
1517 3288 1560 3337 dcl
1577 3300 1625 3337 auo
1643 3286 1728 3349 dgito,
1744 3287 1793 3336 cha
1817 3300 1908 3337 saeva
1925 3288 2005 3336 allora

1214 3370 1360 3419 solamente
1383 3368 1479 3418 tradicl
1496 3367 1556 3416 anni
1577 3387 1598 3414 ι.
1617 3364 1663 3416 llic
1683 3364 1753 3415 torte
1771 3367 1910 3425 lectores,
1926 3365 2006 3415 admi·

1214 3448 1317 3497 rasione
1340 3447 1451 3509 repleti,
1473 3444 1621 3495 recitabunt
1643 3446 1762 3508 capitula,
1781 3457 1832 3507 per
1853 3437 2005 3495 Pontificem

1215 3529 1241 3576 in
1257 3527 1384 3576 conclave
1393 3526 1545 3587 iuramento
1562 3523 1680 3584 firmata,
1697 3525 1838 3588 inquibus
1854 3526 1924 3575 baec
1943 3538 2005 3575 scri·

1213 3609 1258 3669 pta
1276 3608 1337 3655 sunt
1356 3623 1366 3646 ι
1385 3604 1449 3653 ltsm
1467 3604 1538 3667 qood
1555 3617 1607 3653 uon
1622 3604 1743 3661 ornabit,
1760 3617 1809 3654 nec
1828 3608 1950 3655 assumet
1961 3606 2005 3652 ali·

1213 3695 1291 3747 quem
1312 3683 1496 3740 Cardinalem,
1512 3685 1591 3731 ctiam
1614 3682 1738 3744 precibus
1758 3693 2005 3746 quorumcumque,

1213 3761 1393 3824 imperatoris,
1405 3772 1508 3824 regum,
1519 3761 1614 3809 ducum
1628 3765 1672 3809 eut
1682 3761 1850 3824 principum,
1865 3762 1920 3810 nisi
1935 3774 2006 3812 casca·

1213 3842 1257 3891 dol
1273 3840 1432 3904 trigesimum
1455 3852 1570 3902 cusum,
1587 3842 1675 3902 sitque
1699 3840 1792 3889 doctor
1809 3841 1851 3891 vel
1879 3842 1908 3890 in
1930 3853 2004 3891 sacra

1213 3924 1321 3983 pagina,
1338 3920 1381 3968 vel
1397 3921 1423 3967 in
1441 3920 1526 3967 altero
1541 3919 1640 3981 lurtum
1653 3924 1706 3969 etc.
1718 3940 1738 3964 ·.
1750 3918 1816 3981 (vid.
1829 3934 1854 3982 p.
1865 3922 1916 3981 bui
1930 3921 2003 3981 Quod

1213 4012 1261 4061 ago
1277 4012 1305 4060 p.
1321 3999 1353 4047 ss
1369 4001 1395 4047 et
1412 3999 1442 4048 35
1458 3997 1598 4056 dicabam,
1614 3997 1769 4048 Cardinales
1787 4000 1860 4049 nullo
1873 3999 1938 4059 jure
1954 4013 2003 4061 po·

1213 4082 1296 4128 tuisse
1311 4078 1337 4126 in
1355 4076 1452 4125 bullam
1476 4077 1620 4125 innocentii
1643 4075 1671 4123 ill
1693 4081 1721 4127 ct
1743 4079 1768 4127 lu
1790 4078 1955 4141 pontificiam
1973 4078 2004 4127 ti·

1212 4156 1344 4206 bartatem
1361 4156 1529 4218 conspirare,
1545 4155 1586 4204 bic
1604 4158 1677 4205 esset
1694 4158 1791 4205 iterum
1809 4160 2002 4220 repetendum,
2041 4211 2044 4216 ,

1212 4234 1258 4284 aad
1269 4236 1334 4283 satis
1346 4236 1396 4283 crit
1408 4236 1496 4296 potius
1508 4234 1662 4294 observare,
1673 4234 1830 4287 Cardinalsa
1841 4237 1900 4288 iera
1912 4249 2002 4287 onnes

1212 4324 1226 4361 a
1243 4311 1367 4361 Pontidcc
1379 4317 1439 4361 ante
1451 4325 1480 4361 sc
1491 4311 1628 4371 adiectos,
1638 4314 1665 4362 iu
1676 4315 1833 4365 electionem
1850 4314 1961 4365 loannis
1970 4316 2002 4365 da

1211 4391 1319 4442 llcdicis
1335 4392 1519 4451 consensisse,
1535 4393 1572 4440 oti
1592 4404 1625 4441 ex
1643 4395 1822 4444 monumentis
1838 4394 2002 4445 Tabulsricr.

1210 4473 1386 4522 homanorum
1403 4476 1431 4520 st
1447 4471 1657 4521 Florentinorum
1676 4474 1702 4520 et
1719 4484 1754 4521 ex
1780 4472 1852 4522 huila
1869 4475 2003 4523 concisto-

1211 4552 1268 4601 riali
1286 4564 1335 4613 pro
1356 4556 1431 4601 certo
1448 4550 1584 4599 babemus.
1601 4549 1790 4600 Testimonium
1808 4550 1844 4601 da
1859 4552 1912 4601 hoc
1929 4565 2004 4615 prac-

1210 4630 1274 4680 bcnt
1290 4633 1368 4680 ctiam
1386 4629 1513 4690 epistolae
1530 4627 1635 4678 loannis
1651 4628 1819 4690 tenimcini,
1831 4632 1859 4679 cl
1869 4619 2004 4681 Laurentii

1210 4709 1244 4762 de
1261 4709 1369 4762 lledicia
1387 4727 1397 4752 ι
1416 4708 1465 4758 Per
1481 4710 1497 4757 l’
1508 4710 1598 4758 ultima
1615 4713 1706 4759 rostra
1734 4710 1776 4759 de’
1787 4707 1815 4760 dl
1838 4709 1952 4771 ultimo,
1967 4711 2005 4761 is·

1211 4790 1289 4841 tendo
1313 4794 1423 4838 avesate
1445 4788 1484 4852 gii
1509 4787 1552 4837 ilV
1577 4787 1707 4838 cardinali
1732 4789 1872 4851 soscripti;
1890 4803 1933 4841 ms
1954 4789 2003 4840 cha

1209 4870 1306 4923 Nostro
1318 4868 1425 4931 signore
1438 4868 1470 4916 ba
1481 4866 1615 4927 iudugiato
1631 4866 1657 4918 di
1674 4867 1848 4930 prolongare,
1863 4880 1920 4918 nou
1935 4868 2004 4919 s'in·

1210 4949 1342 5000 laudando
1354 4949 1422 4998 altro
1434 4949 1474 4997 del
1487 4946 1590 4996 fratello
1601 4948 1643 4996 dcl
1653 4946 1739 4997 'lurco
1752 4959 1791 4997 er..
1805 4947 1851 5011 (cc
1860 4947 1910 4996 litt.
1921 4950 2004 4999 Laus.

1209 5040 1247 5080 ua
1257 5033 1376 5079 manicas
1387 5029 1508 5080 orutcrb
1524 5026 1677 5080 Florentinis
1687 5027 1716 5076 iu
1725 5027 1804 5077 tobul.
1814 5028 1883 5079 Flor-
1895 5031 2004 5080 soccos

1209 5109 1264 5161 itu
1275 5111 1304 5159 di
1325 5112 1421 5161 bsoua
1436 5116 1464 5169 s,
1478 5108 1529 5159 col.
1545 5112 1570 5167 t,
1585 5108 1694 5170 append.
1710 5106 1749 5156 n.⁰
1765 5108 1804 5171 7).
1816 5106 1936 5171 Epistola
1950 5120 2003 5171 qua

1207 5190 1363 5240 Laurentius
1390 5191 1423 5240 dc
1435 5189 1551 5243 tledicis,
1567 5188 1686 5238 oratoris
1703 5188 1818 5237 florent
1836 5188 2002 5245 ministerio,

1208 5271 1361 5321 Innocentio
1377 5270 1450 5330 lltll,
1472 5269 1505 5320 de
1522 5268 1706 5319 Cardinaiibus
1723 5268 1847 5319 creandis
1861 5268 2001 5319 consilium

1209 5362 1303 5409 auum,
1321 5350 1463 5413 requisitus
1476 5386 1484 5409 ,
1500 5348 1608 5411 pandit,
1627 5350 1691 5398 baec
1709 5353 1757 5400 est.
1772 5347 1932 5413 etiamsinon
1946 5349 2003 5399 ciro

1165 5495 1167 5499 ,
1208 5431 1302 5493 maiori
1319 5430 1485 5488 honorando,
1501 5432 1604 5478 totam
1630 5439 1667 5478 us
1690 5431 1880 5480 terraemetus
1896 5430 1999 5481 ormari

1207 5509 1362 5571 Florentino,
1388 5512 1489 5559 domoc.
1505 5509 1638 5572 tingnidee
1667 5511 1750 5571 maior
1778 5510 1941 5560 honoranda.
1959 5509 1998 5560 llo

1208 5593 1294 5642 inleso
1320 5592 1418 5655 quanm
1446 5590 1514 5639 v’ba
1538 5590 1615 5641 decio
1639 5590 1670 5642 ri.
1697 5590 1721 5639 Su
1748 5589 1821 5640 circa
1844 5590 1869 5639 la
1894 5601 1999 5653 promo·

1207 5674 1294 5731 tione,
1310 5675 1337 5721 et
1359 5670 1461 5730 dicht,
1482 5674 1509 5721 et
1525 5670 1704 5734 rlspondcndo
1723 5672 1810 5723 breve
1834 5681 1883 5735 per
1907 5681 1999 5722 essere

1208 5751 1430 5814 occupatissimo,
1446 5750 1590 5803 dubtundn
1614 5763 1666 5803 uon
1686 5762 1778 5804 essere
1798 5754 1952 5815 suprastato
1966 5750 1999 5802 sd
