<?xml version="1.0" encoding="UTF-8"?>
<!DOCTYPE html PUBLIC "-//W3C//DTD XHTML 1.0 Transitional//EN"
    "http://www.w3.org/TR/xhtml1/DTD/xhtml1-transitional.dtd">
<html xmlns="http://www.w3.org/1999/xhtml" xml:lang="en" lang="en">
 <head>
  <title>
</title>
<meta http-equiv="Content-Type" content="text/html;charset=utf-8" />
  <meta name='ocr-system' content='tesseract 3.04.00' />
  <meta name='ocr-capabilities' content='ocr_page ocr_carea ocr_par ocr_line ocrx_word'/>
</head>
<body>
  <div class='ocr_page' id='page_1' title='image "./johannisburchar01burcgoog/johannisburchar01burcgoog_0318.png"; bbox 0 0 4492 6859; ppageno 0'>
   <div class='ocr_carea' id='block_1_1' title="bbox 209 603 1452 675">
    <p class='ocr_par' dir='ltr' id='par_1_1' title="bbox 209 603 1452 675">
     <span class='ocr_line' id='line_1_1' title="bbox 209 603 1452 675; baseline -0.002 -1"><span class='ocrx_word' id='word_1_1' title='bbox 209 606 215 622; x_wconf 76' lang='lat'>&#39;</span> <span class='ocrx_word' id='word_1_2' title='bbox 272 603 357 674; x_wconf 78' lang='lat' dir='ltr'><strong>&#39;auo</strong></span> <span class='ocrx_word' id='word_1_3' title='bbox 775 608 1057 673; x_wconf 67' lang='lat' dir='ltr'><strong>constrictius</strong></span> <span class='ocrx_word' id='word_1_4' title='bbox 1078 610 1304 674; x_wconf 77' lang='lat' dir='ltr'><strong>tnuxnttmn</strong></span> <span class='ocrx_word' id='word_1_5' title='bbox 1326 612 1452 675; x_wconf 81' lang='lat' dir='ltr'><strong>SERTl.</strong></span> 
     </span>
    </p>
   </div>
   <div class='ocr_carea' id='block_1_2' title="bbox 281 751 1084 5792">
    <p class='ocr_par' dir='ltr' id='par_1_2' title="bbox 281 751 1084 3538">
     <span class='ocr_line' id='line_1_2' title="bbox 296 751 1079 833; baseline -0.001 -20"><span class='ocrx_word' id='word_1_6' title='bbox 296 754 344 816; x_wconf 93' lang='lat' dir='ltr'><strong>bet</strong></span> <span class='ocrx_word' id='word_1_7' title='bbox 368 751 537 813; x_wconf 86' lang='lat' dir='ltr'><strong>vindicare:</strong></span> <span class='ocrx_word' id='word_1_8' title='bbox 564 763 594 813; x_wconf 91' lang='lat' dir='ltr'><strong>et</strong></span> <span class='ocrx_word' id='word_1_9' title='bbox 613 751 683 813; x_wconf 93' lang='lat' dir='ltr'><strong>nibil</strong></span> <span class='ocrx_word' id='word_1_10' title='bbox 705 769 834 832; x_wconf 89' lang='lat' dir='ltr'><strong>unquam</strong></span> <span class='ocrx_word' id='word_1_11' title='bbox 855 754 1013 833; x_wconf 75' lang='lat' dir='ltr'><strong>accipiam,</strong></span> <span class='ocrx_word' id='word_1_12' title='bbox 1034 754 1079 812; x_wconf 86' lang='lat' dir='ltr'><strong>vel</strong></span> 
     </span>
     <span class='ocr_line' id='line_1_3' title="bbox 298 855 1079 935; baseline 0.001 -21"><span class='ocrx_word' id='word_1_13' title='bbox 298 855 407 915; x_wconf 92' lang='lat' dir='ltr'><strong>babebo</strong></span> <span class='ocrx_word' id='word_1_14' title='bbox 440 874 490 915; x_wconf 90' lang='lat' dir='ltr'><strong>seu</strong></span> <span class='ocrx_word' id='word_1_15' title='bbox 522 855 681 926; x_wconf 78' lang='lat' dir='ltr'>retinebo,</span> <span class='ocrx_word' id='word_1_16' title='bbox 720 855 765 915; x_wconf 91' lang='lat' dir='ltr'><strong>vel</strong></span> <span class='ocrx_word' id='word_1_17' title='bbox 798 864 893 935; x_wconf 89' lang='lat' dir='ltr'><strong>petam</strong></span> <span class='ocrx_word' id='word_1_18' title='bbox 924 855 1079 933; x_wconf 86' lang='lat' dir='ltr'><strong>accipere,</strong></span> 
     </span>
     <span class='ocr_line' id='line_1_4' title="bbox 298 956 1078 1033; baseline -0.001 -19"><span class='ocrx_word' id='word_1_19' title='bbox 298 956 404 1017; x_wconf 91' lang='lat' dir='ltr'><strong>babere</strong></span> <span class='ocrx_word' id='word_1_20' title='bbox 437 967 490 1015; x_wconf 89' lang='lat' dir='ltr'><strong>aut</strong></span> <span class='ocrx_word' id='word_1_21' title='bbox 522 965 707 1017; x_wconf 88' lang='lat' dir='ltr'><strong>manutenere</strong></span> <span class='ocrx_word' id='word_1_22' title='bbox 739 957 767 1015; x_wconf 93' lang='lat' dir='ltr'><strong>in</strong></span> <span class='ocrx_word' id='word_1_23' title='bbox 799 956 855 1016; x_wconf 90' lang='lat' dir='ltr'><strong>illis</strong></span> <span class='ocrx_word' id='word_1_24' title='bbox 875 973 968 1033; x_wconf 92' lang='lat' dir='ltr'><strong>neque</strong></span> <span class='ocrx_word' id='word_1_25' title='bbox 990 956 1078 1015; x_wconf 91' lang='lat' dir='ltr'><strong>ullam</strong></span> 
     </span>
     <span class='ocr_line' id='line_1_5' title="bbox 298 1056 1081 1137; baseline -0.004 -20"><span class='ocrx_word' id='word_1_26' title='bbox 298 1057 509 1137; x_wconf 77' lang='lat' dir='ltr'><strong>potestatium,</strong></span> <span class='ocrx_word' id='word_1_27' title='bbox 536 1056 709 1137; x_wconf 89' lang='lat' dir='ltr'><strong>capitaniam</strong></span> <span class='ocrx_word' id='word_1_28' title='bbox 732 1058 777 1117; x_wconf 83' lang='lat' dir='ltr'><strong>rel</strong></span> <span class='ocrx_word' id='word_1_29' title='bbox 806 1056 980 1127; x_wconf 91' lang='lat' dir='ltr'><strong>rectoriam,</strong></span> <span class='ocrx_word' id='word_1_30' title='bbox 1012 1056 1081 1115; x_wconf 90' lang='lat' dir='ltr'><strong>nul·</strong></span> 
     </span>
     <span class='ocr_line' id='line_1_6' title="bbox 298 1156 1080 1236; baseline -0.001 -19"><span class='ocrx_word' id='word_1_31' title='bbox 298 1159 420 1236; x_wconf 88' lang='lat' dir='ltr'><strong>lumque</strong></span> <span class='ocrx_word' id='word_1_32' title='bbox 442 1158 522 1218; x_wconf 92' lang='lat' dir='ltr'><strong>alind</strong></span> <span class='ocrx_word' id='word_1_33' title='bbox 542 1158 671 1217; x_wconf 86' lang='lat' dir='ltr'><strong>officium</strong></span> <span class='ocrx_word' id='word_1_34' title='bbox 692 1157 847 1235; x_wconf 78' lang='lat' dir='ltr'><strong>recipiam,</strong></span> <span class='ocrx_word' id='word_1_35' title='bbox 872 1175 924 1216; x_wconf 90' lang='lat' dir='ltr'><strong>seu</strong></span> <span class='ocrx_word' id='word_1_36' title='bbox 951 1156 1080 1235; x_wconf 91' lang='lat' dir='ltr'><strong>recipere</strong></span> 
     </span>
     <span class='ocr_line' id='line_1_7' title="bbox 297 1257 1080 1337; baseline -0.004 -18"><span class='ocrx_word' id='word_1_37' title='bbox 297 1269 393 1337; x_wconf 90' lang='lat' dir='ltr'><strong>petam</strong></span> <span class='ocrx_word' id='word_1_38' title='bbox 407 1258 436 1317; x_wconf 91' lang='lat' dir='ltr'><strong>in</strong></span> <span class='ocrx_word' id='word_1_39' title='bbox 452 1257 574 1327; x_wconf 88' lang='lat' dir='ltr'><strong>eisdem,</strong></span> <span class='ocrx_word' id='word_1_40' title='bbox 589 1277 639 1318; x_wconf 86' lang='lat' dir='ltr'><strong>seu</strong></span> <span class='ocrx_word' id='word_1_41' title='bbox 657 1258 784 1337; x_wconf 90' lang='lat' dir='ltr'><strong>ipsorum</strong></span> <span class='ocrx_word' id='word_1_42' title='bbox 797 1258 908 1334; x_wconf 72' lang='lat' dir='ltr'><strong>aliqum</strong></span> <span class='ocrx_word' id='word_1_43' title='bbox 927 1275 977 1317; x_wconf 90' lang='lat' dir='ltr'><strong>nec</strong></span> <span class='ocrx_word' id='word_1_44' title='bbox 994 1258 1080 1316; x_wconf 87' lang='lat' dir='ltr'><strong>etiam</strong></span> 
     </span>
     <span class='ocr_line' id='line_1_8' title="bbox 297 1359 1080 1439; baseline 0.001 -22"><span class='ocrx_word' id='word_1_45' title='bbox 297 1360 453 1439; x_wconf 77' lang='lat' dir='ltr'>acceptabo</span> <span class='ocrx_word' id='word_1_46' title='bbox 472 1369 523 1417; x_wconf 90' lang='lat' dir='ltr'><strong>aut</strong></span> <span class='ocrx_word' id='word_1_47' title='bbox 544 1360 689 1438; x_wconf 89' lang='lat' dir='ltr'><strong>acceptari</strong></span> <span class='ocrx_word' id='word_1_48' title='bbox 712 1360 887 1437; x_wconf 73' lang='lat' dir='ltr'><strong>permittam,</strong></span> <span class='ocrx_word' id='word_1_49' title='bbox 905 1375 956 1419; x_wconf 89' lang='lat' dir='ltr'><strong>seu</strong></span> <span class='ocrx_word' id='word_1_50' title='bbox 977 1359 1080 1418; x_wconf 77' lang='lat' dir='ltr'><strong>faciam</strong></span> 
     </span>
     <span class='ocr_line' id='line_1_9' title="bbox 297 1458 1080 1538; baseline 0 -20"><span class='ocrx_word' id='word_1_51' title='bbox 297 1461 463 1538; x_wconf 84' lang='lat' dir='ltr'><strong>praemissa,</strong></span> <span class='ocrx_word' id='word_1_52' title='bbox 484 1460 530 1519; x_wconf 83' lang='lat' dir='ltr'><strong>vel</strong></span> <span class='ocrx_word' id='word_1_53' title='bbox 551 1470 664 1538; x_wconf 88' lang='lat' dir='ltr'><strong>partem</strong></span> <span class='ocrx_word' id='word_1_54' title='bbox 685 1459 813 1536; x_wconf 89' lang='lat' dir='ltr'><strong>aliquam</strong></span> <span class='ocrx_word' id='word_1_55' title='bbox 832 1458 1013 1530; x_wconf 86' lang='lat' dir='ltr'><strong>corumdem,</strong></span> <span class='ocrx_word' id='word_1_56' title='bbox 1029 1476 1080 1518; x_wconf 92' lang='lat' dir='ltr'><strong>nec</strong></span> 
     </span>
     <span class='ocr_line' id='line_1_10' title="bbox 299 1560 1081 1634; baseline 0 -15"><span class='ocrx_word' id='word_1_57' title='bbox 299 1562 349 1621; x_wconf 92' lang='lat' dir='ltr'><strong>illa</strong></span> <span class='ocrx_word' id='word_1_58' title='bbox 370 1561 522 1634; x_wconf 83' lang='lat' dir='ltr'><strong>ollervdam,</strong></span> <span class='ocrx_word' id='word_1_59' title='bbox 540 1563 585 1623; x_wconf 91' lang='lat' dir='ltr'><strong>vel</strong></span> <span class='ocrx_word' id='word_1_60' title='bbox 607 1560 776 1631; x_wconf 74' lang='lat' dir='ltr'><strong>molestabo,</strong></span> <span class='ocrx_word' id='word_1_61' title='bbox 794 1580 845 1621; x_wconf 90' lang='lat' dir='ltr'><strong>nec</strong></span> <span class='ocrx_word' id='word_1_62' title='bbox 867 1562 954 1621; x_wconf 89' lang='lat' dir='ltr'><strong>etiam</strong></span> <span class='ocrx_word' id='word_1_63' title='bbox 970 1560 1081 1619; x_wconf 93' lang='lat' dir='ltr'><strong>Roma-</strong></span> 
     </span>
     <span class='ocr_line' id='line_1_11' title="bbox 299 1661 1082 1742; baseline -0.001 -21"><span class='ocrx_word' id='word_1_64' title='bbox 299 1680 365 1721; x_wconf 88' lang='lat' dir='ltr'><strong>nam</strong></span> <span class='ocrx_word' id='word_1_65' title='bbox 386 1661 547 1722; x_wconf 79' lang='lat' dir='ltr'><strong>Ecclesiam</strong></span> <span class='ocrx_word' id='word_1_66' title='bbox 561 1680 678 1742; x_wconf 89' lang='lat' dir='ltr'><strong>quoqne</strong></span> <span class='ocrx_word' id='word_1_67' title='bbox 699 1663 753 1722; x_wconf 92' lang='lat' dir='ltr'><strong>sub</strong></span> <span class='ocrx_word' id='word_1_68' title='bbox 776 1664 906 1723; x_wconf 80' lang='lat' dir='ltr'><strong>censuris</strong></span> <span class='ocrx_word' id='word_1_69' title='bbox 927 1662 1082 1741; x_wconf 85' lang='lat' dir='ltr'><strong>poenisque</strong></span> 
     </span>
     <span class='ocr_line' id='line_1_12' title="bbox 298 1760 1082 1843; baseline -0.004 -22"><span class='ocrx_word' id='word_1_70' title='bbox 298 1762 497 1842; x_wconf 79' lang='lat' dir='ltr'><strong>spiritualibus</strong></span> <span class='ocrx_word' id='word_1_71' title='bbox 519 1774 549 1824; x_wconf 91' lang='lat' dir='ltr'><strong>et</strong></span> <span class='ocrx_word' id='word_1_72' title='bbox 581 1763 811 1843; x_wconf 80' lang='lat' dir='ltr'><strong>temporalibus,</strong></span> <span class='ocrx_word' id='word_1_73' title='bbox 846 1762 875 1821; x_wconf 92' lang='lat' dir='ltr'><strong>iu</strong></span> <span class='ocrx_word' id='word_1_74' title='bbox 907 1760 1082 1840; x_wconf 91' lang='lat' dir='ltr'><strong>supradictis</strong></span> 
     </span>
     <span class='ocr_line' id='line_1_13' title="bbox 298 1862 1083 1939; baseline -0.004 -18"><span class='ocrx_word' id='word_1_75' title='bbox 298 1863 509 1924; x_wconf 87' lang='lat' dir='ltr'><strong>conditionibus</strong></span> <span class='ocrx_word' id='word_1_76' title='bbox 540 1876 569 1925; x_wconf 89' lang='lat' dir='ltr'><strong>et</strong></span> <span class='ocrx_word' id='word_1_77' title='bbox 599 1864 788 1925; x_wconf 79' lang='lat' dir='ltr'><strong>infeudatione</strong></span> <span class='ocrx_word' id='word_1_78' title='bbox 823 1862 985 1932; x_wconf 89' lang='lat' dir='ltr'><strong>contentis,</strong></span> <span class='ocrx_word' id='word_1_79' title='bbox 1012 1878 1083 1939; x_wconf 91' lang='lat' dir='ltr'><strong>quas</strong></span> 
     </span>
     <span class='ocr_line' id='line_1_14' title="bbox 300 1962 1082 2044; baseline -0.001 -22"><span class='ocrx_word' id='word_1_80' title='bbox 300 1963 347 2023; x_wconf 91' lang='lat' dir='ltr'><strong>bic</strong></span> <span class='ocrx_word' id='word_1_81' title='bbox 371 1965 475 2025; x_wconf 89' lang='lat' dir='ltr'><strong>babere</strong></span> <span class='ocrx_word' id='word_1_82' title='bbox 495 1967 562 2026; x_wconf 86' lang='lat' dir='ltr'><strong>volo</strong></span> <span class='ocrx_word' id='word_1_83' title='bbox 589 1966 618 2024; x_wconf 91' lang='lat' dir='ltr'><strong>in</strong></span> <span class='ocrx_word' id='word_1_84' title='bbox 645 1966 765 2044; x_wconf 86' lang='lat' dir='ltr'><strong>singulis</strong></span> <span class='ocrx_word' id='word_1_85' title='bbox 791 1965 851 2024; x_wconf 88' lang='lat' dir='ltr'><strong>suis</strong></span> <span class='ocrx_word' id='word_1_86' title='bbox 877 1962 1007 2043; x_wconf 88' lang='lat' dir='ltr'><strong>partibus</strong></span> <span class='ocrx_word' id='word_1_87' title='bbox 1028 1980 1082 2040; x_wconf 92' lang='lat' dir='ltr'><strong>pro</strong></span> 
     </span>
     <span class='ocr_line' id='line_1_15' title="bbox 299 2062 1083 2145; baseline -0.001 -22"><span class='ocrx_word' id='word_1_88' title='bbox 299 2064 467 2144; x_wconf 73' lang='lat' dir='ltr'><strong>specificatio</strong></span> <span class='ocrx_word' id='word_1_89' title='bbox 484 2075 514 2127; x_wconf 90' lang='lat' dir='ltr'><strong>et</strong></span> <span class='ocrx_word' id='word_1_90' title='bbox 533 2067 682 2145; x_wconf 88' lang='lat' dir='ltr'><strong>repetitis,</strong></span> <span class='ocrx_word' id='word_1_91' title='bbox 702 2077 730 2126; x_wconf 89' lang='lat' dir='ltr'><strong>ct</strong></span> <span class='ocrx_word' id='word_1_92' title='bbox 756 2064 907 2145; x_wconf 82' lang='lat' dir='ltr'><strong>expressis:</strong></span> <span class='ocrx_word' id='word_1_93' title='bbox 923 2062 1083 2123; x_wconf 90' lang='lat' dir='ltr'><strong>scismatico</strong></span> 
     </span>
     <span class='ocr_line' id='line_1_16' title="bbox 299 2161 1083 2243; baseline -0.005 -20"><span class='ocrx_word' id='word_1_94' title='bbox 299 2185 350 2226; x_wconf 87' lang='lat' dir='ltr'><strong>sen</strong></span> <span class='ocrx_word' id='word_1_95' title='bbox 367 2166 511 2227; x_wconf 88' lang='lat' dir='ltr'><strong>haeretico</strong></span> <span class='ocrx_word' id='word_1_96' title='bbox 529 2167 714 2243; x_wconf 89' lang='lat' dir='ltr'><strong>cuicumque,</strong></span> <span class='ocrx_word' id='word_1_97' title='bbox 730 2165 774 2225; x_wconf 86' lang='lat' dir='ltr'><strong>rel</strong></span> <span class='ocrx_word' id='word_1_98' title='bbox 791 2183 808 2222; x_wconf 90' lang='lat' dir='ltr'><strong>a</strong></span> <span class='ocrx_word' id='word_1_99' title='bbox 825 2163 880 2223; x_wconf 87' lang='lat' dir='ltr'><strong>tide</strong></span> <span class='ocrx_word' id='word_1_100' title='bbox 895 2163 990 2235; x_wconf 88' lang='lat' dir='ltr'><strong>devio,</strong></span> <span class='ocrx_word' id='word_1_101' title='bbox 1004 2172 1033 2221; x_wconf 90' lang='lat' dir='ltr'><strong>et</strong></span> <span class='ocrx_word' id='word_1_102' title='bbox 1047 2161 1083 2219; x_wconf 91' lang='lat' dir='ltr'><strong>ab</strong></span> 
     </span>
     <span class='ocr_line' id='line_1_17' title="bbox 299 2262 1083 2347; baseline -0.005 -23"><span class='ocrx_word' id='word_1_103' title='bbox 299 2268 359 2344; x_wconf 91' lang='lat' dir='ltr'><strong>ipsa</strong></span> <span class='ocrx_word' id='word_1_104' title='bbox 380 2267 510 2327; x_wconf 86' lang='lat' dir='ltr'><strong>Ecclesia</strong></span> <span class='ocrx_word' id='word_1_105' title='bbox 530 2268 681 2347; x_wconf 90' lang='lat' dir='ltr'><strong>praeciso,</strong></span> <span class='ocrx_word' id='word_1_106' title='bbox 697 2264 817 2343; x_wconf 88' lang='lat' dir='ltr'><strong>ejusque</strong></span> <span class='ocrx_word' id='word_1_107' title='bbox 835 2262 1015 2343; x_wconf 86' lang='lat' dir='ltr'><strong>sequacibus,</strong></span> <span class='ocrx_word' id='word_1_108' title='bbox 1030 2271 1083 2321; x_wconf 90' lang='lat' dir='ltr'><strong>aut</strong></span> 
     </span>
     <span class='ocr_line' id='line_1_18' title="bbox 301 2367 1084 2441; baseline -0.008 -14"><span class='ocrx_word' id='word_1_109' title='bbox 301 2368 433 2427; x_wconf 90' lang='lat' dir='ltr'><strong>dantibus</strong></span> <span class='ocrx_word' id='word_1_110' title='bbox 452 2370 492 2429; x_wconf 90' lang='lat' dir='ltr'><strong>cis</strong></span> <span class='ocrx_word' id='word_1_111' title='bbox 513 2368 677 2441; x_wconf 90' lang='lat' dir='ltr'><strong>consilinm,</strong></span> <span class='ocrx_word' id='word_1_112' title='bbox 699 2369 849 2439; x_wconf 83' lang='lat' dir='ltr'><strong>auxilium,</strong></span> <span class='ocrx_word' id='word_1_113' title='bbox 875 2368 920 2426; x_wconf 88' lang='lat' dir='ltr'><strong>rel</strong></span> <span class='ocrx_word' id='word_1_114' title='bbox 941 2367 1084 2436; x_wconf 82' lang='lat' dir='ltr'><strong>savorem,</strong></span> 
     </span>
     <span class='ocr_line' id='line_1_19' title="bbox 301 2466 1083 2548; baseline -0.006 -20"><span class='ocrx_word' id='word_1_115' title='bbox 301 2486 357 2528; x_wconf 91' lang='lat' dir='ltr'><strong>non</strong></span> <span class='ocrx_word' id='word_1_116' title='bbox 378 2469 451 2528; x_wconf 91' lang='lat' dir='ltr'><strong>dabo</strong></span> <span class='ocrx_word' id='word_1_117' title='bbox 474 2469 582 2546; x_wconf 80' lang='lat' dir='ltr'><strong>quovis</strong></span> <span class='ocrx_word' id='word_1_118' title='bbox 604 2470 688 2529; x_wconf 91' lang='lat' dir='ltr'><strong>modo</strong></span> <span class='ocrx_word' id='word_1_119' title='bbox 708 2489 759 2548; x_wconf 92' lang='lat' dir='ltr'><strong>per</strong></span> <span class='ocrx_word' id='word_1_120' title='bbox 775 2488 831 2538; x_wconf 89' lang='lat' dir='ltr'><strong>me,</strong></span> <span class='ocrx_word' id='word_1_121' title='bbox 848 2469 894 2527; x_wconf 84' lang='lat' dir='ltr'><strong>vel</strong></span> <span class='ocrx_word' id='word_1_122' title='bbox 916 2484 965 2547; x_wconf 90' lang='lat' dir='ltr'><strong>per</strong></span> <span class='ocrx_word' id='word_1_123' title='bbox 981 2466 1083 2536; x_wconf 88' lang='lat' dir='ltr'><strong>alium,</strong></span> 
     </span>
     <span class='ocr_line' id='line_1_20' title="bbox 300 2570 1083 2650; baseline -0.001 -24"><span class='ocrx_word' id='word_1_124' title='bbox 300 2588 351 2630; x_wconf 91' lang='lat' dir='ltr'><strong>seu</strong></span> <span class='ocrx_word' id='word_1_125' title='bbox 369 2572 450 2641; x_wconf 87' lang='lat' dir='ltr'><strong>alios,</strong></span> <span class='ocrx_word' id='word_1_126' title='bbox 470 2571 577 2630; x_wconf 89' lang='lat' dir='ltr'><strong>directe</strong></span> <span class='ocrx_word' id='word_1_127' title='bbox 598 2573 641 2632; x_wconf 89' lang='lat' dir='ltr'><strong>rel</strong></span> <span class='ocrx_word' id='word_1_128' title='bbox 662 2572 815 2643; x_wconf 86' lang='lat' dir='ltr'><strong>indirecte,</strong></span> <span class='ocrx_word' id='word_1_129' title='bbox 831 2570 946 2650; x_wconf 92' lang='lat' dir='ltr'><strong>publice</strong></span> <span class='ocrx_word' id='word_1_130' title='bbox 966 2570 1010 2628; x_wconf 92' lang='lat' dir='ltr'><strong>vel</strong></span> <span class='ocrx_word' id='word_1_131' title='bbox 1029 2585 1083 2627; x_wconf 91' lang='lat' dir='ltr'><strong>oc·</strong></span> 
     </span>
     <span class='ocr_line' id='line_1_21' title="bbox 300 2668 1083 2741; baseline -0.003 -12"><span class='ocrx_word' id='word_1_132' title='bbox 300 2673 377 2732; x_wconf 91' lang='lat' dir='ltr'><strong>culte</strong></span> <span class='ocrx_word' id='word_1_133' title='bbox 395 2674 540 2732; x_wconf 82' lang='lat' dir='ltr'><strong>auxilium</strong></span> <span class='ocrx_word' id='word_1_134' title='bbox 562 2674 716 2732; x_wconf 87' lang='lat' dir='ltr'><strong>consiliunt</strong></span> <span class='ocrx_word' id='word_1_135' title='bbox 733 2673 778 2732; x_wconf 88' lang='lat' dir='ltr'><strong>vel</strong></span> <span class='ocrx_word' id='word_1_136' title='bbox 799 2672 953 2741; x_wconf 82' lang='lat' dir='ltr'><strong>savorem,</strong></span> <span class='ocrx_word' id='word_1_137' title='bbox 973 2686 1025 2729; x_wconf 87' lang='lat' dir='ltr'><strong>nec</strong></span> <span class='ocrx_word' id='word_1_138' title='bbox 1046 2668 1083 2727; x_wconf 91' lang='lat' dir='ltr'><strong>ab</strong></span> 
     </span>
     <span class='ocr_line' id='line_1_22' title="bbox 298 2770 1083 2850; baseline -0.001 -22"><span class='ocrx_word' id='word_1_139' title='bbox 298 2771 374 2843; x_wconf 88' lang='lat' dir='ltr'><strong>aliis,</strong></span> <span class='ocrx_word' id='word_1_140' title='bbox 386 2783 525 2849; x_wconf 91' lang='lat' dir='ltr'><strong>quantum</strong></span> <span class='ocrx_word' id='word_1_141' title='bbox 543 2776 571 2831; x_wconf 92' lang='lat' dir='ltr'><strong>in</strong></span> <span class='ocrx_word' id='word_1_142' title='bbox 593 2792 637 2833; x_wconf 91' lang='lat' dir='ltr'><strong>me</strong></span> <span class='ocrx_word' id='word_1_143' title='bbox 658 2773 759 2843; x_wconf 87' lang='lat' dir='ltr'><strong>luerit,</strong></span> <span class='ocrx_word' id='word_1_144' title='bbox 777 2774 799 2831; x_wconf 91' lang='lat' dir='ltr'><strong>si</strong></span> <span class='ocrx_word' id='word_1_145' title='bbox 820 2770 957 2850; x_wconf 92' lang='lat' dir='ltr'><strong>impedire</strong></span> <span class='ocrx_word' id='word_1_146' title='bbox 970 2778 1083 2848; x_wconf 91' lang='lat' dir='ltr'><strong>potero,</strong></span> 
     </span>
     <span class='ocr_line' id='line_1_23' title="bbox 298 2869 1083 2951; baseline 0 -24"><span class='ocrx_word' id='word_1_147' title='bbox 298 2870 362 2931; x_wconf 90' lang='lat' dir='ltr'><strong>dari</strong></span> <span class='ocrx_word' id='word_1_148' title='bbox 394 2879 584 2951; x_wconf 91' lang='lat' dir='ltr'><strong>permittam,</strong></span> <span class='ocrx_word' id='word_1_149' title='bbox 606 2873 655 2933; x_wconf 92' lang='lat' dir='ltr'><strong>sed</strong></span> <span class='ocrx_word' id='word_1_150' title='bbox 676 2893 725 2933; x_wconf 93' lang='lat' dir='ltr'><strong>eos</strong></span> <span class='ocrx_word' id='word_1_151' title='bbox 750 2871 835 2947; x_wconf 78' lang='lat' dir='ltr'><strong>juxto</strong></span> <span class='ocrx_word' id='word_1_152' title='bbox 860 2889 962 2949; x_wconf 87' lang='lat' dir='ltr'><strong>posse,</strong></span> <span class='ocrx_word' id='word_1_153' title='bbox 993 2869 1083 2928; x_wconf 88' lang='lat' dir='ltr'><strong>donec</strong></span> 
     </span>
     <span class='ocr_line' id='line_1_24' title="bbox 300 2970 1083 3051; baseline -0.003 -21"><span class='ocrx_word' id='word_1_154' title='bbox 300 2984 525 3046; x_wconf 76' lang='lat' dir='ltr'><strong>convertantur,</strong></span> <span class='ocrx_word' id='word_1_155' title='bbox 556 2991 712 3051; x_wconf 89' lang='lat' dir='ltr'><strong>persequar</strong></span> <span class='ocrx_word' id='word_1_156' title='bbox 729 3019 737 3045; x_wconf 94' lang='lat'><strong>,</strong></span> <span class='ocrx_word' id='word_1_157' title='bbox 753 2986 781 3034; x_wconf 88' lang='lat' dir='ltr'><strong>et</strong></span> <span class='ocrx_word' id='word_1_158' title='bbox 807 2972 949 3031; x_wconf 76' lang='lat' dir='ltr'><strong>invadam.</strong></span> <span class='ocrx_word' id='word_1_159' title='bbox 970 2970 1019 3030; x_wconf 88' lang='lat' dir='ltr'><strong>Sic</strong></span> <span class='ocrx_word' id='word_1_160' title='bbox 1038 2987 1083 3028; x_wconf 88' lang='lat' dir='ltr'><strong>me</strong></span> 
     </span>
     <span class='ocr_line' id='line_1_25' title="bbox 299 3070 1084 3149; baseline 0 -20"><span class='ocrx_word' id='word_1_161' title='bbox 299 3071 376 3132; x_wconf 88' lang='lat' dir='ltr'><strong>Deus</strong></span> <span class='ocrx_word' id='word_1_162' title='bbox 403 3070 546 3149; x_wconf 82' lang='lat' dir='ltr'><strong>adjuvet,</strong></span> <span class='ocrx_word' id='word_1_163' title='bbox 576 3086 605 3134; x_wconf 91' lang='lat' dir='ltr'><strong>et</strong></span> <span class='ocrx_word' id='word_1_164' title='bbox 639 3075 709 3135; x_wconf 90' lang='lat' dir='ltr'><strong>baec</strong></span> <span class='ocrx_word' id='word_1_165' title='bbox 742 3075 847 3135; x_wconf 89' lang='lat' dir='ltr'><strong>Sancta</strong></span> <span class='ocrx_word' id='word_1_166' title='bbox 873 3074 924 3133; x_wconf 84' lang='lat' dir='ltr'><strong>[lei</strong></span> <span class='ocrx_word' id='word_1_167' title='bbox 947 3072 1084 3149; x_wconf 78' lang='lat' dir='ltr'><strong>Evange-</strong></span> 
     </span>
     <span class='ocr_line' id='line_1_26' title="bbox 281 3172 1084 3256; baseline -0.006 -22"><span class='ocrx_word' id='word_1_168' title='bbox 281 3172 345 3231; x_wconf 82' lang='lat' dir='ltr'><strong>lia.</strong></span> <span class='ocrx_word' id='word_1_169' title='bbox 368 3173 473 3234; x_wconf 85' lang='lat' dir='ltr'><strong>Datum</strong></span> <span class='ocrx_word' id='word_1_170' title='bbox 490 3174 600 3236; x_wconf 87' lang='lat' dir='ltr'><strong>Romae</strong></span> <span class='ocrx_word' id='word_1_171' title='bbox 614 3176 691 3256; x_wconf 91' lang='lat' dir='ltr'><strong>apud</strong></span> <span class='ocrx_word' id='word_1_172' title='bbox 712 3176 852 3235; x_wconf 89' lang='lat' dir='ltr'><strong>Sanctum</strong></span> <span class='ocrx_word' id='word_1_173' title='bbox 873 3174 994 3234; x_wconf 88' lang='lat' dir='ltr'><strong>Petrum</strong></span> <span class='ocrx_word' id='word_1_174' title='bbox 1009 3189 1084 3232; x_wconf 92' lang='lat' dir='ltr'><strong>anno</strong></span> 
     </span>
     <span class='ocr_line' id='line_1_27' title="bbox 298 3274 1083 3352; baseline -0.001 -21"><span class='ocrx_word' id='word_1_175' title='bbox 298 3274 502 3337; x_wconf 88' lang='lat' dir='ltr'><strong>incarnationis</strong></span> <span class='ocrx_word' id='word_1_176' title='bbox 514 3278 629 3337; x_wconf 83' lang='lat' dir='ltr'><strong>ttomtni</strong></span> <span class='ocrx_word' id='word_1_177' title='bbox 653 3293 684 3337; x_wconf 82' lang='lat' dir='ltr'><strong>u.</strong></span> <span class='ocrx_word' id='word_1_178' title='bbox 698 3294 784 3337; x_wconf 85' lang='lat' dir='ltr'><strong>coca.</strong></span> <span class='ocrx_word' id='word_1_179' title='bbox 799 3293 965 3338; x_wconf 78' lang='lat' dir='ltr'><strong>cxxxxvii.</strong></span> <span class='ocrx_word' id='word_1_180' title='bbox 978 3284 1083 3352; x_wconf 90' lang='lat' dir='ltr'><strong>quarto</strong></span> 
     </span>
     <span class='ocr_line' id='line_1_28' title="bbox 298 3373 1082 3451; baseline -0.003 -19"><span class='ocrx_word' id='word_1_181' title='bbox 298 3374 412 3435; x_wconf 91' lang='lat' dir='ltr'><strong>decimo</strong></span> <span class='ocrx_word' id='word_1_182' title='bbox 444 3377 581 3437; x_wconf 85' lang='lat' dir='ltr'><strong>kalendas</strong></span> <span class='ocrx_word' id='word_1_183' title='bbox 603 3376 755 3451; x_wconf 78' lang='lat' dir='ltr'><strong>ianuarii,</strong></span> <span class='ocrx_word' id='word_1_184' title='bbox 777 3376 965 3436; x_wconf 84' lang='lat' dir='ltr'><strong>Pontificatus</strong></span> <span class='ocrx_word' id='word_1_185' title='bbox 991 3373 1082 3434; x_wconf 89' lang='lat' dir='ltr'><strong>nostri</strong></span> 
     </span>
     <span class='ocr_line' id='line_1_29' title="bbox 296 3479 565 3538; baseline 0.015 -5"><span class='ocrx_word' id='word_1_186' title='bbox 296 3494 371 3537; x_wconf 93' lang='lat' dir='ltr'><strong>anno</strong></span> <span class='ocrx_word' id='word_1_187' title='bbox 393 3479 518 3538; x_wconf 91' lang='lat' dir='ltr'><strong>secundo</strong></span> <span class='ocrx_word' id='word_1_188' title='bbox 538 3502 565 3537; x_wconf 78' lang='lat' dir='ltr'><strong>s.</strong></span> 
     </span>
    </p>

    <p class='ocr_par' dir='ltr' id='par_1_3' title="bbox 297 3574 1081 3949">
     <span class='ocr_line' id='line_1_30' title="bbox 338 3574 1081 3654; baseline -0.001 -19"><span class='ocrx_word' id='word_1_189' title='bbox 338 3576 428 3638; x_wconf 81' lang='lat' dir='ltr'><strong>Lecta</strong></span> <span class='ocrx_word' id='word_1_190' title='bbox 447 3580 554 3652; x_wconf 87' lang='lat' dir='ltr'><strong>Ralla,</strong></span> <span class='ocrx_word' id='word_1_191' title='bbox 574 3580 684 3639; x_wconf 79' lang='lat' dir='ltr'><strong>accedit</strong></span> <span class='ocrx_word' id='word_1_192' title='bbox 713 3579 773 3639; x_wconf 77' lang='lat' dir='ltr'><strong>Rex</strong></span> <span class='ocrx_word' id='word_1_193' title='bbox 795 3592 825 3640; x_wconf 91' lang='lat' dir='ltr'><strong>et</strong></span> <span class='ocrx_word' id='word_1_194' title='bbox 846 3597 947 3638; x_wconf 86' lang='lat' dir='ltr'><strong>coram</strong></span> <span class='ocrx_word' id='word_1_195' title='bbox 969 3574 1081 3654; x_wconf 83' lang='lat' dir='ltr'><strong>Legato</strong></span> 
     </span>
     <span class='ocr_line' id='line_1_31' title="bbox 297 3678 1081 3758; baseline 0.001 -22"><span class='ocrx_word' id='word_1_196' title='bbox 297 3696 385 3757; x_wconf 89' lang='lat' dir='ltr'><strong>snper</strong></span> <span class='ocrx_word' id='word_1_197' title='bbox 405 3680 552 3738; x_wconf 87' lang='lat' dir='ltr'><strong>cussinum</strong></span> <span class='ocrx_word' id='word_1_198' title='bbox 567 3678 745 3758; x_wconf 77' lang='lat' dir='ltr'><strong>genuflexus,</strong></span> <span class='ocrx_word' id='word_1_199' title='bbox 764 3699 798 3738; x_wconf 80' lang='lat' dir='ltr'><strong>ex</strong></span> <span class='ocrx_word' id='word_1_200' title='bbox 820 3679 912 3751; x_wconf 90' lang='lat' dir='ltr'><strong>libro,</strong></span> <span class='ocrx_word' id='word_1_201' title='bbox 932 3679 992 3736; x_wconf 89' lang='lat' dir='ltr'><strong>sive</strong></span> <span class='ocrx_word' id='word_1_202' title='bbox 1013 3679 1081 3737; x_wconf 87' lang='lat' dir='ltr'><strong>lolio</strong></span> 
     </span>
     <span class='ocr_line' id='line_1_32' title="bbox 297 3779 1080 3859; baseline 0.003 -21"><span class='ocrx_word' id='word_1_203' title='bbox 297 3779 334 3838; x_wconf 85' lang='lat' dir='ltr'><strong>atl</strong></span> <span class='ocrx_word' id='word_1_204' title='bbox 354 3780 409 3840; x_wconf 91' lang='lat' dir='ltr'><strong>boc</strong></span> <span class='ocrx_word' id='word_1_205' title='bbox 427 3781 572 3853; x_wconf 90' lang='lat' dir='ltr'><strong>ordinato,</strong></span> <span class='ocrx_word' id='word_1_206' title='bbox 592 3781 662 3859; x_wconf 86' lang='lat' dir='ltr'><strong>legit</strong></span> <span class='ocrx_word' id='word_1_207' title='bbox 678 3781 712 3841; x_wconf 88' lang='lat' dir='ltr'><strong>de</strong></span> <span class='ocrx_word' id='word_1_208' title='bbox 735 3782 825 3843; x_wconf 91' lang='lat' dir='ltr'><strong>verbo</strong></span> <span class='ocrx_word' id='word_1_209' title='bbox 841 3780 877 3839; x_wconf 87' lang='lat' dir='ltr'><strong>ad</strong></span> <span class='ocrx_word' id='word_1_210' title='bbox 894 3780 1015 3841; x_wconf 89' lang='lat' dir='ltr'><strong>verbum</strong></span> <span class='ocrx_word' id='word_1_211' title='bbox 1027 3779 1080 3857; x_wconf 87' lang='lat' dir='ltr'><strong>ju·</strong></span> 
     </span>
     <span class='ocr_line' id='line_1_33' title="bbox 300 3882 745 3949; baseline 0.004 -9"><span class='ocrx_word' id='word_1_212' title='bbox 300 3894 463 3942; x_wconf 86' lang='lat' dir='ltr'><strong>ramentum</strong></span> <span class='ocrx_word' id='word_1_213' title='bbox 485 3882 539 3949; x_wconf 75' lang='lat' dir='ltr'><strong>sub</strong></span> <span class='ocrx_word' id='word_1_214' title='bbox 562 3882 616 3943; x_wconf 91' lang='lat' dir='ltr'><strong>bac</strong></span> <span class='ocrx_word' id='word_1_215' title='bbox 637 3883 745 3943; x_wconf 82' lang='lat' dir='ltr'><strong>forma:</strong></span> 
     </span>
    </p>

    <p class='ocr_par' dir='ltr' id='par_1_4' title="bbox 292 3984 1080 5792">
     <span class='ocr_line' id='line_1_34' title="bbox 339 3984 1080 4065; baseline 0.005 -24"><span class='ocrx_word' id='word_1_216' title='bbox 339 4011 356 4041; x_wconf 72' lang='lat' dir='ltr'><strong>e</strong></span> <span class='ocrx_word' id='word_1_217' title='bbox 372 3986 436 4065; x_wconf 86' lang='lat' dir='ltr'><strong>Ego</strong></span> <span class='ocrx_word' id='word_1_218' title='bbox 447 3986 612 4065; x_wconf 76' lang='lat' dir='ltr'><strong>Alpbonsns</strong></span> <span class='ocrx_word' id='word_1_219' title='bbox 626 3987 679 4046; x_wconf 84' lang='lat' dir='ltr'><strong>llei</strong></span> <span class='ocrx_word' id='word_1_220' title='bbox 694 3985 790 4065; x_wconf 88' lang='lat' dir='ltr'><strong>gratia</strong></span> <span class='ocrx_word' id='word_1_221' title='bbox 802 3985 863 4045; x_wconf 80' lang='lat' dir='ltr'><strong>Rex</strong></span> <span class='ocrx_word' id='word_1_222' title='bbox 875 3984 1001 4058; x_wconf 88' lang='lat' dir='ltr'><strong>Siciliae,</strong></span> <span class='ocrx_word' id='word_1_223' title='bbox 1015 3986 1080 4065; x_wconf 89' lang='lat' dir='ltr'><strong>ple-</strong></span> 
     </span>
     <span class='ocr_line' id='line_1_35' title="bbox 299 4087 1079 4168; baseline -0.003 -21"><span class='ocrx_word' id='word_1_224' title='bbox 299 4106 369 4149; x_wconf 92' lang='lat' dir='ltr'><strong>num</strong></span> <span class='ocrx_word' id='word_1_225' title='bbox 391 4089 577 4168; x_wconf 80' lang='lat' dir='ltr'><strong>homagium,</strong></span> <span class='ocrx_word' id='word_1_226' title='bbox 596 4089 697 4167; x_wconf 91' lang='lat' dir='ltr'><strong>ligium</strong></span> <span class='ocrx_word' id='word_1_227' title='bbox 711 4100 740 4149; x_wconf 91' lang='lat' dir='ltr'><strong>et</strong></span> <span class='ocrx_word' id='word_1_228' title='bbox 756 4089 959 4166; x_wconf 67' lang='lat' dir='ltr'><strong>vassallagium</strong></span> <span class='ocrx_word' id='word_1_229' title='bbox 975 4087 1079 4148; x_wconf 80' lang='lat' dir='ltr'><strong>iaciens</strong></span> 
     </span>
     <span class='ocr_line' id='line_1_36' title="bbox 299 4180 1079 4268; baseline -0.001 -19"><span class='ocrx_word' id='word_1_230' title='bbox 299 4180 354 4249; x_wconf 71' lang='lat' dir='ltr'><strong>SS.</strong></span> <span class='ocrx_word' id='word_1_231' title='bbox 377 4192 411 4251; x_wconf 88' lang='lat' dir='ltr'><strong>l).</strong></span> <span class='ocrx_word' id='word_1_232' title='bbox 435 4210 499 4251; x_wconf 89' lang='lat' dir='ltr'><strong>meo</strong></span> <span class='ocrx_word' id='word_1_233' title='bbox 527 4188 649 4250; x_wconf 82' lang='lat' dir='ltr'><strong>Dorttino</strong></span> <span class='ocrx_word' id='word_1_234' title='bbox 675 4189 837 4250; x_wconf 79' lang='lat' dir='ltr'><strong>Alexandro</strong></span> <span class='ocrx_word' id='word_1_235' title='bbox 869 4189 964 4268; x_wconf 88' lang='lat' dir='ltr'><strong>Papae</strong></span> <span class='ocrx_word' id='word_1_236' title='bbox 985 4189 1023 4249; x_wconf 89' lang='lat' dir='ltr'><strong>Vl</strong></span> <span class='ocrx_word' id='word_1_237' title='bbox 1049 4199 1079 4248; x_wconf 88' lang='lat' dir='ltr'><strong>ct</strong></span> 
     </span>
     <span class='ocr_line' id='line_1_37' title="bbox 295 4291 1078 4374; baseline -0.004 -23"><span class='ocrx_word' id='word_1_238' title='bbox 295 4291 442 4354; x_wconf 83' lang='lat' dir='ltr'><strong>Ecclesiae</strong></span> <span class='ocrx_word' id='word_1_239' title='bbox 459 4293 603 4354; x_wconf 84' lang='lat' dir='ltr'><strong>Romanae</strong></span> <span class='ocrx_word' id='word_1_240' title='bbox 625 4313 680 4374; x_wconf 90' lang='lat' dir='ltr'><strong>pro</strong></span> <span class='ocrx_word' id='word_1_241' title='bbox 702 4292 804 4371; x_wconf 88' lang='lat' dir='ltr'><strong>Regno</strong></span> <span class='ocrx_word' id='word_1_242' title='bbox 819 4292 958 4365; x_wconf 88' lang='lat' dir='ltr'><strong>Siciliae,</strong></span> <span class='ocrx_word' id='word_1_243' title='bbox 974 4302 1003 4352; x_wconf 92' lang='lat' dir='ltr'><strong>et</strong></span> <span class='ocrx_word' id='word_1_244' title='bbox 1019 4301 1078 4350; x_wconf 89' lang='lat' dir='ltr'><strong>tota</strong></span> 
     </span>
     <span class='ocr_line' id='line_1_38' title="bbox 295 4393 1079 4476; baseline -0.009 -18"><span class='ocrx_word' id='word_1_245' title='bbox 295 4406 386 4470; x_wconf 82' lang='lat' dir='ltr'><strong>terra,</strong></span> <span class='ocrx_word' id='word_1_246' title='bbox 401 4408 531 4476; x_wconf 90' lang='lat' dir='ltr'><strong>quaeest</strong></span> <span class='ocrx_word' id='word_1_247' title='bbox 551 4400 626 4458; x_wconf 86' lang='lat' dir='ltr'><strong>eitra</strong></span> <span class='ocrx_word' id='word_1_248' title='bbox 647 4397 802 4469; x_wconf 91' lang='lat' dir='ltr'><strong>Pharum,</strong></span> <span class='ocrx_word' id='word_1_249' title='bbox 816 4393 900 4472; x_wconf 82' lang='lat' dir='ltr'><strong>juxta</strong></span> <span class='ocrx_word' id='word_1_250' title='bbox 928 4405 957 4456; x_wconf 91' lang='lat' dir='ltr'><strong>et</strong></span> <span class='ocrx_word' id='word_1_251' title='bbox 975 4411 1079 4454; x_wconf 86' lang='lat' dir='ltr'><strong>sccun-</strong></span> 
     </span>
     <span class='ocr_line' id='line_1_39' title="bbox 294 4496 1078 4576; baseline -0.001 -21"><span class='ocrx_word' id='word_1_252' title='bbox 294 4496 364 4556; x_wconf 91' lang='lat' dir='ltr'><strong>dum</strong></span> <span class='ocrx_word' id='word_1_253' title='bbox 379 4499 463 4557; x_wconf 88' lang='lat' dir='ltr'><strong>illum</strong></span> <span class='ocrx_word' id='word_1_254' title='bbox 477 4508 585 4557; x_wconf 87' lang='lat' dir='ltr'><strong>statum</strong></span> <span class='ocrx_word' id='word_1_255' title='bbox 600 4516 685 4576; x_wconf 92' lang='lat' dir='ltr'><strong>quem</strong></span> <span class='ocrx_word' id='word_1_256' title='bbox 701 4498 793 4558; x_wconf 88' lang='lat' dir='ltr'><strong>tenuit</strong></span> <span class='ocrx_word' id='word_1_257' title='bbox 812 4508 842 4556; x_wconf 88' lang='lat' dir='ltr'><strong>et</strong></span> <span class='ocrx_word' id='word_1_258' title='bbox 856 4496 979 4576; x_wconf 90' lang='lat' dir='ltr'><strong>possedit</strong></span> <span class='ocrx_word' id='word_1_259' title='bbox 995 4513 1078 4555; x_wconf 91' lang='lat' dir='ltr'><strong>reco-</strong></span> 
     </span>
     <span class='ocr_line' id='line_1_40' title="bbox 295 4596 1078 4673; baseline 0.001 -19"><span class='ocrx_word' id='word_1_260' title='bbox 295 4597 394 4658; x_wconf 91' lang='lat' dir='ltr'><strong>lendae</strong></span> <span class='ocrx_word' id='word_1_261' title='bbox 415 4599 569 4659; x_wconf 88' lang='lat' dir='ltr'><strong>memoriae</strong></span> <span class='ocrx_word' id='word_1_262' title='bbox 590 4597 789 4659; x_wconf 85' lang='lat' dir='ltr'><strong>Fordinandus</strong></span> <span class='ocrx_word' id='word_1_263' title='bbox 811 4598 926 4657; x_wconf 88' lang='lat' dir='ltr'><strong>Siciliae</strong></span> <span class='ocrx_word' id='word_1_264' title='bbox 947 4596 1009 4656; x_wconf 83' lang='lat' dir='ltr'><strong>Rex</strong></span> <span class='ocrx_word' id='word_1_265' title='bbox 1024 4613 1078 4673; x_wconf 80' lang='lat' dir='ltr'><strong>ge·</strong></span> 
     </span>
     <span class='ocr_line' id='line_1_41' title="bbox 294 4697 1077 4774; baseline 0.001 -18"><span class='ocrx_word' id='word_1_266' title='bbox 294 4697 371 4757; x_wconf 93' lang='lat' dir='ltr'><strong>nitor</strong></span> <span class='ocrx_word' id='word_1_267' title='bbox 392 4716 474 4759; x_wconf 91' lang='lat' dir='ltr'><strong>meus</strong></span> <span class='ocrx_word' id='word_1_268' title='bbox 494 4699 524 4757; x_wconf 94' lang='lat' dir='ltr'><strong>in</strong></span> <span class='ocrx_word' id='word_1_269' title='bbox 545 4698 622 4756; x_wconf 90' lang='lat' dir='ltr'><strong>dicta</strong></span> <span class='ocrx_word' id='word_1_270' title='bbox 642 4709 721 4758; x_wconf 90' lang='lat' dir='ltr'><strong>terra</strong></span> <span class='ocrx_word' id='word_1_271' title='bbox 743 4700 815 4759; x_wconf 91' lang='lat' dir='ltr'><strong>citra</strong></span> <span class='ocrx_word' id='word_1_272' title='bbox 832 4698 970 4770; x_wconf 89' lang='lat' dir='ltr'><strong>Plrarum,</strong></span> <span class='ocrx_word' id='word_1_273' title='bbox 986 4715 1077 4774; x_wconf 89' lang='lat' dir='ltr'><strong>usque</strong></span> 
     </span>
     <span class='ocr_line' id='line_1_42' title="bbox 293 4797 1078 4879; baseline 0 -23"><span class='ocrx_word' id='word_1_274' title='bbox 293 4798 329 4856; x_wconf 91' lang='lat' dir='ltr'><strong>ad</strong></span> <span class='ocrx_word' id='word_1_275' title='bbox 351 4797 472 4859; x_wconf 80' lang='lat' dir='ltr'><strong>confinia</strong></span> <span class='ocrx_word' id='word_1_276' title='bbox 493 4811 640 4859; x_wconf 91' lang='lat' dir='ltr'><strong>terrarum</strong></span> <span class='ocrx_word' id='word_1_277' title='bbox 660 4799 748 4879; x_wconf 90' lang='lat' dir='ltr'><strong>ipsius</strong></span> <span class='ocrx_word' id='word_1_278' title='bbox 767 4799 932 4872; x_wconf 87' lang='lat' dir='ltr'><strong>Ecclesiae,</strong></span> <span class='ocrx_word' id='word_1_279' title='bbox 960 4809 1078 4877; x_wconf 86' lang='lat' dir='ltr'><strong>excepta</strong></span> 
     </span>
     <span class='ocr_line' id='line_1_43' title="bbox 294 4899 1077 4972; baseline -0.003 -13"><span class='ocrx_word' id='word_1_280' title='bbox 294 4901 411 4961; x_wconf 83' lang='lat' dir='ltr'><strong>civitate</strong></span> <span class='ocrx_word' id='word_1_281' title='bbox 431 4902 627 4962; x_wconf 88' lang='lat' dir='ltr'><strong>Beneventano</strong></span> <span class='ocrx_word' id='word_1_282' title='bbox 655 4919 723 4961; x_wconf 88' lang='lat' dir='ltr'><strong>cum</strong></span> <span class='ocrx_word' id='word_1_283' title='bbox 754 4912 815 4961; x_wconf 93' lang='lat' dir='ltr'><strong>toto</strong></span> <span class='ocrx_word' id='word_1_284' title='bbox 837 4899 1010 4972; x_wconf 89' lang='lat' dir='ltr'><strong>territorio,</strong></span> <span class='ocrx_word' id='word_1_285' title='bbox 1042 4917 1077 4958; x_wconf 91' lang='lat' dir='ltr'><strong>ac</strong></span> 
     </span>
     <span class='ocr_line' id='line_1_44' title="bbox 293 5002 1077 5082; baseline -0.003 -22"><span class='ocrx_word' id='word_1_286' title='bbox 293 5002 426 5060; x_wconf 90' lang='lat' dir='ltr'><strong>omnibns</strong></span> <span class='ocrx_word' id='word_1_287' title='bbox 446 5002 622 5060; x_wconf 84' lang='lat' dir='ltr'><strong>districtibus</strong></span> <span class='ocrx_word' id='word_1_288' title='bbox 641 5013 668 5063; x_wconf 91' lang='lat' dir='ltr'><strong>et</strong></span> <span class='ocrx_word' id='word_1_289' title='bbox 689 5004 865 5082; x_wconf 90' lang='lat' dir='ltr'><strong>pertinentiis</strong></span> <span class='ocrx_word' id='word_1_290' title='bbox 880 5003 957 5071; x_wconf 89' lang='lat' dir='ltr'><strong>suis,</strong></span> <span class='ocrx_word' id='word_1_291' title='bbox 971 5018 1077 5061; x_wconf 81' lang='lat' dir='ltr'><strong>secun·</strong></span> 
     </span>
     <span class='ocr_line' id='line_1_45' title="bbox 293 5101 1078 5184; baseline 0.003 -23"><span class='ocrx_word' id='word_1_292' title='bbox 293 5102 362 5162; x_wconf 90' lang='lat' dir='ltr'><strong>dum</strong></span> <span class='ocrx_word' id='word_1_293' title='bbox 382 5105 515 5182; x_wconf 89' lang='lat' dir='ltr'><strong>amiquos</strong></span> <span class='ocrx_word' id='word_1_294' title='bbox 537 5101 606 5165; x_wconf 84' lang='lat' dir='ltr'><strong>lines</strong></span> <span class='ocrx_word' id='word_1_295' title='bbox 624 5106 765 5165; x_wconf 90' lang='lat' dir='ltr'><strong>territorii</strong></span> <span class='ocrx_word' id='word_1_296' title='bbox 789 5105 1027 5184; x_wconf 87' lang='lat' dir='ltr'><strong>pertinentiarum</strong></span> <span class='ocrx_word' id='word_1_297' title='bbox 1049 5113 1078 5163; x_wconf 87' lang='lat' dir='ltr'><strong>et</strong></span> 
     </span>
     <span class='ocr_line' id='line_1_46' title="bbox 292 5200 1076 5286; baseline 0.003 -24"><span class='ocrx_word' id='word_1_298' title='bbox 292 5200 441 5263; x_wconf 89' lang='lat' dir='ltr'><strong>districtus</strong></span> <span class='ocrx_word' id='word_1_299' title='bbox 460 5207 584 5265; x_wconf 88' lang='lat' dir='ltr'><strong>civitatis</strong></span> <span class='ocrx_word' id='word_1_300' title='bbox 597 5203 724 5282; x_wconf 89' lang='lat' dir='ltr'><strong>ejusdem</strong></span> <span class='ocrx_word' id='word_1_301' title='bbox 747 5226 798 5286; x_wconf 92' lang='lat' dir='ltr'><strong>per</strong></span> <span class='ocrx_word' id='word_1_302' title='bbox 815 5206 959 5266; x_wconf 87' lang='lat' dir='ltr'><strong>Romanos</strong></span> <span class='ocrx_word' id='word_1_303' title='bbox 971 5204 1076 5264; x_wconf 90' lang='lat' dir='ltr'><strong>Ponti·</strong></span> 
     </span>
     <span class='ocr_line' id='line_1_47' title="bbox 293 5303 1076 5388; baseline 0.003 -25"><span class='ocrx_word' id='word_1_304' title='bbox 293 5303 360 5366; x_wconf 88' lang='lat' dir='ltr'><strong>lices</strong></span> <span class='ocrx_word' id='word_1_305' title='bbox 374 5307 532 5377; x_wconf 89' lang='lat' dir='ltr'><strong>distinctos,</strong></span> <span class='ocrx_word' id='word_1_306' title='bbox 545 5318 575 5367; x_wconf 87' lang='lat' dir='ltr'><strong>et</strong></span> <span class='ocrx_word' id='word_1_307' title='bbox 593 5308 620 5366; x_wconf 94' lang='lat' dir='ltr'><strong>in</strong></span> <span class='ocrx_word' id='word_1_308' title='bbox 636 5321 785 5388; x_wconf 89' lang='lat' dir='ltr'><strong>posterum</strong></span> <span class='ocrx_word' id='word_1_309' title='bbox 802 5305 1026 5385; x_wconf 87' lang='lat' dir='ltr'><strong>distinguendos,</strong></span> <span class='ocrx_word' id='word_1_310' title='bbox 1040 5306 1076 5365; x_wconf 94' lang='lat' dir='ltr'><strong>ab</strong></span> 
     </span>
     <span class='ocr_line' id='line_1_48' title="bbox 294 5407 1076 5482; baseline 0.004 -17"><span class='ocrx_word' id='word_1_311' title='bbox 294 5407 348 5467; x_wconf 91' lang='lat' dir='ltr'><strong>bac</strong></span> <span class='ocrx_word' id='word_1_312' title='bbox 366 5409 437 5468; x_wconf 92' lang='lat' dir='ltr'><strong>bora</strong></span> <span class='ocrx_word' id='word_1_313' title='bbox 454 5410 577 5470; x_wconf 89' lang='lat' dir='ltr'><strong>inantea</strong></span> <span class='ocrx_word' id='word_1_314' title='bbox 593 5408 705 5482; x_wconf 84' lang='lat' dir='ltr'><strong>tidelis,</strong></span> <span class='ocrx_word' id='word_1_315' title='bbox 724 5421 753 5469; x_wconf 90' lang='lat' dir='ltr'><strong>et</strong></span> <span class='ocrx_word' id='word_1_316' title='bbox 772 5408 906 5469; x_wconf 87' lang='lat' dir='ltr'><strong>obediens</strong></span> <span class='ocrx_word' id='word_1_317' title='bbox 919 5429 972 5470; x_wconf 88' lang='lat' dir='ltr'><strong>cro</strong></span> <span class='ocrx_word' id='word_1_318' title='bbox 988 5410 1076 5469; x_wconf 87' lang='lat' dir='ltr'><strong>Reato</strong></span> 
     </span>
     <span class='ocr_line' id='line_1_49' title="bbox 293 5508 1077 5583; baseline 0.004 -16"><span class='ocrx_word' id='word_1_319' title='bbox 293 5508 382 5571; x_wconf 92' lang='lat' dir='ltr'><strong>Petro</strong></span> <span class='ocrx_word' id='word_1_320' title='bbox 397 5520 426 5572; x_wconf 90' lang='lat' dir='ltr'><strong>et</strong></span> <span class='ocrx_word' id='word_1_321' title='bbox 442 5511 545 5583; x_wconf 90' lang='lat' dir='ltr'><strong>Paulo,</strong></span> <span class='ocrx_word' id='word_1_322' title='bbox 560 5524 588 5573; x_wconf 92' lang='lat' dir='ltr'><strong>et</strong></span> <span class='ocrx_word' id='word_1_323' title='bbox 604 5511 658 5573; x_wconf 92' lang='lat' dir='ltr'><strong>SS.</strong></span> <span class='ocrx_word' id='word_1_324' title='bbox 677 5513 712 5572; x_wconf 88' lang='lat' dir='ltr'><strong>D.</strong></span> <span class='ocrx_word' id='word_1_325' title='bbox 728 5510 762 5572; x_wconf 85' lang='lat' dir='ltr'><strong>N.</strong></span> <span class='ocrx_word' id='word_1_326' title='bbox 778 5512 901 5571; x_wconf 85' lang='lat' dir='ltr'><strong>Domino</strong></span> <span class='ocrx_word' id='word_1_327' title='bbox 916 5509 1077 5571; x_wconf 74' lang='lat' dir='ltr'><strong>Alexandro</strong></span> 
     </span>
     <span class='ocr_line' id='line_1_50' title="bbox 294 5612 1075 5694; baseline -0.003 -23"><span class='ocrx_word' id='word_1_328' title='bbox 294 5613 387 5693; x_wconf 89' lang='lat' dir='ltr'><strong>Papae</strong></span> <span class='ocrx_word' id='word_1_329' title='bbox 398 5613 485 5676; x_wconf 83' lang='lat' dir='ltr'><strong>Scato</strong></span> <span class='ocrx_word' id='word_1_330' title='bbox 496 5615 612 5694; x_wconf 88' lang='lat' dir='ltr'><strong>suisque</strong></span> <span class='ocrx_word' id='word_1_331' title='bbox 622 5616 835 5675; x_wconf 86' lang='lat' dir='ltr'><strong>successoribus</strong></span> <span class='ocrx_word' id='word_1_332' title='bbox 846 5612 984 5674; x_wconf 91' lang='lat' dir='ltr'><strong>Romanis</strong></span> <span class='ocrx_word' id='word_1_333' title='bbox 996 5612 1075 5671; x_wconf 92' lang='lat' dir='ltr'><strong>Pon·</strong></span> 
     </span>
     <span class='ocr_line' id='line_1_51' title="bbox 295 5711 1076 5792; baseline -0.003 -17"><span class='ocrx_word' id='word_1_334' title='bbox 295 5713 419 5777; x_wconf 88' lang='lat' dir='ltr'><strong>titicibns</strong></span> <span class='ocrx_word' id='word_1_335' title='bbox 440 5719 575 5779; x_wconf 90' lang='lat' dir='ltr'><strong>canonice</strong></span> <span class='ocrx_word' id='word_1_336' title='bbox 596 5715 779 5791; x_wconf 87' lang='lat' dir='ltr'><strong>intrantibus,</strong></span> <span class='ocrx_word' id='word_1_337' title='bbox 801 5714 981 5792; x_wconf 88' lang='lat' dir='ltr'><strong>Sanctaeqne</strong></span> <span class='ocrx_word' id='word_1_338' title='bbox 996 5711 1076 5792; x_wconf 77' lang='lat' dir='ltr'><strong>Apo-</strong></span> 
     </span>
    </p>
   </div>
   <div class='ocr_carea' id='block_1_3' title="bbox 1835 613 1949 698">
    <p class='ocr_par' dir='ltr' id='par_1_5' title="bbox 1835 613 1949 698">
     <span class='ocr_line' id='line_1_52' title="bbox 1835 613 1949 698; baseline 0.009 -20"><span class='ocrx_word' id='word_1_339' title='bbox 1835 613 1949 698; x_wconf 76' lang='lat' dir='ltr'><strong>(assa)</strong></span> 
     </span>
    </p>
   </div>
   <div class='ocr_carea' id='block_1_4' title="bbox 1152 751 1954 5793">
    <p class='ocr_par' dir='ltr' id='par_1_6' title="bbox 1152 751 1954 5793">
     <span class='ocr_line' id='line_1_53' title="bbox 1157 751 1949 832; baseline 0.011 -21"><span class='ocrx_word' id='word_1_340' title='bbox 1157 753 1273 815; x_wconf 85' lang='lat' dir='ltr'><strong>stolicae</strong></span> <span class='ocrx_word' id='word_1_341' title='bbox 1288 751 1433 815; x_wconf 88' lang='lat' dir='ltr'><strong>Romame</strong></span> <span class='ocrx_word' id='word_1_342' title='bbox 1447 752 1604 817; x_wconf 82' lang='lat' dir='ltr'><strong>Ecclesiae.</strong></span> <span class='ocrx_word' id='word_1_343' title='bbox 1620 752 1684 816; x_wconf 79' lang='lat' dir='ltr'><strong>lion</strong></span> <span class='ocrx_word' id='word_1_344' title='bbox 1698 773 1752 818; x_wconf 87' lang='lat' dir='ltr'><strong>ero</strong></span> <span class='ocrx_word' id='word_1_345' title='bbox 1772 756 1801 815; x_wconf 93' lang='lat' dir='ltr'><strong>in</strong></span> <span class='ocrx_word' id='word_1_346' title='bbox 1818 760 1949 832; x_wconf 78' lang='lat' dir='ltr'><strong>comilis,</strong></span> 
     </span>
     <span class='ocr_line' id='line_1_54' title="bbox 1158 855 1950 938; baseline 0.011 -26"><span class='ocrx_word' id='word_1_347' title='bbox 1158 855 1203 913; x_wconf 85' lang='lat' dir='ltr'><strong>rel</strong></span> <span class='ocrx_word' id='word_1_348' title='bbox 1226 872 1377 927; x_wconf 90' lang='lat' dir='ltr'><strong>consensu,</strong></span> <span class='ocrx_word' id='word_1_349' title='bbox 1392 872 1444 915; x_wconf 88' lang='lat' dir='ltr'><strong>seu</strong></span> <span class='ocrx_word' id='word_1_350' title='bbox 1465 856 1553 928; x_wconf 86' lang='lat' dir='ltr'><strong>lacto,</strong></span> <span class='ocrx_word' id='word_1_351' title='bbox 1576 866 1609 916; x_wconf 92' lang='lat' dir='ltr'><strong>nt</strong></span> <span class='ocrx_word' id='word_1_352' title='bbox 1631 857 1721 917; x_wconf 87' lang='lat' dir='ltr'><strong>vitam</strong></span> <span class='ocrx_word' id='word_1_353' title='bbox 1740 857 1880 938; x_wconf 87' lang='lat' dir='ltr'><strong>perdant,</strong></span> <span class='ocrx_word' id='word_1_354' title='bbox 1897 879 1950 922; x_wconf 87' lang='lat' dir='ltr'><strong>sen</strong></span> 
     </span>
     <span class='ocr_line' id='line_1_55' title="bbox 1158 954 1949 1039; baseline 0.011 -28"><span class='ocrx_word' id='word_1_355' title='bbox 1158 954 1333 1028; x_wconf 87' lang='lat' dir='ltr'><strong>membrum,</strong></span> <span class='ocrx_word' id='word_1_356' title='bbox 1348 956 1395 1015; x_wconf 88' lang='lat' dir='ltr'><strong>vel</strong></span> <span class='ocrx_word' id='word_1_357' title='bbox 1412 957 1565 1037; x_wconf 85' lang='lat' dir='ltr'><strong>c&#39;apiantur</strong></span> <span class='ocrx_word' id='word_1_358' title='bbox 1586 959 1661 1017; x_wconf 93' lang='lat' dir='ltr'><strong>mala</strong></span> <span class='ocrx_word' id='word_1_359' title='bbox 1682 962 1826 1039; x_wconf 82' lang='lat' dir='ltr'><strong>captione3</strong></span> <span class='ocrx_word' id='word_1_360' title='bbox 1851 959 1949 1020; x_wconf 86' lang='lat' dir='ltr'><strong>eonsi-</strong></span> 
     </span>
     <span class='ocr_line' id='line_1_56' title="bbox 1159 1052 1950 1141; baseline 0.014 -29"><span class='ocrx_word' id='word_1_361' title='bbox 1159 1052 1229 1112; x_wconf 94' lang='lat' dir='ltr'><strong>lium</strong></span> <span class='ocrx_word' id='word_1_362' title='bbox 1251 1056 1329 1132; x_wconf 93' lang='lat' dir='ltr'><strong>quod</strong></span> <span class='ocrx_word' id='word_1_363' title='bbox 1347 1057 1419 1116; x_wconf 91' lang='lat' dir='ltr'><strong>mibi</strong></span> <span class='ocrx_word' id='word_1_364' title='bbox 1434 1057 1574 1118; x_wconf 89' lang='lat' dir='ltr'><strong>credituri</strong></span> <span class='ocrx_word' id='word_1_365' title='bbox 1588 1069 1673 1119; x_wconf 91' lang='lat' dir='ltr'><strong>erunt</strong></span> <span class='ocrx_word' id='word_1_366' title='bbox 1694 1079 1746 1139; x_wconf 90' lang='lat' dir='ltr'><strong>per</strong></span> <span class='ocrx_word' id='word_1_367' title='bbox 1762 1079 1805 1132; x_wconf 89' lang='lat' dir='ltr'><strong>se,</strong></span> <span class='ocrx_word' id='word_1_368' title='bbox 1821 1069 1878 1119; x_wconf 86' lang='lat' dir='ltr'><strong>aut</strong></span> <span class='ocrx_word' id='word_1_369' title='bbox 1898 1080 1950 1141; x_wconf 87' lang='lat' dir='ltr'><strong>per</strong></span> 
     </span>
     <span class='ocr_line' id='line_1_57' title="bbox 1158 1156 1950 1237; baseline 0.015 -25"><span class='ocrx_word' id='word_1_370' title='bbox 1158 1156 1277 1215; x_wconf 89' lang='lat' dir='ltr'><strong>nuncios</strong></span> <span class='ocrx_word' id='word_1_371' title='bbox 1291 1166 1368 1226; x_wconf 73' lang='lat' dir='ltr'><strong>snos,</strong></span> <span class='ocrx_word' id='word_1_372' title='bbox 1385 1159 1428 1217; x_wconf 92' lang='lat' dir='ltr'><strong>vel</strong></span> <span class='ocrx_word' id='word_1_373' title='bbox 1443 1178 1496 1237; x_wconf 89' lang='lat' dir='ltr'><strong>per</strong></span> <span class='ocrx_word' id='word_1_374' title='bbox 1516 1160 1624 1232; x_wconf 91' lang='lat' dir='ltr'><strong>literas,</strong></span> <span class='ocrx_word' id='word_1_375' title='bbox 1635 1160 1671 1218; x_wconf 90' lang='lat' dir='ltr'><strong>ad</strong></span> <span class='ocrx_word' id='word_1_376' title='bbox 1684 1179 1793 1222; x_wconf 89' lang='lat' dir='ltr'><strong>eorum</strong></span> <span class='ocrx_word' id='word_1_377' title='bbox 1809 1161 1950 1224; x_wconf 88' lang='lat' dir='ltr'><strong>damnum</strong></span> 
     </span>
     <span class='ocr_line' id='line_1_58' title="bbox 1158 1257 1951 1336; baseline 0.016 -23"><span class='ocrx_word' id='word_1_378' title='bbox 1158 1257 1280 1317; x_wconf 89' lang='lat' dir='ltr'><strong>scienter</strong></span> <span class='ocrx_word' id='word_1_379' title='bbox 1301 1258 1404 1318; x_wconf 92' lang='lat' dir='ltr'><strong>nemini</strong></span> <span class='ocrx_word' id='word_1_380' title='bbox 1426 1258 1569 1336; x_wconf 91' lang='lat' dir='ltr'><strong>pandam,</strong></span> <span class='ocrx_word' id='word_1_381' title='bbox 1597 1272 1625 1320; x_wconf 87' lang='lat' dir='ltr'><strong>et</strong></span> <span class='ocrx_word' id='word_1_382' title='bbox 1646 1262 1669 1320; x_wconf 92' lang='lat' dir='ltr'><strong>si</strong></span> <span class='ocrx_word' id='word_1_383' title='bbox 1690 1263 1788 1322; x_wconf 90' lang='lat' dir='ltr'><strong>sciero</strong></span> <span class='ocrx_word' id='word_1_384' title='bbox 1815 1261 1883 1323; x_wconf 80' lang='lat' dir='ltr'><strong>beri</strong></span> <span class='ocrx_word' id='word_1_385' title='bbox 1906 1265 1951 1325; x_wconf 81' lang='lat' dir='ltr'><strong>vel</strong></span> 
     </span>
     <span class='ocr_line' id='line_1_59' title="bbox 1158 1358 1952 1443; baseline 0.011 -28"><span class='ocrx_word' id='word_1_386' title='bbox 1158 1358 1329 1434; x_wconf 90' lang='lat' dir='ltr'><strong>procurari,</strong></span> <span class='ocrx_word' id='word_1_387' title='bbox 1345 1378 1395 1418; x_wconf 91' lang='lat' dir='ltr'><strong>sen</strong></span> <span class='ocrx_word' id='word_1_388' title='bbox 1411 1361 1532 1419; x_wconf 89' lang='lat' dir='ltr'><strong>tractari</strong></span> <span class='ocrx_word' id='word_1_389' title='bbox 1548 1362 1656 1439; x_wconf 90' lang='lat' dir='ltr'><strong>aliquid</strong></span> <span class='ocrx_word' id='word_1_390' title='bbox 1671 1363 1750 1440; x_wconf 94' lang='lat' dir='ltr'><strong>quod</strong></span> <span class='ocrx_word' id='word_1_391' title='bbox 1768 1364 1798 1421; x_wconf 94' lang='lat' dir='ltr'><strong>in</strong></span> <span class='ocrx_word' id='word_1_392' title='bbox 1817 1363 1952 1443; x_wconf 82' lang='lat' dir='ltr'><strong>ipsorum</strong></span> 
     </span>
     <span class='ocr_line' id='line_1_60' title="bbox 1158 1456 1954 1543; baseline 0.011 -28"><span class='ocrx_word' id='word_1_393' title='bbox 1158 1456 1294 1517; x_wconf 91' lang='lat' dir='ltr'><strong>damnum</strong></span> <span class='ocrx_word' id='word_1_394' title='bbox 1320 1460 1426 1532; x_wconf 90' lang='lat' dir='ltr'><strong>cedat,</strong></span> <span class='ocrx_word' id='word_1_395' title='bbox 1456 1460 1529 1521; x_wconf 92' lang='lat' dir='ltr'><strong>illud</strong></span> <span class='ocrx_word' id='word_1_396' title='bbox 1561 1479 1615 1540; x_wconf 93' lang='lat' dir='ltr'><strong>pro</strong></span> <span class='ocrx_word' id='word_1_397' title='bbox 1646 1482 1727 1541; x_wconf 87' lang='lat' dir='ltr'><strong>posse</strong></span> <span class='ocrx_word' id='word_1_398' title='bbox 1762 1464 1804 1524; x_wconf 88' lang='lat' dir='ltr'><strong>eis</strong></span> <span class='ocrx_word' id='word_1_399' title='bbox 1840 1464 1954 1543; x_wconf 84' lang='lat' dir='ltr'><strong>signill-</strong></span> 
     </span>
     <span class='ocr_line' id='line_1_61' title="bbox 1159 1561 1951 1643; baseline 0.011 -27"><span class='ocrx_word' id='word_1_400' title='bbox 1159 1574 1226 1619; x_wconf 87' lang='lat' dir='ltr'><strong>care</strong></span> <span class='ocrx_word' id='word_1_401' title='bbox 1247 1561 1358 1620; x_wconf 92' lang='lat' dir='ltr'><strong>curabo</strong></span> <span class='ocrx_word' id='word_1_402' title='bbox 1369 1582 1379 1633; x_wconf 82' lang='lat'>3</span> <span class='ocrx_word' id='word_1_403' title='bbox 1403 1561 1542 1639; x_wconf 88' lang='lat' dir='ltr'><strong>Papatum</strong></span> <span class='ocrx_word' id='word_1_404' title='bbox 1563 1562 1753 1636; x_wconf 93' lang='lat' dir='ltr'><strong>Romanum,</strong></span> <span class='ocrx_word' id='word_1_405' title='bbox 1776 1574 1806 1625; x_wconf 91' lang='lat' dir='ltr'><strong>et</strong></span> <span class='ocrx_word' id='word_1_406' title='bbox 1829 1564 1951 1643; x_wconf 80' lang='lat' dir='ltr'><strong>Regalis</strong></span> 
     </span>
     <span class='ocr_line' id='line_1_62' title="bbox 1160 1658 1949 1742; baseline 0.009 -24"><span class='ocrx_word' id='word_1_407' title='bbox 1160 1658 1257 1719; x_wconf 89' lang='lat' dir='ltr'><strong>Sancti</strong></span> <span class='ocrx_word' id='word_1_408' title='bbox 1279 1659 1379 1732; x_wconf 91' lang='lat' dir='ltr'><strong>Petri,</strong></span> <span class='ocrx_word' id='word_1_409' title='bbox 1402 1671 1459 1720; x_wconf 89' lang='lat' dir='ltr'><strong>tam</strong></span> <span class='ocrx_word' id='word_1_410' title='bbox 1483 1663 1511 1720; x_wconf 93' lang='lat' dir='ltr'><strong>in</strong></span> <span class='ocrx_word' id='word_1_411' title='bbox 1537 1662 1639 1742; x_wconf 90' lang='lat' dir='ltr'><strong>Regno</strong></span> <span class='ocrx_word' id='word_1_412' title='bbox 1666 1663 1789 1724; x_wconf 89' lang='lat' dir='ltr'><strong>Siciliae</strong></span> <span class='ocrx_word' id='word_1_413' title='bbox 1808 1675 1839 1724; x_wconf 87' lang='lat' dir='ltr'><strong>et</strong></span> <span class='ocrx_word' id='word_1_414' title='bbox 1864 1668 1949 1726; x_wconf 91' lang='lat' dir='ltr'><strong>terris</strong></span> 
     </span>
     <span class='ocr_line' id='line_1_63' title="bbox 1160 1760 1949 1842; baseline 0.011 -24"><span class='ocrx_word' id='word_1_415' title='bbox 1160 1760 1323 1838; x_wconf 88' lang='lat' dir='ltr'><strong>praedictis,</strong></span> <span class='ocrx_word' id='word_1_416' title='bbox 1346 1778 1432 1837; x_wconf 88' lang='lat' dir='ltr'><strong>quam</strong></span> <span class='ocrx_word' id='word_1_417' title='bbox 1453 1762 1523 1822; x_wconf 92' lang='lat' dir='ltr'><strong>alibi</strong></span> <span class='ocrx_word' id='word_1_418' title='bbox 1544 1765 1741 1838; x_wconf 85' lang='lat' dir='ltr'><strong>consistentia,</strong></span> <span class='ocrx_word' id='word_1_419' title='bbox 1764 1764 1892 1842; x_wconf 83' lang='lat' dir='ltr'><strong>adjutor</strong></span> <span class='ocrx_word' id='word_1_420' title='bbox 1912 1769 1949 1827; x_wconf 85' lang='lat' dir='ltr'><strong>eis</strong></span> 
     </span>
     <span class='ocr_line' id='line_1_64' title="bbox 1159 1860 1952 1946; baseline 0.013 -28"><span class='ocrx_word' id='word_1_421' title='bbox 1159 1877 1211 1918; x_wconf 91' lang='lat' dir='ltr'><strong>ero</strong></span> <span class='ocrx_word' id='word_1_422' title='bbox 1225 1860 1261 1919; x_wconf 94' lang='lat' dir='ltr'><strong>ad</strong></span> <span class='ocrx_word' id='word_1_423' title='bbox 1279 1860 1471 1933; x_wconf 91' lang='lat' dir='ltr'><strong>retinendum,</strong></span> <span class='ocrx_word' id='word_1_424' title='bbox 1492 1862 1711 1935; x_wconf 81' lang='lat' dir='ltr'><strong>defendendum,</strong></span> <span class='ocrx_word' id='word_1_425' title='bbox 1725 1876 1755 1926; x_wconf 86' lang='lat' dir='ltr'><strong>et</strong></span> <span class='ocrx_word' id='word_1_426' title='bbox 1771 1884 1952 1946; x_wconf 89' lang='lat' dir='ltr'><strong>recuperan-</strong></span> 
     </span>
     <span class='ocr_line' id='line_1_65' title="bbox 1160 1960 1949 2042; baseline 0.014 -24"><span class='ocrx_word' id='word_1_427' title='bbox 1160 1960 1251 2032; x_wconf 92' lang='lat' dir='ltr'><strong>dum,</strong></span> <span class='ocrx_word' id='word_1_428' title='bbox 1286 1980 1320 2021; x_wconf 90' lang='lat' dir='ltr'><strong>ac</strong></span> <span class='ocrx_word' id='word_1_429' title='bbox 1355 1974 1527 2042; x_wconf 85' lang='lat' dir='ltr'><strong>recuperata</strong></span> <span class='ocrx_word' id='word_1_430' title='bbox 1565 1967 1810 2027; x_wconf 89' lang='lat' dir='ltr'><strong>manutenendum</strong></span> <span class='ocrx_word' id='word_1_431' title='bbox 1852 1980 1949 2029; x_wconf 90' lang='lat' dir='ltr'><strong>contra</strong></span> 
     </span>
     <span class='ocr_line' id='line_1_66' title="bbox 1160 2046 1949 2146; baseline 0.008 -24"><span class='ocrx_word' id='word_1_432' title='bbox 1160 2081 1274 2123; x_wconf 92' lang='lat' dir='ltr'><strong>omnem</strong></span> <span class='ocrx_word' id='word_1_433' title='bbox 1298 2046 1627 2136; x_wconf 58' lang='lat' dir='ltr'><strong>bominempuniversas</strong></span> <span class='ocrx_word' id='word_1_434' title='bbox 1648 2076 1677 2127; x_wconf 91' lang='lat' dir='ltr'><strong>et</strong></span> <span class='ocrx_word' id='word_1_435' title='bbox 1698 2069 1833 2146; x_wconf 87' lang='lat' dir='ltr'><strong>singulas</strong></span> <span class='ocrx_word' id='word_1_436' title='bbox 1853 2068 1949 2129; x_wconf 89' lang='lat' dir='ltr'><strong>condi-</strong></span> 
     </span>
     <span class='ocr_line' id='line_1_67' title="bbox 1160 2164 1949 2246; baseline 0.011 -25"><span class='ocrx_word' id='word_1_437' title='bbox 1160 2164 1249 2221; x_wconf 89' lang='lat' dir='ltr'><strong>tiones</strong></span> <span class='ocrx_word' id='word_1_438' title='bbox 1273 2173 1421 2224; x_wconf 91' lang='lat' dir='ltr'><strong>contentas</strong></span> <span class='ocrx_word' id='word_1_439' title='bbox 1450 2164 1479 2223; x_wconf 86' lang='lat' dir='ltr'><strong>in</strong></span> <span class='ocrx_word' id='word_1_440' title='bbox 1515 2164 1620 2225; x_wconf 87' lang='lat' dir='ltr'><strong>litteris</strong></span> <span class='ocrx_word' id='word_1_441' title='bbox 1652 2168 1830 2246; x_wconf 78' lang='lat' dir='ltr'><strong>Apostolicis</strong></span> <span class='ocrx_word' id='word_1_442' title='bbox 1868 2170 1949 2230; x_wconf 88' lang='lat' dir='ltr'><strong>lnno·</strong></span> 
     </span>
     <span class='ocr_line' id='line_1_68' title="bbox 1161 2262 1948 2349; baseline 0.011 -29"><span class='ocrx_word' id='word_1_443' title='bbox 1161 2263 1267 2333; x_wconf 90' lang='lat' dir='ltr'><strong>centii,</strong></span> <span class='ocrx_word' id='word_1_444' title='bbox 1289 2263 1514 2342; x_wconf 89' lang='lat' dir='ltr'><strong>praedecessoris</strong></span> <span class='ocrx_word' id='word_1_445' title='bbox 1535 2262 1723 2342; x_wconf 77' lang='lat' dir='ltr'><strong>hujusmodi,</strong></span> <span class='ocrx_word' id='word_1_446' title='bbox 1757 2286 1851 2348; x_wconf 89' lang='lat' dir='ltr'><strong>super</strong></span> <span class='ocrx_word' id='word_1_447' title='bbox 1873 2270 1948 2349; x_wconf 84' lang='lat' dir='ltr'><strong>ipso·</strong></span> 
     </span>
     <span class='ocr_line' id='line_1_69' title="bbox 1161 2363 1944 2441; baseline 0.014 -19"><span class='ocrx_word' id='word_1_448' title='bbox 1161 2381 1228 2422; x_wconf 93' lang='lat' dir='ltr'><strong>rum</strong></span> <span class='ocrx_word' id='word_1_449' title='bbox 1241 2363 1332 2441; x_wconf 87' lang='lat' dir='ltr'><strong>Regni</strong></span> <span class='ocrx_word' id='word_1_450' title='bbox 1346 2373 1375 2423; x_wconf 90' lang='lat' dir='ltr'><strong>ct</strong></span> <span class='ocrx_word' id='word_1_451' title='bbox 1387 2363 1496 2425; x_wconf 87' lang='lat' dir='ltr'><strong>Terrae</strong></span> <span class='ocrx_word' id='word_1_452' title='bbox 1516 2366 1696 2427; x_wconf 88' lang='lat' dir='ltr'><strong>concessione</strong></span> <span class='ocrx_word' id='word_1_453' title='bbox 1710 2378 1740 2428; x_wconf 93' lang='lat' dir='ltr'><strong>et</strong></span> <span class='ocrx_word' id='word_1_454' title='bbox 1752 2368 1944 2433; x_wconf 78' lang='lat' dir='ltr'><strong>tnteudartone</strong></span> 
     </span>
     <span class='ocr_line' id='line_1_70' title="bbox 1160 2464 1944 2550; baseline 0.014 -28"><span class='ocrx_word' id='word_1_455' title='bbox 1160 2464 1230 2523; x_wconf 89' lang='lat' dir='ltr'><strong>mibi</strong></span> <span class='ocrx_word' id='word_1_456' title='bbox 1246 2466 1332 2537; x_wconf 85' lang='lat' dir='ltr'><strong>lacta,</strong></span> <span class='ocrx_word' id='word_1_457' title='bbox 1347 2465 1495 2538; x_wconf 85' lang='lat' dir='ltr'><strong>conlectis,</strong></span> <span class='ocrx_word' id='word_1_458' title='bbox 1509 2486 1544 2527; x_wconf 89' lang='lat' dir='ltr'><strong>ac</strong></span> <span class='ocrx_word' id='word_1_459' title='bbox 1558 2471 1665 2540; x_wconf 89' lang='lat' dir='ltr'><strong>omnia,</strong></span> <span class='ocrx_word' id='word_1_460' title='bbox 1686 2479 1716 2530; x_wconf 91' lang='lat' dir='ltr'><strong>et</strong></span> <span class='ocrx_word' id='word_1_461' title='bbox 1737 2470 1861 2549; x_wconf 88' lang='lat' dir='ltr'><strong>singula</strong></span> <span class='ocrx_word' id='word_1_462' title='bbox 1877 2491 1944 2550; x_wconf 84' lang='lat' dir='ltr'><strong>qma</strong></span> 
     </span>
     <span class='ocr_line' id='line_1_71' title="bbox 1161 2566 1945 2653; baseline 0.018 -30"><span class='ocrx_word' id='word_1_463' title='bbox 1161 2567 1187 2625; x_wconf 91' lang='lat' dir='ltr'><strong>in</strong></span> <span class='ocrx_word' id='word_1_464' title='bbox 1203 2566 1306 2626; x_wconf 91' lang='lat' dir='ltr'><strong>eisdem</strong></span> <span class='ocrx_word' id='word_1_465' title='bbox 1325 2568 1414 2627; x_wconf 88' lang='lat' dir='ltr'><strong>literis</strong></span> <span class='ocrx_word' id='word_1_466' title='bbox 1431 2570 1616 2630; x_wconf 92' lang='lat' dir='ltr'><strong>continentur</strong></span> <span class='ocrx_word' id='word_1_467' title='bbox 1631 2571 1760 2650; x_wconf 89' lang='lat' dir='ltr'><strong>plenarie</strong></span> <span class='ocrx_word' id='word_1_468' title='bbox 1774 2572 1945 2653; x_wconf 88' lang='lat' dir='ltr'><strong>adimplebo,</strong></span> 
     </span>
     <span class='ocr_line' id='line_1_72' title="bbox 1159 2669 1947 2751; baseline 0.013 -24"><span class='ocrx_word' id='word_1_469' title='bbox 1159 2677 1188 2727; x_wconf 87' lang='lat' dir='ltr'><strong>ct</strong></span> <span class='ocrx_word' id='word_1_470' title='bbox 1201 2669 1402 2729; x_wconf 89' lang='lat' dir='ltr'><strong>inviolabiliter</strong></span> <span class='ocrx_word' id='word_1_471' title='bbox 1416 2670 1587 2741; x_wconf 84' lang='lat' dir='ltr'><strong>observabo,</strong></span> <span class='ocrx_word' id='word_1_472' title='bbox 1596 2682 1624 2733; x_wconf 87' lang='lat' dir='ltr'><strong>et</strong></span> <span class='ocrx_word' id='word_1_473' title='bbox 1638 2675 1719 2733; x_wconf 93' lang='lat' dir='ltr'><strong>nullo</strong></span> <span class='ocrx_word' id='word_1_474' title='bbox 1731 2692 1866 2751; x_wconf 91' lang='lat' dir='ltr'><strong>unquam</strong></span> <span class='ocrx_word' id='word_1_475' title='bbox 1878 2686 1947 2736; x_wconf 84' lang='lat' dir='ltr'><strong>tem·</strong></span> 
     </span>
     <span class='ocr_line' id='line_1_73' title="bbox 1159 2771 1946 2856; baseline 0.014 -29"><span class='ocrx_word' id='word_1_476' title='bbox 1159 2788 1230 2849; x_wconf 92' lang='lat' dir='ltr'><strong>pora</strong></span> <span class='ocrx_word' id='word_1_477' title='bbox 1250 2771 1362 2831; x_wconf 90' lang='lat' dir='ltr'><strong>veniam</strong></span> <span class='ocrx_word' id='word_1_478' title='bbox 1385 2782 1486 2832; x_wconf 91' lang='lat' dir='ltr'><strong>contra</strong></span> <span class='ocrx_word' id='word_1_479' title='bbox 1507 2791 1556 2845; x_wconf 88' lang='lat' dir='ltr'><strong>ea;</strong></span> <span class='ocrx_word' id='word_1_480' title='bbox 1573 2792 1629 2833; x_wconf 93' lang='lat' dir='ltr'><strong>non</strong></span> <span class='ocrx_word' id='word_1_481' title='bbox 1651 2776 1824 2854; x_wconf 89' lang='lat' dir='ltr'><strong>procurabo</strong></span> <span class='ocrx_word' id='word_1_482' title='bbox 1840 2796 1892 2856; x_wconf 90' lang='lat' dir='ltr'><strong>per</strong></span> <span class='ocrx_word' id='word_1_483' title='bbox 1906 2796 1946 2838; x_wconf 90' lang='lat' dir='ltr'><strong>me</strong></span> 
     </span>
     <span class='ocr_line' id='line_1_74' title="bbox 1160 2872 1944 2957; baseline 0.014 -28"><span class='ocrx_word' id='word_1_484' title='bbox 1160 2872 1310 2942; x_wconf 90' lang='lat' dir='ltr'><strong>velalium</strong></span> <span class='ocrx_word' id='word_1_485' title='bbox 1324 2891 1374 2932; x_wconf 90' lang='lat' dir='ltr'><strong>seu</strong></span> <span class='ocrx_word' id='word_1_486' title='bbox 1389 2874 1462 2932; x_wconf 90' lang='lat' dir='ltr'><strong>alios</strong></span> <span class='ocrx_word' id='word_1_487' title='bbox 1478 2876 1582 2951; x_wconf 87' lang='lat' dir='ltr'><strong>quovis</strong></span> <span class='ocrx_word' id='word_1_488' title='bbox 1600 2877 1698 2949; x_wconf 92' lang='lat' dir='ltr'><strong>modo,</strong></span> <span class='ocrx_word' id='word_1_489' title='bbox 1719 2887 1752 2936; x_wconf 89' lang='lat' dir='ltr'><strong>nt</strong></span> <span class='ocrx_word' id='word_1_490' title='bbox 1774 2880 1888 2957; x_wconf 86' lang='lat' dir='ltr'><strong>cligar,</strong></span> <span class='ocrx_word' id='word_1_491' title='bbox 1904 2881 1944 2940; x_wconf 88' lang='lat' dir='ltr'><strong>vel</strong></span> 
     </span>
     <span class='ocr_line' id='line_1_75' title="bbox 1160 2973 1944 3057; baseline 0.01 -26"><span class='ocrx_word' id='word_1_492' title='bbox 1160 2973 1291 3033; x_wconf 90' lang='lat' dir='ltr'><strong>nominer</strong></span> <span class='ocrx_word' id='word_1_493' title='bbox 1318 2975 1346 3032; x_wconf 93' lang='lat' dir='ltr'><strong>in</strong></span> <span class='ocrx_word' id='word_1_494' title='bbox 1364 2993 1462 3052; x_wconf 89' lang='lat' dir='ltr'><strong>regem</strong></span> <span class='ocrx_word' id='word_1_495' title='bbox 1481 2977 1531 3036; x_wconf 83' lang='lat' dir='ltr'><strong>vel·</strong></span> <span class='ocrx_word' id='word_1_496' title='bbox 1545 2976 1753 3057; x_wconf 89' lang='lat' dir='ltr'><strong>lmperatorem</strong></span> <span class='ocrx_word' id='word_1_497' title='bbox 1772 2979 1944 3053; x_wconf 87' lang='lat' dir='ltr'><strong>Romanum,</strong></span> 
     </span>
     <span class='ocr_line' id='line_1_76' title="bbox 1159 3075 1945 3153; baseline 0.013 -21"><span class='ocrx_word' id='word_1_498' title='bbox 1159 3093 1208 3136; x_wconf 91' lang='lat' dir='ltr'><strong>seu</strong></span> <span class='ocrx_word' id='word_1_499' title='bbox 1229 3075 1338 3153; x_wconf 83' lang='lat' dir='ltr'><strong>Regem</strong></span> <span class='ocrx_word' id='word_1_500' title='bbox 1355 3076 1533 3138; x_wconf 89' lang='lat' dir='ltr'><strong>Tbeutoniae</strong></span> <span class='ocrx_word' id='word_1_501' title='bbox 1553 3090 1605 3139; x_wconf 93' lang='lat' dir='ltr'><strong>ant</strong></span> <span class='ocrx_word' id='word_1_502' title='bbox 1627 3080 1784 3141; x_wconf 89' lang='lat' dir='ltr'><strong>Dominum</strong></span> <span class='ocrx_word' id='word_1_503' title='bbox 1802 3080 1945 3142; x_wconf 72' lang='lat' dir='ltr'><strong>lombar·</strong></span> 
     </span>
     <span class='ocr_line' id='line_1_77' title="bbox 1160 3174 1942 3259; baseline 0.012 -25"><span class='ocrx_word' id='word_1_504' title='bbox 1160 3174 1222 3237; x_wconf 86' lang='lat' dir='ltr'><strong>diae</strong></span> <span class='ocrx_word' id='word_1_505' title='bbox 1240 3180 1282 3237; x_wconf 88' lang='lat' dir='ltr'><strong>vel</strong></span> <span class='ocrx_word' id='word_1_506' title='bbox 1300 3178 1422 3238; x_wconf 86' lang='lat' dir='ltr'><strong>Tusciae</strong></span> <span class='ocrx_word' id='word_1_507' title='bbox 1443 3198 1493 3238; x_wconf 86' lang='lat' dir='ltr'><strong>seu</strong></span> <span class='ocrx_word' id='word_1_508' title='bbox 1513 3177 1632 3255; x_wconf 86' lang='lat' dir='ltr'><strong>majoris</strong></span> <span class='ocrx_word' id='word_1_509' title='bbox 1654 3181 1747 3259; x_wconf 87' lang='lat' dir='ltr'><strong>partis</strong></span> <span class='ocrx_word' id='word_1_510' title='bbox 1764 3183 1942 3243; x_wconf 84' lang='lat' dir='ltr'><strong>eorumdem:</strong></span> 
     </span>
     <span class='ocr_line' id='line_1_78' title="bbox 1157 3279 1945 3361; baseline 0.01 -24"><span class='ocrx_word' id='word_1_511' title='bbox 1157 3289 1186 3338; x_wconf 88' lang='lat' dir='ltr'><strong>et</strong></span> <span class='ocrx_word' id='word_1_512' title='bbox 1200 3279 1222 3338; x_wconf 90' lang='lat' dir='ltr'><strong>si</strong></span> <span class='ocrx_word' id='word_1_513' title='bbox 1237 3280 1339 3338; x_wconf 88' lang='lat' dir='ltr'><strong>electio</strong></span> <span class='ocrx_word' id='word_1_514' title='bbox 1356 3280 1400 3339; x_wconf 83' lang='lat' dir='ltr'><strong>rel</strong></span> <span class='ocrx_word' id='word_1_515' title='bbox 1420 3280 1577 3339; x_wconf 90' lang='lat' dir='ltr'><strong>nominatio</strong></span> <span class='ocrx_word' id='word_1_516' title='bbox 1595 3281 1631 3339; x_wconf 94' lang='lat' dir='ltr'><strong>ad</strong></span> <span class='ocrx_word' id='word_1_517' title='bbox 1646 3282 1808 3361; x_wconf 86' lang='lat' dir='ltr'><strong>Imperium</strong></span> <span class='ocrx_word' id='word_1_518' title='bbox 1828 3285 1873 3344; x_wconf 87' lang='lat' dir='ltr'><strong>rel</strong></span> <span class='ocrx_word' id='word_1_519' title='bbox 1890 3284 1945 3345; x_wconf 91' lang='lat' dir='ltr'><strong>Re·</strong></span> 
     </span>
     <span class='ocr_line' id='line_1_79' title="bbox 1158 3380 1943 3459; baseline 0.008 -20"><span class='ocrx_word' id='word_1_520' title='bbox 1158 3398 1249 3459; x_wconf 88' lang='lat' dir='ltr'><strong>gnum</strong></span> <span class='ocrx_word' id='word_1_521' title='bbox 1272 3380 1450 3440; x_wconf 89' lang='lat' dir='ltr'><strong>Tbeutoniae</strong></span> <span class='ocrx_word' id='word_1_522' title='bbox 1477 3393 1530 3441; x_wconf 91' lang='lat' dir='ltr'><strong>aut</strong></span> <span class='ocrx_word' id='word_1_523' title='bbox 1551 3382 1709 3443; x_wconf 90' lang='lat' dir='ltr'><strong>dominium</strong></span> <span class='ocrx_word' id='word_1_524' title='bbox 1732 3382 1943 3459; x_wconf 81' lang='lat' dir='ltr'><strong>lombardiae,</strong></span> 
     </span>
     <span class='ocr_line' id='line_1_80' title="bbox 1158 3480 1943 3564; baseline 0.009 -25"><span class='ocrx_word' id='word_1_525' title='bbox 1158 3484 1205 3542; x_wconf 90' lang='lat' dir='ltr'><strong>vel</strong></span> <span class='ocrx_word' id='word_1_526' title='bbox 1221 3482 1343 3542; x_wconf 88' lang='lat' dir='ltr'><strong>Tusciae</strong></span> <span class='ocrx_word' id='word_1_527' title='bbox 1357 3499 1408 3541; x_wconf 92' lang='lat' dir='ltr'><strong>scu</strong></span> <span class='ocrx_word' id='word_1_528' title='bbox 1425 3480 1544 3559; x_wconf 89' lang='lat' dir='ltr'><strong>majoris</strong></span> <span class='ocrx_word' id='word_1_529' title='bbox 1559 3485 1650 3564; x_wconf 92' lang='lat' dir='ltr'><strong>portis</strong></span> <span class='ocrx_word' id='word_1_530' title='bbox 1665 3486 1840 3546; x_wconf 90' lang='lat' dir='ltr'><strong>eorumdem</strong></span> <span class='ocrx_word' id='word_1_531' title='bbox 1855 3486 1890 3546; x_wconf 90' lang='lat' dir='ltr'><strong>de</strong></span> <span class='ocrx_word' id='word_1_532' title='bbox 1902 3506 1943 3547; x_wconf 86' lang='lat' dir='ltr'><strong>me</strong></span> 
     </span>
     <span class='ocr_line' id='line_1_81' title="bbox 1159 3584 1943 3662; baseline 0.008 -20"><span class='ocrx_word' id='word_1_533' title='bbox 1159 3584 1300 3643; x_wconf 88' lang='lat' dir='ltr'><strong>celebrari</strong></span> <span class='ocrx_word' id='word_1_534' title='bbox 1322 3584 1485 3661; x_wconf 87' lang='lat' dir='ltr'><strong>contigerit,</strong></span> <span class='ocrx_word' id='word_1_535' title='bbox 1508 3585 1620 3645; x_wconf 92' lang='lat' dir='ltr'><strong>nullum</strong></span> <span class='ocrx_word' id='word_1_536' title='bbox 1637 3584 1809 3662; x_wconf 82' lang='lat' dir='ltr'><strong>hujusmodi</strong></span> <span class='ocrx_word' id='word_1_537' title='bbox 1828 3589 1943 3648; x_wconf 89' lang='lat' dir='ltr'><strong>electio·</strong></span> 
     </span>
     <span class='ocr_line' id='line_1_82' title="bbox 1159 3683 1942 3765; baseline 0.005 -23"><span class='ocrx_word' id='word_1_538' title='bbox 1159 3684 1206 3756; x_wconf 93' lang='lat' dir='ltr'><strong>ni,</strong></span> <span class='ocrx_word' id='word_1_539' title='bbox 1228 3702 1278 3742; x_wconf 90' lang='lat' dir='ltr'><strong>scu</strong></span> <span class='ocrx_word' id='word_1_540' title='bbox 1309 3683 1494 3744; x_wconf 90' lang='lat' dir='ltr'><strong>nominationi</strong></span> <span class='ocrx_word' id='word_1_541' title='bbox 1515 3696 1567 3752; x_wconf 89' lang='lat' dir='ltr'><strong>aut</strong></span> <span class='ocrx_word' id='word_1_542' title='bbox 1588 3686 1771 3765; x_wconf 87' lang='lat' dir='ltr'><strong>postulationi</strong></span> <span class='ocrx_word' id='word_1_543' title='bbox 1799 3706 1942 3748; x_wconf 86' lang='lat' dir='ltr'><strong>assensum</strong></span> 
     </span>
     <span class='ocr_line' id='line_1_83' title="bbox 1159 3784 1943 3865; baseline 0.008 -22"><span class='ocrx_word' id='word_1_544' title='bbox 1159 3784 1332 3863; x_wconf 87' lang='lat' dir='ltr'><strong>praestabo,</strong></span> <span class='ocrx_word' id='word_1_545' title='bbox 1354 3802 1406 3844; x_wconf 90' lang='lat' dir='ltr'><strong>nec</strong></span> <span class='ocrx_word' id='word_1_546' title='bbox 1423 3784 1612 3845; x_wconf 90' lang='lat' dir='ltr'><strong>intromittam</strong></span> <span class='ocrx_word' id='word_1_547' title='bbox 1631 3806 1677 3847; x_wconf 92' lang='lat' dir='ltr'><strong>me</strong></span> <span class='ocrx_word' id='word_1_548' title='bbox 1691 3788 1796 3865; x_wconf 93' lang='lat' dir='ltr'><strong>aliqno</strong></span> <span class='ocrx_word' id='word_1_549' title='bbox 1812 3788 1898 3850; x_wconf 93' lang='lat' dir='ltr'><strong>modo</strong></span> <span class='ocrx_word' id='word_1_550' title='bbox 1912 3788 1943 3849; x_wconf 89' lang='lat' dir='ltr'><strong>de</strong></span> 
     </span>
     <span class='ocr_line' id='line_1_84' title="bbox 1158 3882 1942 3966; baseline 0.006 -21"><span class='ocrx_word' id='word_1_551' title='bbox 1158 3903 1284 3957; x_wconf 88' lang='lat' dir='ltr'><strong>eornm,</strong></span> <span class='ocrx_word' id='word_1_552' title='bbox 1307 3886 1352 3945; x_wconf 83' lang='lat' dir='ltr'><strong>sel</strong></span> <span class='ocrx_word' id='word_1_553' title='bbox 1375 3882 1501 3961; x_wconf 83' lang='lat' dir='ltr'><strong>alicujus</strong></span> <span class='ocrx_word' id='word_1_554' title='bbox 1523 3887 1653 3966; x_wconf 91' lang='lat' dir='ltr'><strong>ipsorum</strong></span> <span class='ocrx_word' id='word_1_555' title='bbox 1674 3888 1835 3966; x_wconf 87' lang='lat' dir='ltr'><strong>regimine,</strong></span> <span class='ocrx_word' id='word_1_556' title='bbox 1857 3906 1942 3966; x_wconf 89' lang='lat' dir='ltr'><strong>neque</strong></span> 
     </span>
     <span class='ocr_line' id='line_1_85' title="bbox 1157 3987 1942 4064; baseline 0 -16"><span class='ocrx_word' id='word_1_557' title='bbox 1157 3990 1242 4048; x_wconf 91' lang='lat' dir='ltr'><strong>etiam</strong></span> <span class='ocrx_word' id='word_1_558' title='bbox 1255 3987 1289 4047; x_wconf 93' lang='lat' dir='ltr'><strong>de</strong></span> <span class='ocrx_word' id='word_1_559' title='bbox 1302 3987 1418 4047; x_wconf 91' lang='lat' dir='ltr'><strong>civitate</strong></span> <span class='ocrx_word' id='word_1_560' title='bbox 1436 3987 1646 4062; x_wconf 83' lang='lat' dir='ltr'><strong>Beneventum,</strong></span> <span class='ocrx_word' id='word_1_561' title='bbox 1662 3999 1690 4049; x_wconf 91' lang='lat' dir='ltr'><strong>et</strong></span> <span class='ocrx_word' id='word_1_562' title='bbox 1705 3990 1764 4048; x_wconf 88' lang='lat' dir='ltr'><strong>suis</strong></span> <span class='ocrx_word' id='word_1_563' title='bbox 1780 3991 1942 4064; x_wconf 76' lang='lat' dir='ltr'><strong>terruerit«,</strong></span> 
     </span>
     <span class='ocr_line' id='line_1_86' title="bbox 1157 4088 1940 4170; baseline 0.008 -24"><span class='ocrx_word' id='word_1_564' title='bbox 1157 4088 1335 4148; x_wconf 85' lang='lat' dir='ltr'><strong>districtibus</strong></span> <span class='ocrx_word' id='word_1_565' title='bbox 1350 4096 1378 4147; x_wconf 91' lang='lat' dir='ltr'><strong>et</strong></span> <span class='ocrx_word' id='word_1_566' title='bbox 1394 4088 1592 4165; x_wconf 89' lang='lat' dir='ltr'><strong>pertinentiis,</strong></span> <span class='ocrx_word' id='word_1_567' title='bbox 1611 4107 1661 4151; x_wconf 91' lang='lat' dir='ltr'><strong>seu</strong></span> <span class='ocrx_word' id='word_1_568' title='bbox 1678 4089 1712 4150; x_wconf 91' lang='lat' dir='ltr'><strong>de</strong></span> <span class='ocrx_word' id='word_1_569' title='bbox 1723 4089 1894 4170; x_wconf 88' lang='lat' dir='ltr'><strong>Campania,</strong></span> <span class='ocrx_word' id='word_1_570' title='bbox 1908 4092 1940 4153; x_wconf 87' lang='lat' dir='ltr'><strong>de</strong></span> 
     </span>
     <span class='ocr_line' id='line_1_87' title="bbox 1156 4189 1943 4269; baseline 0.003 -18"><span class='ocrx_word' id='word_1_571' title='bbox 1156 4190 1324 4261; x_wconf 80' lang='lat' dir='ltr'><strong>Maritima,</strong></span> <span class='ocrx_word' id='word_1_572' title='bbox 1343 4190 1460 4250; x_wconf 85' lang='lat' dir='ltr'><strong>Ducatn</strong></span> <span class='ocrx_word' id='word_1_573' title='bbox 1480 4189 1653 4269; x_wconf 89' lang='lat' dir='ltr'><strong>Spoletano,</strong></span> <span class='ocrx_word' id='word_1_574' title='bbox 1684 4190 1817 4252; x_wconf 88' lang='lat' dir='ltr'><strong>lllarcbia</strong></span> <span class='ocrx_word' id='word_1_575' title='bbox 1847 4194 1943 4253; x_wconf 73' lang='lat' dir='ltr'><strong>Anco·</strong></span> 
     </span>
     <span class='ocr_line' id='line_1_88' title="bbox 1155 4289 1941 4364; baseline 0.006 -14"><span class='ocrx_word' id='word_1_576' title='bbox 1155 4292 1268 4362; x_wconf 86' lang='lat' dir='ltr'><strong>uitam,</strong></span> <span class='ocrx_word' id='word_1_577' title='bbox 1287 4289 1465 4351; x_wconf 88' lang='lat' dir='ltr'><strong>Patrimonio</strong></span> <span class='ocrx_word' id='word_1_578' title='bbox 1483 4291 1565 4351; x_wconf 88' lang='lat' dir='ltr'><strong>Beati</strong></span> <span class='ocrx_word' id='word_1_579' title='bbox 1581 4292 1662 4352; x_wconf 89' lang='lat' dir='ltr'><strong>Petri</strong></span> <span class='ocrx_word' id='word_1_580' title='bbox 1677 4293 1705 4353; x_wconf 94' lang='lat' dir='ltr'><strong>in</strong></span> <span class='ocrx_word' id='word_1_581' title='bbox 1719 4293 1838 4364; x_wconf 84' lang='lat' dir='ltr'><strong>Tuscia,</strong></span> <span class='ocrx_word' id='word_1_582' title='bbox 1852 4294 1941 4355; x_wconf 71' lang='lat' dir='ltr'><strong>Massa</strong></span> 
     </span>
     <span class='ocr_line' id='line_1_89' title="bbox 1157 4391 1942 4469; baseline 0.003 -18"><span class='ocrx_word' id='word_1_583' title='bbox 1157 4391 1321 4465; x_wconf 90' lang='lat' dir='ltr'><strong>Trabaria,</strong></span> <span class='ocrx_word' id='word_1_584' title='bbox 1344 4410 1436 4469; x_wconf 91' lang='lat' dir='ltr'><strong>neque</strong></span> <span class='ocrx_word' id='word_1_585' title='bbox 1457 4392 1668 4465; x_wconf 88' lang='lat' dir='ltr'><strong>Romandiola,</strong></span> <span class='ocrx_word' id='word_1_586' title='bbox 1691 4395 1767 4454; x_wconf 91' lang='lat' dir='ltr'><strong>alma</strong></span> <span class='ocrx_word' id='word_1_587' title='bbox 1792 4394 1897 4468; x_wconf 84' lang='lat' dir='ltr'><strong>Urbe,</strong></span> <span class='ocrx_word' id='word_1_588' title='bbox 1914 4396 1942 4454; x_wconf 87' lang='lat' dir='ltr'><strong>in</strong></span> 
     </span>
     <span class='ocr_line' id='line_1_90' title="bbox 1156 4493 1941 4570; baseline 0.004 -17"><span class='ocrx_word' id='word_1_589' title='bbox 1156 4494 1321 4553; x_wconf 85' lang='lat' dir='ltr'><strong>civitatibus</strong></span> <span class='ocrx_word' id='word_1_590' title='bbox 1333 4494 1481 4566; x_wconf 90' lang='lat' dir='ltr'><strong>Perusina,</strong></span> <span class='ocrx_word' id='word_1_591' title='bbox 1489 4493 1747 4568; x_wconf 88' lang='lat' dir='ltr'><strong>CivitatcCastelli,</strong></span> <span class='ocrx_word' id='word_1_592' title='bbox 1759 4497 1941 4570; x_wconf 85' lang='lat' dir='ltr'><strong>Bononiensi,</strong></span> 
     </span>
     <span class='ocr_line' id='line_1_91' title="bbox 1156 4595 1941 4670; baseline 0.005 -15"><span class='ocrx_word' id='word_1_593' title='bbox 1156 4595 1343 4666; x_wconf 81' lang='lat' dir='ltr'><strong>Ferrariensi,</strong></span> <span class='ocrx_word' id='word_1_594' title='bbox 1355 4596 1554 4668; x_wconf 68' lang='lat' dir='ltr'><strong>avenionensi,</strong></span> <span class='ocrx_word' id='word_1_595' title='bbox 1568 4596 1613 4656; x_wconf 90' lang='lat' dir='ltr'><strong>vel</strong></span> <span class='ocrx_word' id='word_1_596' title='bbox 1625 4595 1774 4657; x_wconf 87' lang='lat' dir='ltr'><strong>Comitatu</strong></span> <span class='ocrx_word' id='word_1_597' title='bbox 1790 4597 1941 4670; x_wconf 78' lang='lat' dir='ltr'><strong>t&#39;envvstno,</strong></span> 
     </span>
     <span class='ocr_line' id='line_1_92' title="bbox 1155 4696 1940 4777; baseline 0.001 -20"><span class='ocrx_word' id='word_1_598' title='bbox 1155 4715 1205 4757; x_wconf 86' lang='lat' dir='ltr'><strong>seu</strong></span> <span class='ocrx_word' id='word_1_599' title='bbox 1225 4697 1287 4756; x_wconf 85' lang='lat' dir='ltr'><strong>aliis</strong></span> <span class='ocrx_word' id='word_1_600' title='bbox 1306 4698 1392 4756; x_wconf 85' lang='lat' dir='ltr'><strong>terris</strong></span> <span class='ocrx_word' id='word_1_601' title='bbox 1408 4696 1642 4775; x_wconf 89' lang='lat' dir='ltr'><strong>quibuscumque</strong></span> <span class='ocrx_word' id='word_1_602' title='bbox 1658 4698 1779 4777; x_wconf 84' lang='lat' dir='ltr'><strong>praelati</strong></span> <span class='ocrx_word' id='word_1_603' title='bbox 1794 4698 1850 4758; x_wconf 86' lang='lat' dir='ltr'><strong>SS.</strong></span> <span class='ocrx_word' id='word_1_604' title='bbox 1863 4698 1940 4759; x_wconf 77' lang='lat' dir='ltr'><strong>ult.</strong></span> 
     </span>
     <span class='ocr_line' id='line_1_93' title="bbox 1156 4797 1942 4878; baseline 0.006 -22"><span class='ocrx_word' id='word_1_605' title='bbox 1156 4798 1249 4877; x_wconf 88' lang='lat' dir='ltr'><strong>Papae</strong></span> <span class='ocrx_word' id='word_1_606' title='bbox 1281 4797 1434 4870; x_wconf 87' lang='lat' dir='ltr'><strong>dominiis,</strong></span> <span class='ocrx_word' id='word_1_607' title='bbox 1466 4817 1516 4858; x_wconf 91' lang='lat' dir='ltr'><strong>scu</strong></span> <span class='ocrx_word' id='word_1_608' title='bbox 1549 4798 1640 4858; x_wconf 86' lang='lat' dir='ltr'><strong>leudis</strong></span> <span class='ocrx_word' id='word_1_609' title='bbox 1673 4799 1765 4878; x_wconf 90' lang='lat' dir='ltr'><strong>ipsius</strong></span> <span class='ocrx_word' id='word_1_610' title='bbox 1797 4798 1942 4861; x_wconf 88' lang='lat' dir='ltr'><strong>Ecclesiae</strong></span> 
     </span>
     <span class='ocr_line' id='line_1_94' title="bbox 1155 4900 1941 4980; baseline 0 -20"><span class='ocrx_word' id='word_1_611' title='bbox 1155 4900 1273 4960; x_wconf 87' lang='lat' dir='ltr'><strong>ubilibet</strong></span> <span class='ocrx_word' id='word_1_612' title='bbox 1294 4902 1467 4972; x_wconf 91' lang='lat' dir='ltr'><strong>constitutis,</strong></span> <span class='ocrx_word' id='word_1_613' title='bbox 1488 4919 1524 4960; x_wconf 84' lang='lat' dir='ltr'><strong>ex</strong></span> <span class='ocrx_word' id='word_1_614' title='bbox 1544 4901 1744 4973; x_wconf 86' lang='lat' dir='ltr'><strong>successione,</strong></span> <span class='ocrx_word' id='word_1_615' title='bbox 1764 4902 1811 4961; x_wconf 88' lang='lat' dir='ltr'><strong>rel</strong></span> <span class='ocrx_word' id='word_1_616' title='bbox 1834 4903 1941 4980; x_wconf 83' lang='lat' dir='ltr'><strong>legato,</strong></span> 
     </span>
     <span class='ocr_line' id='line_1_95' title="bbox 1154 5000 1938 5080; baseline 0.001 -20"><span class='ocrx_word' id='word_1_617' title='bbox 1154 5020 1204 5060; x_wconf 90' lang='lat' dir='ltr'><strong>seu</strong></span> <span class='ocrx_word' id='word_1_618' title='bbox 1225 5000 1390 5073; x_wconf 89' lang='lat' dir='ltr'><strong>donatione,</strong></span> <span class='ocrx_word' id='word_1_619' title='bbox 1413 5012 1464 5061; x_wconf 90' lang='lat' dir='ltr'><strong>aut</strong></span> <span class='ocrx_word' id='word_1_620' title='bbox 1485 5000 1667 5072; x_wconf 81' lang='lat' dir='ltr'><strong>veriditione,</strong></span> <span class='ocrx_word' id='word_1_621' title='bbox 1690 5003 1734 5061; x_wconf 86' lang='lat' dir='ltr'><strong>rel</strong></span> <span class='ocrx_word' id='word_1_622' title='bbox 1754 5003 1812 5062; x_wconf 90' lang='lat' dir='ltr'><strong>alio</strong></span> <span class='ocrx_word' id='word_1_623' title='bbox 1834 5004 1938 5080; x_wconf 86' lang='lat' dir='ltr'><strong>quovis</strong></span> 
     </span>
     <span class='ocr_line' id='line_1_96' title="bbox 1155 5103 1940 5182; baseline -0.003 -19"><span class='ocrx_word' id='word_1_624' title='bbox 1155 5104 1254 5175; x_wconf 90' lang='lat' dir='ltr'><strong>titulo,</strong></span> <span class='ocrx_word' id='word_1_625' title='bbox 1267 5105 1311 5164; x_wconf 87' lang='lat' dir='ltr'><strong>vel</strong></span> <span class='ocrx_word' id='word_1_626' title='bbox 1328 5114 1496 5176; x_wconf 90' lang='lat' dir='ltr'><strong>contractu,</strong></span> <span class='ocrx_word' id='word_1_627' title='bbox 1511 5103 1582 5162; x_wconf 90' lang='lat' dir='ltr'><strong>nibil</strong></span> <span class='ocrx_word' id='word_1_628' title='bbox 1602 5103 1673 5162; x_wconf 92' lang='lat' dir='ltr'><strong>mibi</strong></span> <span class='ocrx_word' id='word_1_629' title='bbox 1690 5121 1822 5181; x_wconf 90' lang='lat' dir='ltr'><strong>unquam</strong></span> <span class='ocrx_word' id='word_1_630' title='bbox 1839 5104 1940 5182; x_wconf 90' lang='lat' dir='ltr'><strong>acqui·</strong></span> 
     </span>
     <span class='ocr_line' id='line_1_97' title="bbox 1158 5203 1939 5285; baseline -0.005 -19"><span class='ocrx_word' id='word_1_631' title='bbox 1158 5224 1240 5277; x_wconf 90' lang='lat' dir='ltr'><strong>ram,</strong></span> <span class='ocrx_word' id='word_1_632' title='bbox 1262 5206 1310 5265; x_wconf 87' lang='lat' dir='ltr'><strong>rel</strong></span> <span class='ocrx_word' id='word_1_633' title='bbox 1334 5203 1498 5277; x_wconf 84' lang='lat' dir='ltr'><strong>vindicabo,</strong></span> <span class='ocrx_word' id='word_1_634' title='bbox 1520 5223 1570 5263; x_wconf 92' lang='lat' dir='ltr'><strong>seu</strong></span> <span class='ocrx_word' id='word_1_635' title='bbox 1591 5215 1686 5285; x_wconf 88' lang='lat' dir='ltr'><strong>petam</strong></span> <span class='ocrx_word' id='word_1_636' title='bbox 1708 5204 1875 5281; x_wconf 84' lang='lat' dir='ltr'><strong>acquirere,</strong></span> <span class='ocrx_word' id='word_1_637' title='bbox 1897 5204 1939 5264; x_wconf 84' lang='lat' dir='ltr'><strong>rel</strong></span> 
     </span>
     <span class='ocr_line' id='line_1_98' title="bbox 1155 5303 1938 5384; baseline -0.001 -18"><span class='ocrx_word' id='word_1_638' title='bbox 1155 5306 1370 5384; x_wconf 88' lang='lat' dir='ltr'><strong>quomodolibet</strong></span> <span class='ocrx_word' id='word_1_639' title='bbox 1391 5303 1563 5377; x_wconf 86' lang='lat' dir='ltr'><strong>vindicare,</strong></span> <span class='ocrx_word' id='word_1_640' title='bbox 1583 5315 1612 5367; x_wconf 90' lang='lat' dir='ltr'><strong>et</strong></span> <span class='ocrx_word' id='word_1_641' title='bbox 1633 5306 1705 5366; x_wconf 87' lang='lat' dir='ltr'><strong>nibil</strong></span> <span class='ocrx_word' id='word_1_642' title='bbox 1734 5315 1868 5383; x_wconf 88' lang='lat' dir='ltr'><strong>unquam</strong></span> <span class='ocrx_word' id='word_1_643' title='bbox 1890 5324 1938 5365; x_wconf 84' lang='lat' dir='ltr'><strong>ce·</strong></span> 
     </span>
     <span class='ocr_line' id='line_1_99' title="bbox 1155 5406 1939 5488; baseline -0.005 -20"><span class='ocrx_word' id='word_1_644' title='bbox 1155 5409 1259 5488; x_wconf 91' lang='lat' dir='ltr'><strong>cipiam</strong></span> <span class='ocrx_word' id='word_1_645' title='bbox 1281 5409 1326 5468; x_wconf 87' lang='lat' dir='ltr'><strong>rel</strong></span> <span class='ocrx_word' id='word_1_646' title='bbox 1349 5406 1479 5480; x_wconf 90' lang='lat' dir='ltr'><strong>babebo,</strong></span> <span class='ocrx_word' id='word_1_647' title='bbox 1502 5425 1552 5466; x_wconf 88' lang='lat' dir='ltr'><strong>seu</strong></span> <span class='ocrx_word' id='word_1_648' title='bbox 1583 5407 1737 5478; x_wconf 90' lang='lat' dir='ltr'><strong>retinebo,</strong></span> <span class='ocrx_word' id='word_1_649' title='bbox 1765 5407 1813 5467; x_wconf 86' lang='lat' dir='ltr'><strong>rel</strong></span> <span class='ocrx_word' id='word_1_650' title='bbox 1847 5418 1939 5486; x_wconf 85' lang='lat' dir='ltr'><strong>petam</strong></span> 
     </span>
     <span class='ocr_line' id='line_1_100' title="bbox 1152 5507 1940 5590; baseline -0.008 -18"><span class='ocrx_word' id='word_1_651' title='bbox 1152 5513 1303 5590; x_wconf 85' lang='lat' dir='ltr'><strong>recipere,</strong></span> <span class='ocrx_word' id='word_1_652' title='bbox 1325 5510 1467 5582; x_wconf 89' lang='lat' dir='ltr'><strong>retinere,</strong></span> <span class='ocrx_word' id='word_1_653' title='bbox 1491 5525 1543 5569; x_wconf 90' lang='lat' dir='ltr'><strong>nec</strong></span> <span class='ocrx_word' id='word_1_654' title='bbox 1563 5509 1650 5570; x_wconf 86' lang='lat' dir='ltr'><strong>etiam</strong></span> <span class='ocrx_word' id='word_1_655' title='bbox 1673 5508 1780 5568; x_wconf 88' lang='lat' dir='ltr'><strong>bnbere</strong></span> <span class='ocrx_word' id='word_1_656' title='bbox 1802 5508 1832 5567; x_wconf 94' lang='lat' dir='ltr'><strong>in</strong></span> <span class='ocrx_word' id='word_1_657' title='bbox 1861 5507 1940 5579; x_wconf 86' lang='lat' dir='ltr'><strong>iliis,</strong></span> 
     </span>
     <span class='ocr_line' id='line_1_101' title="bbox 1154 5610 1941 5692; baseline -0.008 -17"><span class='ocrx_word' id='word_1_658' title='bbox 1154 5632 1246 5692; x_wconf 88' lang='lat' dir='ltr'><strong>neque</strong></span> <span class='ocrx_word' id='word_1_659' title='bbox 1265 5614 1355 5673; x_wconf 90' lang='lat' dir='ltr'><strong>ullam</strong></span> <span class='ocrx_word' id='word_1_660' title='bbox 1372 5611 1569 5691; x_wconf 88' lang='lat' dir='ltr'><strong>potestariam,</strong></span> <span class='ocrx_word' id='word_1_661' title='bbox 1584 5610 1756 5692; x_wconf 89' lang='lat' dir='ltr'><strong>capitanianr</strong></span> <span class='ocrx_word' id='word_1_662' title='bbox 1775 5611 1820 5672; x_wconf 88' lang='lat' dir='ltr'><strong>rel</strong></span> <span class='ocrx_word' id='word_1_663' title='bbox 1841 5619 1941 5671; x_wconf 87' lang='lat' dir='ltr'><strong>recto·</strong></span> 
     </span>
     <span class='ocr_line' id='line_1_102' title="bbox 1153 5710 1939 5793; baseline -0.004 -20"><span class='ocrx_word' id='word_1_664' title='bbox 1153 5716 1245 5789; x_wconf 90' lang='lat' dir='ltr'><strong>riam,</strong></span> <span class='ocrx_word' id='word_1_665' title='bbox 1266 5711 1437 5793; x_wconf 85' lang='lat' dir='ltr'><strong>nullumque</strong></span> <span class='ocrx_word' id='word_1_666' title='bbox 1460 5713 1538 5774; x_wconf 88' lang='lat' dir='ltr'><strong>aliud</strong></span> <span class='ocrx_word' id='word_1_667' title='bbox 1559 5712 1685 5774; x_wconf 82' lang='lat' dir='ltr'><strong>odicium</strong></span> <span class='ocrx_word' id='word_1_668' title='bbox 1707 5710 1863 5791; x_wconf 79' lang='lat' dir='ltr'><strong>accipian,</strong></span> <span class='ocrx_word' id='word_1_669' title='bbox 1887 5727 1939 5773; x_wconf 87' lang='lat' dir='ltr'><strong>sen</strong></span> 
     </span>
    </p>
   </div>
   <div class='ocr_carea' id='block_1_5' title="bbox 0 0 2250 6853">
    <p class='ocr_par' dir='ltr' id='par_1_7' title="bbox 0 0 2250 6853">
     <span class='ocr_line' id='line_1_103' title="bbox 0 0 2250 6853; baseline 0 0"><span class='ocrx_word' id='word_1_670' title='bbox 0 0 2250 6853; x_wconf 95' lang='lat' dir='ltr'><strong> </strong></span> 
     </span>
    </p>
   </div>
  </div>
 </body>
</html>
