4492 6859
846 641 1132 710 constrictius
1152 636 1375 701 Alexannltl
1397 636 1524 701 SEXTl.

349 972 476 1025 lobannis
494 975 642 1039 aragoniae
665 976 760 1038 liegis,
786 978 851 1038 qni,
878 977 1011 1039 alphonso
1037 978 1142 1028 Seniore

351 1056 484 1116 extincto,
496 1056 529 1104 ed
540 1068 648 1117 regnum
660 1059 772 1105 vocatus
783 1056 870 1105 inerat
881 1059 1057 1106 successionis
1074 1060 1142 1117 jure,

351 1136 406 1184 tum
423 1134 496 1197 qnod
513 1133 546 1183 ab
563 1133 695 1196 aliquibus
711 1134 874 1196 Magnetibus
897 1136 922 1184 in
946 1149 1019 1197 spem
1036 1137 1141 1199 Neapo-

352 1211 426 1262 litani
444 1213 547 1275 imperii
565 1216 723 1273 vocaretur,
741 1214 933 1275 amplissimum
952 1215 1090 1264 Oratorem
1109 1214 1142 1264 ad

353 1290 532 1340 Alexandrum
552 1291 637 1348 misit,
653 1296 682 1340 nt
700 1305 713 1340 a
730 1292 828 1343 Gallice
840 1292 912 1342 illum
926 1295 1040 1343 amicitia
1058 1296 1142 1343 divel-

353 1368 433 1426 leret,
450 1368 639 1431 contenditque
663 1370 697 1418 ah
714 1384 746 1419 eo
772 1384 805 1421 ne
829 1384 897 1421 nove
922 1374 948 1421 in
974 1374 1047 1423 ltalia
1071 1374 1140 1422 bella

313 1473 318 1483 ·
351 1449 481 1498 concitari
509 1450 633 1508 sineret,
661 1450 723 1511 quin
747 1452 836 1512 potius
861 1450 996 1513 dissipatis
1019 1452 1141 1501 omnibus

352 1525 484 1575 intestinis
511 1524 719 1577 christianorum
746 1528 888 1579 discordiis
914 1544 986 1580 erma
1011 1545 1087 1581 sacra
1115 1534 1141 1582 in

354 1605 457 1656 Tarcas
466 1603 642 1666 jungerentur
655 1628 675 1654 ι.

390 1684 540 1746 Stephanus
558 1698 622 1735 vero
639 1685 791 1748 infessura,
807 1689 872 1738 haec
889 1688 1075 1751 delegatione
1092 1692 1144 1739 hu·

358 1763 472 1825 jusmodi
491 1766 603 1824 posteris
619 1765 733 1814 tradidit.

399 1863 409 1884 ι
428 1841 487 1892 Post
504 1841 619 1892 triduum
637 1845 747 1893 intrarit
759 1844 942 1895 ambasciaror
958 1846 1033 1908 liegis
1048 1845 1143 1908 Hispa·

359 1924 419 1971 niae
430 1934 488 1971 cum
501 1934 595 1984 magno
606 1923 728 1972 comitutu
740 1922 930 1986 cpiscoporum
948 1930 975 1974 et
992 1924 1142 1975 Curialluni.

356 2002 388 2053 lit
405 2003 490 2053 iactus
507 2005 531 2053 ei
548 2007 588 2052 est
601 2003 685 2054 honor
697 2017 816 2067 magnus.
833 2004 865 2055 ιιι
876 2008 944 2055 inter
956 2005 1020 2064 alia,
1036 2004 1142 2067 qnando

355 2082 464 2132 intravit
480 2095 528 2145 per
545 2087 647 2145 portam
666 2084 820 2133 viridarium
837 2086 977 2134 comitatus
993 2085 1042 2134 tuit
1058 2097 1073 2133 a
1089 2082 1142 2132 illio

352 2160 439 2223 Papae
456 2174 470 2210 a
487 2161 604 2218 dextris,
622 2168 648 2211 et
665 2177 679 2211 e
695 2176 793 2225 genero
810 2176 874 2223 suo,
892 2164 1014 2214 videlicet
1031 2165 1142 2212 Domino

353 2237 453 2288 Pisauri
470 2251 485 2288 a
505 2239 634 2297 sinistris,
652 2243 679 2290 et
696 2242 744 2291 hoc
757 2255 771 2289 a
783 2241 842 2290 loco
854 2242 922 2292 unde
935 2243 1030 2302 exivit,
1047 2254 1142 2291 versus

352 2319 468 2369 hlontem
484 2318 610 2377 hierium,
635 2330 718 2379 usque
735 2321 760 2368 in
776 2318 901 2370 Palatium
923 2318 1013 2382 campi
1033 2319 1142 2379 Florae,

356 2395 402 2445 nbi
419 2408 448 2445 se
465 2398 560 2458 posuit.
575 2397 601 2445 ln
619 2398 778 2446 consistorio
793 2398 919 2461 publico,
933 2401 1002 2448 ultra
1019 2397 1143 2448 obedien·

355 2476 428 2535 tiam,
440 2487 518 2537 quarn
531 2474 615 2524 lertur
626 2474 724 2524 dictum
733 2476 960 2527 Ambasctatorem
975 2478 1142 2540 praestitisse

360 2554 467 2603 nomine
494 2554 569 2616 itegis
585 2553 741 2618 Hispaniae,
769 2560 891 2620 exposuit
908 2557 989 2607 etiam
1016 2571 1050 2607 ex
1066 2562 1142 2620 parte

357 2634 443 2696 ipsius
460 2635 550 2698 Regis,
567 2634 638 2696 quod
662 2636 797 2697 praelatus
814 2637 868 2687 ilex
894 2637 1009 2687 habehat
1033 2638 1143 2687 multum

357 2713 384 2763 in
408 2712 469 2763 odio
493 2712 561 2762 belia
585 2726 652 2774 qnae
673 2713 771 2764 liebant
793 2717 817 2765 ln
839 2716 911 2765 ltalia
933 2718 1001 2766 inter
1017 2714 1144 2764 christia·

358 2805 427 2852 nos,
443 2804 475 2842 eo
491 2791 562 2855 qnod
578 2793 695 2851 diceret,
712 2806 740 2844 se
758 2797 880 2845 continuo
893 2805 1028 2858 exponere
1046 2798 1143 2844 statum

356 2883 447 2929 snum,
464 2875 491 2920 et
507 2872 587 2920 vitam
604 2884 678 2921 suam
695 2886 744 2935 pro
761 2875 845 2924 sainte
861 2874 1027 2925 christianae
1044 2873 1104 2924 lidei
1118 2878 1144 2923 et

358 2954 516 3012 augumento
539 2951 640 3012 ipsine,
656 2951 782 3002 continno
807 2954 932 3003 certando
950 2967 1009 3003 cum
1037 2952 1144 3004 infideli-

358 3028 425 3077 bus:
438 3033 464 3077 et
475 3029 558 3090 Papa,
570 3030 614 3091 qui
626 3040 698 3080 esset
709 3037 787 3094 caput
799 3031 856 3082 ildei
866 3034 1044 3092 christianae,
1061 3035 1145 3082 inten-

359 3104 436 3156 deret
448 3108 481 3156 ad
493 3109 576 3170 ipsius
588 3108 647 3159 ildei
660 3110 878 3173 dissipationem:
889 3118 916 3163 et
928 3116 1049 3176 exposuit
1066 3115 1145 3162 etiam

358 3186 431 3247 quod
448 3186 533 3236 dictus
550 3187 605 3237 ilex
621 3189 777 3239 intendebat
795 3191 893 3242 habere
909 3193 1030 3241 notitiem
1046 3192 1079 3241 de
1096 3204 1145 3250 eo,

358 3279 407 3329 per
433 3280 510 3329 quern
538 3275 703 3329 remaneret,
728 3273 868 3332 quominus
896 3272 966 3322 dicta
990 3285 1043 3334 pax
1069 3270 1145 3320 lieret

358 3343 428 3395 intur
444 3346 623 3406 christianos;
650 3351 773 3410 quoniam
790 3349 896 3400 dicebat
923 3351 1021 3400 dictum
1049 3348 1144 3412 Regem

360 3424 511 3474 habiturum
528 3429 644 3482 cumeis
670 3428 852 3488 inimicitiam,
875 3430 1011 3491 potissime
1038 3431 1060 3479 si
1088 3430 1145 3478 sine

361 3516 441 3553 caiisa
454 3506 525 3553 istud
542 3504 625 3555 iteret.
642 3506 735 3564 Aliud,
751 3507 821 3568 quod
844 3510 983 3569 proposuit
1000 3512 1056 3568 est,
1073 3508 1146 3571 qnod

359 3595 393 3632 ex
409 3595 464 3645 quo
481 3583 616 3645 praelatus
628 3585 681 3633 ilex
694 3586 832 3646 expulerat
842 3587 978 3637 blerranos
989 3588 1022 3637 de
1034 3588 1145 3649 imperio

362 3675 428 3721 sun,
446 3667 569 3724 tanquam
595 3662 713 3712 inimicos
729 3662 894 3714 Christianae
912 3666 986 3724 tidei,
1013 3668 1083 3728 quod
1100 3669 1145 3716 mi-

366 3740 491 3798 rabatur,
507 3739 576 3802 quod
592 3739 679 3802 Papa,
704 3746 748 3805 qui
766 3747 836 3793 esset
863 3749 941 3808 capnt
958 3746 1043 3795 dictae
1071 3744 1146 3806 fidel,

367 3818 426 3868 illos
443 3822 589 3882 recepisset
605 3823 631 3869 in
649 3819 734 3871 Urbe:
758 3826 785 3872 et
800 3830 942 3887 propterea
967 3828 1088 3875 tiortatns
1105 3830 1146 3875 est

367 3909 440 3956 enm,
457 3900 485 3947 ιιι
500 3898 534 3948 de
552 3902 630 3950 terris
646 3900 781 3953 Ecclesiae
794 3905 830 3953 illi
849 3906 976 3967 subjectis
993 3918 1039 3955 eos
1057 3906 1147 3966 expel-

365 3976 443 4025 leret.
467 3976 558 4027 Tertio
574 3979 645 4041 quud
669 3994 702 4029 ex
720 3995 772 4044 quo
789 3983 1007 4054 intendebetosua
1023 3984 1147 4045 Maiestas

362 4056 486 4117 persequi
504 4058 640 4107 victoriam
657 4064 749 4109 contra
767 4060 900 4122 infideles,
916 4068 942 4112 et
960 4064 1097 4125 acquirere
1108 4063 1145 4124 (si

362 4132 432 4183 Deus
448 4134 564 4185 dedisset
576 4137 600 4187 el
613 4138 739 4199 gratiemi
754 4138 900 4191 Jerusalem
917 4147 943 4192 et
960 4141 1067 4191 Terram
1084 4139 1147 4190 San·

363 4216 449 4270 ctam,
474 4214 582 4277 rogabat
603 4215 768 4277 Pontificem,
794 4223 823 4269 ιιι
849 4222 930 4269 vellet
958 4225 981 4269 ei
1008 4225 1146 4282 praestare

364 4293 506 4354 auxilium,
523 4298 549 4344 et
572 4297 703 4356 levorem,
721 4300 877 4360 praesertim
897 4303 922 4347 in
940 4299 1006 4358 boc,
1022 4301 1147 4351 videlicet

364 4375 392 4419 ιιι
408 4379 573 4434 operaretur,
589 4380 618 4425 ut
630 4377 758 4428 habentes
779 4377 906 4427 beneficia
918 4379 1074 4429 excedentia
1086 4365 1147 4429 cen·

273 4508 276 4512 ι
361 4452 417 4497 tum
434 4451 543 4501 ducatos
560 4452 593 4502 de
611 4454 740 4504 fructibus
759 4458 908 4515 annuatim,
925 4458 996 4519 quod
1017 4458 1146 4509 deberent

362 4530 463 4578 reverti
480 4530 513 4578 ad
533 4530 704 4593 Hispaniam,
721 4534 836 4597 alioquin
861 4535 1013 4587 intendebat
1030 4538 1089 4600 ipse
1106 4552 1147 4588 re·

361 4609 451 4669 cipere
475 4608 562 4659 dictos
586 4609 704 4671 tructus,
721 4617 748 4662 et
769 4615 841 4675 ipsos
858 4621 1016 4666 convertere
1032 4618 1057 4664 iu
1080 4631 1146 4679 opus

363 4687 526 4747 praedictum
538 4710 560 4735 ι.

412 4766 519 4818 alliud
545 4768 615 4832 qnod
642 4771 766 4832 exposuit
792 4776 832 4823 est
855 4775 924 4836 quod
940 4775 992 4832 jam
1017 4776 1084 4824 lama
1105 4779 1147 4826 est

361 4845 472 4908 ubique,
491 4849 559 4910 quod
582 4849 623 4897 iiic
646 4850 741 4900 Romae
763 4853 788 4900 in
810 4851 925 4902 Ecclesia
948 4855 1061 4903 Romana
1079 4854 1147 4905 iacta

361 4925 415 4974 sint
431 4926 571 4987 beneilcia,
588 4928 683 4987 officia,
701 4934 728 4979 et
743 4931 885 4993 dignitates
902 4934 1009 4982 venales
1026 4937 1052 4983 et
1068 4946 1148 4984 venu-

362 5004 413 5064 tia,
437 5010 463 5055 et
480 5008 550 5069 quod
570 5010 645 5070 quasi
668 5008 737 5058 bone
758 5010 866 5072 prolana
890 5012 1095 5072 subhastenlur,
1119 5018 1146 5062 et

363 5084 434 5147 quod
451 5098 503 5135 non
526 5090 613 5149 possit
636 5090 696 5150 quis
723 5089 756 5137 ad
782 5090 936 5141 benellcium
962 5093 1069 5153 aliquod
1091 5092 1148 5143 sive

364 5174 484 5226 magnum
509 5167 567 5216 slve
584 5167 733 5227 minimum,
756 5170 819 5218 item
840 5169 875 5219 ad
899 5170 1079 5231 episcopatum
1103 5172 1147 5221 rel

362 5246 441 5317 etiam
459 5246 492 5295 ad
509 5245 702 5297 Cardinalatum
720 5254 860 5312 pervenire
884 5253 934 5302 nisi
957 5253 1041 5301 solutu
1066 5264 1149 5315 pecu·

361 5326 419 5385 nia,
432 5332 460 5377 et
480 5327 551 5389 quod
573 5326 617 5375 nbi
639 5328 699 5377 oli·
721 5332 819 5381 virtute
836 5332 948 5394 Spiritus
969 5332 1055 5380 Sancti
1072 5343 1148 5380 crea·

363 5402 475 5464 bantur,
492 5406 568 5456 hodie
591 5406 649 5455 loco
671 5408 740 5458 iilius
757 5413 814 5459 solu
830 5412 1001 5473 pecuniarum
1026 5411 1149 5460 conside·

363 5485 432 5533 ratio
453 5485 584 5536 habeatnr
604 5486 792 5551 indifferenter,
807 5494 834 5541 et
850 5502 903 5539 non
919 5494 1040 5552 quaesito
1062 5490 1147 5541 bonus

364 5575 396 5610 an
414 5564 512 5623 malus,
528 5567 637 5617 idoneus
660 5570 703 5619 rel
723 5583 795 5631 uon,
810 5575 1016 5633 promoveatur,
1040 5571 1088 5621 sed
1107 5584 1149 5620 so·

364 5644 417 5693 iam
434 5646 478 5704 qni
501 5647 627 5708 maiorem
653 5652 823 5712 pecuniarum
850 5663 986 5700 numerum
1013 5663 1147 5713 exponere

363 5722 455 5784 possit.
476 5722 512 5772 iio
529 5727 599 5786 quod
614 5732 753 5779 exortatus
778 5733 819 5779 est
843 5730 974 5782 summm
999 5730 1147 5781 Pontificem

288 5909 537 6163 A

1889 635 2007 716 (arear

1210 978 1239 1023 ιιι
1262 988 1315 1024 non
1337 974 1396 1035 pins
1420 985 1499 1034 quam
1524 983 1603 1020 unum
1629 968 1786 1018 Beneficium
1806 973 1933 1018 curatum
1957 980 2006 1028 pro

1210 1054 1328 1116 quolibet
1344 1052 1500 1103 concederet
1518 1054 1544 1099 et
1561 1063 1611 1098 non
1633 1050 1717 1111 [itura.
1743 1048 1774 1098 iit
1797 1049 1851 1097 elia
1872 1048 2004 1111 quaedam

1211 1133 1291 1183 multe
1317 1134 1402 1181 lertur
1424 1130 1542 1189 dixisse,
1557 1142 1625 1191 quac
1647 1128 1679 1176 ad
1701 1131 1799 1177 statum
1822 1129 1851 1175 et
1874 1126 2004 1176 honorem

1210 1211 1343 1263 Ecclesiae
1359 1212 1539 1274 pertinerent,
1557 1221 1624 1272 quac
1641 1208 1683 1257 hic
1700 1220 1751 1256 non
1770 1207 1906 1269 exprimo.
1933 1205 2004 1265 Quae

1210 1293 1296 1343 omnia
1307 1292 1419 1354 qualiter
1430 1290 1527 1339 tuerint
1544 1288 1667 1349 expedita
1685 1287 1834 1337 videamus.
1852 1286 1886 1336 Et
1904 1288 2004 1346 primo,

1210 1371 1243 1422 de
1260 1384 1325 1433 pace
1342 1382 1425 1431 panca
1442 1369 1485 1418 vel
1507 1369 1577 1417 nulla
1601 1381 1663 1430 spes
1681 1370 1736 1426 est,
1754 1371 1783 1416 nt
1799 1366 1877 1427 signa
1896 1365 2005 1414 demon·

1211 1454 1311 1508 strant;
1328 1462 1386 1498 nam
1399 1462 1448 1511 per
1459 1460 1557 1510 paucos
1570 1448 1627 1495 dies
1637 1452 1697 1508 post
1714 1446 1841 1495 Dominus
1853 1443 2004 1494 Alexander

1211 1527 1243 1577 de
1260 1526 1375 1582 Pisauro,
1386 1538 1466 1590 gener
1477 1525 1642 1575 Sanctissimi
1653 1525 1725 1574 Uom.
1736 1523 1830 1577 Nostri
1840 1523 1940 1586 Papae,
1949 1535 2004 1570 cnm

1211 1619 1259 1656 sex
1281 1610 1397 1669 squatris
1421 1606 1530 1655 militnm
1549 1609 1712 1654 armatorum
1730 1603 2004 1653 demonstrationem.

1211 1690 1238 1735 et
1254 1698 1306 1736 non
1324 1686 1433 1734 multum
1454 1690 1515 1745 post
1536 1685 1680 1734 Pracassus
1704 1683 1738 1732 de
1762 1683 1862 1731 &nolo
1879 1682 2005 1730 severino

1211 1778 1270 1815 cnm
1287 1763 1407 1827 gentibus
1424 1762 1497 1820 suis,
1513 1776 1563 1813 neo
1580 1776 1633 1812 non
1649 1766 1675 1812 at
1693 1762 1815 1813 Nicotaus
1834 1764 1934 1809 comes
1951 1758 2006 1808 Pili·

1211 1845 1287 1902 iiani,
1304 1842 1435 1895 Macrinus
1447 1841 1580 1901 Sabellus,
1596 1839 1720 1893 Nicotaus
1737 1841 1770 1891 de
1787 1840 1965 1896 Sermonem,
1982 1843 2005 1886 el

1209 1919 1292 1971 Julius
1314 1918 1421 1970 Ursinus
1442 1933 1501 1969 cnm
1522 1919 1646 1983 gentibus
1665 1922 1831 1968 armatorum
1860 1930 1957 1967 eorum
1979 1930 2006 1966 se

1208 2000 1368 2062 junxerunt,
1384 2001 1419 2048 ita
1436 2003 1464 2049 ut
1481 2001 1507 2049 in
1524 2003 1608 2049 totum
1625 2012 1709 2063 nsque
1725 2011 1795 2049 nnuc
1813 2002 1869 2049 sint
1887 1999 1962 2048 circa
1979 2000 2008 2046 lo

1212 2084 1345 2141 squatraa.
1360 2078 1392 2129 Et
1408 2080 1477 2129 ultra
1489 2080 1554 2129 alios
1566 2081 1632 2130 allus
1644 2091 1771 2129 numeras
1786 2080 2006 2134 Janizzerorum,

1212 2158 1406 2209 balistariorum
1419 2163 1445 2207 et
1457 2171 1585 2222 equorum
1603 2159 1700 2210 levium
1711 2161 1765 2221 (sic
1778 2159 1931 2222 vulgariter
1942 2171 2007 2206 nnn·

1211 2243 1356 2301 cupantur)
1373 2242 1399 2287 et
1415 2238 1516 2288 circum
1533 2240 1603 2287 circa
1622 2238 1716 2288 Urbem
1733 2238 1832 2289 damna
1848 2239 1956 2287 iaciunt
1971 2239 2006 2285 in·

1212 2315 1315 2367 cnita·.
1692 2333 1696 2339 ·

1253 2416 1264 2439 ι
1278 2397 1373 2446 Fertur
1389 2396 1470 2445 etiam
1488 2396 1557 2458 apud
1569 2396 1671 2446 Ostiam
1688 2409 1748 2446 cum
1760 2395 1908 2447 cardinale
1918 2398 2007 2447 Sancti

1211 2474 1279 2525 Petri
1297 2475 1330 2523 ad
1346 2474 1452 2524 Vincula
1470 2488 1529 2526 esse
1545 2476 1623 2525 Doni.
1642 2474 1795 2526 Pedericum
1820 2474 1906 2525 lilium
1932 2478 2005 2538 liegis

1211 2554 1366 2605 Ferdinundi
1378 2568 1435 2603 cnm
1448 2554 1570 2605 undecim
1582 2556 1692 2618 galeris,
1707 2555 1846 2605 Dominum
1860 2556 2006 2619 virginium

1211 2635 1346 2697 Ursinnm,
1362 2637 1498 2687 Dominum
1516 2637 1670 2700 Prosperum
1691 2642 1718 2689 et
1738 2636 1887 2687 Pabritium
1907 2638 1941 2687 de
1957 2637 2009 2686 cn·

1212 2715 1300 2766 iumna
1313 2727 1371 2765 cnm
1385 2711 1514 2778 aliquibus
1527 2718 1643 2766 armatis.
1659 2715 1725 2777 Quid
1743 2716 1814 2766 inter
1831 2730 1862 2765 se
1881 2717 2008 2774 tractent,

1211 2795 1328 2858 quotidie
1343 2796 1420 2845 simul
1437 2796 1642 2855 ratiocinantes,
1657 2797 1782 2846 nescitur.
1800 2795 1917 2859 Propter
1938 2796 2007 2859 qnod

1212 2888 1265 2925 non
1282 2876 1339 2924 sine
1356 2875 1460 2924 ratione
1476 2874 1510 2924 de
1526 2875 1615 2924 tuturo
1632 2874 1703 2925 ballo
1718 2877 1829 2925 timetur
1849 2899 1871 2925 ·.

1256 2952 1321 3003 ·Uc
1343 2954 1427 3015 prima
1450 2957 1536 3015 parte,
1553 2954 1665 3004 Murrani
1686 2957 1819 3004 steterunt
1842 2955 1869 3002 in
1891 2955 2006 3003 maxime

1213 3034 1358 3095 quantitate
1371 3037 1447 3082 extra
1459 3030 1560 3081 Portam
1574 3018 1765 3095 lippiam‘apud
1775 3032 1959 3097 superliciis,
1972 3031 2007 3080 ibi

1213 3111 1327 3160 tentoria
1345 3111 1499 3169 tendentes,
1516 3111 1732 3173 intraveruntque
1745 3112 1769 3159 in
1781 3107 1882 3160 Urbem
1901 3113 2008 3159 secreto

1214 3190 1306 3248 modo,
1323 3203 1353 3240 eo
1369 3190 1440 3252 quod
1452 3190 1485 3239 ad
1497 3189 1642 3239 custodiam
1656 3189 1791 3239 Portarum
1803 3189 1929 3257 deputati
1946 3194 2007 3238 sunl

1213 3268 1319 3331 Hispani
1337 3271 1476 3331 armigeri,
1487 3274 1531 3329 et,
1542 3272 1570 3318 ιιι
1582 3270 1710 3328 creditur,
1722 3270 1802 3318 etia·
1815 3266 1849 3318 de
1862 3268 1932 3324 illis,
1941 3268 2008 3317 adeo

1214 3353 1242 3397 ιιι
1260 3348 1446 3397 incontinenti
1464 3349 1549 3409 pestis
1572 3348 1702 3397 invaserit
1723 3346 1836 3405 Urbem,
1854 3348 2008 3409 mortuique

1215 3429 1268 3477 sint
1284 3427 1467 3489 qaiamplurimi
1490 3440 1521 3476 ex
1539 3432 1614 3488 peste
1641 3430 1666 3476 el
1691 3427 1847 3489 contagione
1873 3425 2006 3475 dictorum

1214 3507 1411 3563 ituraeorum,
1428 3503 1572 3567 dequibus
1596 3508 1649 3555 tota
1675 3501 1742 3554 Urbs
1759 3506 1869 3566 impleta
1886 3507 1947 3562 est,
1965 3508 2004 3561 et,

1215 3588 1243 3634 ιιι
1265 3584 1349 3633 videri
1372 3588 1477 3645 potest,
1496 3597 1549 3633 non
1573 3584 1632 3634 sine
1656 3586 1793 3634 voluntate
1817 3587 1844 3633 et
1869 3584 2004 3646 permissu

1214 3662 1331 3725 Papao·.

1256 3743 1354 3804 Quibus
1372 3744 1430 3792 eliis
1447 3741 1479 3791 de
1495 3744 1582 3793 causis
1600 3739 1696 3792 Orator
1712 3741 1844 3803 Hispanus
1862 3743 1897 3792 ad
1909 3741 2006 3792 Urbem

1214 3825 1334 3882 venerit,
1353 3836 1385 3872 ex
1404 3822 1581 3872 monumentis
1598 3822 1738 3884 permultis
1756 3819 1908 3872 insessurue
1932 3824 2009 3885 ignu-

1215 3905 1250 3953 ιιι
1266 3908 1348 3966 patet.
1365 3902 1392 3951 ln
1410 3904 1503 3965 primis
1521 3901 1700 3953 christoforus
1716 3899 1882 3960 Columbae,
1900 3905 2007 3952 natione

1214 3984 1314 4042 italus,
1331 3983 1379 4032 sed
1401 3982 1585 4044 Hispaniarum
1609 3980 1722 4042 ilegibus
1748 3982 1860 4030 servitio
1882 3981 2006 4030 addictas

1214 4075 1312 4111 novum
1325 4062 1415 4111 orbem
1429 4063 1583 4118 invenerat,
1601 4063 1642 4118 et,
1659 4056 1780 4122 gentibus
1791 4059 1917 4119 omnibus
1935 4061 2007 4120 plau·

1215 4139 1357 4197 dentibus,
1373 4140 1550 4189 nuntiaverat.
1579 4136 1625 4188 Hic
1650 4139 1678 4188 in
1701 4140 1793 4201 primis
1821 4152 1876 4188 non
1898 4139 2006 4199 inutile,

1215 4222 1269 4269 imo
1294 4222 1445 4281 pergratum
1468 4216 1617 4280 legentibus
1641 4216 1791 4278 epistolium
1819 4215 1942 4267 Columbi
1968 4230 2008 4267 re·

1215 4299 1301 4358 terre,
1318 4298 1420 4362 quode
1437 4298 1534 4354 terris,
1559 4297 1593 4347 de
1609 4296 1777 4356 hominibus,
1800 4296 1834 4346 do
1861 4297 1945 4347 rebus
1967 4298 2008 4346 in·

1216 4381 1321 4438 ventis,
1349 4377 1605 4440 obstupescentibus
1632 4376 1787 4428 nationibus
1814 4377 1943 4439 loquitur.
1970 4376 2007 4427 Ex

1215 4460 1331 4509 editione
1349 4459 1486 4507 rarissima
1502 4456 1562 4507 anni
1582 4457 1643 4507 ll93
1660 4456 1724 4505 iliud
1743 4455 1880 4505 exscribo.

1259 4560 1268 4581 ·
1288 4535 1404 4600 Epistola
1417 4534 1573 4586 christofori
1585 4533 1687 4585 Colum:
1704 4533 1745 4584 cui
1762 4538 1819 4584 etas
1835 4538 1930 4585 nostra
1944 4536 2009 4585 mul·

1215 4622 1269 4668 tum
1287 4616 1384 4667 debet:
1409 4616 1442 4665 do
1467 4616 1563 4664 insulis
1581 4614 1652 4664 indie
1678 4625 1759 4675 supra
1783 4612 1899 4676 Gangem
1924 4626 2010 4677 nuper

1217 4700 1343 4748 inventis.
1358 4696 1399 4745 Ad
1414 4707 1480 4757 quae
1497 4693 1692 4756 perquirendas
1709 4695 1806 4743 octavo
1822 4696 1901 4742 autea
1915 4705 2008 4744 menae

1215 4778 1339 4840 auspiciis
1357 4780 1384 4824 et
1401 4787 1446 4824 ere
1463 4773 1698 4823 invictissimorum
1715 4772 1846 4824 fernandi
1865 4775 1892 4822 et
1904 4772 2010 4822 Helisa-

1215 4858 1261 4907 bet
1277 4856 1459 4918 Hispaniarum
1478 4854 1573 4915 Regum
1593 4853 1689 4901 missus
1706 4852 1809 4901 luerat:
1831 4851 1866 4900 ad
1885 4850 2006 4914 magnili-

1216 4947 1274 4986 cum
1295 4935 1427 4984 dominum
1447 4929 1595 4981 Gabrielem
1623 4927 1731 4979 Sanchis
1762 4928 1909 4980 eorundem
1932 4930 2010 4979 Sere·

1215 5017 1385 5064 nissimcrum
1402 5013 1497 5074 ltegum
1514 5010 1700 5060 Teseurarium
1717 5009 1812 5059 missae
1827 5019 1908 5070 mium
1927 5008 2005 5058 nobi·

1216 5095 1247 5145 lis
1270 5106 1301 5142 ec
1324 5094 1456 5141 litteratus
1479 5090 1521 5138 vir
1543 5090 1662 5140 Leander
1678 5089 1711 5138 de
1728 5089 1814 5138 Coseo
1836 5088 1871 5137 ab
1894 5089 2007 5151 hispano

1217 5173 1338 5222 idiomate
1367 5172 1391 5220 in
1417 5171 1523 5219 latinum
1541 5170 1674 5218 convertit
1691 5167 1922 5217 tertioiiaiendas
1950 5169 2007 5219 hlaii

1213 5249 1406 5304 idcccciiciil.
1439 5248 1610 5298 Pontiiicatus
1644 5247 1788 5299 Alexandri
1821 5246 1894 5297 Sexti
1931 5246 2007 5296 Anno

1215 5331 1309 5393 primo.

1259 5430 1269 5452 ι
1299 5408 1425 5469 Quoniam
1453 5408 1576 5467 suscepte
1602 5405 1738 5466 provintie
1770 5415 1825 5453 rem
1857 5402 2007 5464 perlectam

1216 5503 1259 5540 me
1286 5492 1457 5538 consecutum
1482 5486 1563 5536 luisse
1587 5488 1690 5548 gratum
1709 5483 1758 5533 ubl
1783 5483 1839 5532 lore
1860 5483 1936 5532 scios
1960 5483 2006 5531 has

1217 5568 1339 5619 constitui
1358 5578 1485 5615 exarare:
1503 5577 1554 5627 que
1575 5568 1600 5613 te
1617 5563 1825 5625 uniuscuiusque
1846 5563 1885 5611 rei
1907 5562 1935 5610 in
1957 5562 2006 5610 hoc

1217 5653 1308 5699 nostro
1326 5649 1420 5697 itinere
1441 5647 1514 5708 geste
1540 5643 1699 5706 inventoque
1722 5641 1888 5692 admoneant.
1913 5639 2007 5690 'l'rice-

1217 5728 1364 5779 simulsrtto
1383 5726 1426 5775 die
1442 5728 1584 5787 postquam
1606 5721 1723 5773 Gadibus
1744 5721 1858 5771 discessi
1882 5720 1909 5770 in
1933 5731 2006 5769 mare
