4492 6859
294 601 357 662 aaa
771 560 1054 665 rnnnrrmarus
1076 594 1301 662 anaxanom
1322 592 1449 656 saxna.

297 733 332 795 de
361 732 507 814 dragonia
527 732 619 794 irater
640 731 828 793 consobrinus
854 731 997 811 Regis-
1019 735 1081 796 [lon

299 834 422 896 Carolus
449 833 483 893 de
509 832 658 912 aragonia
690 832 821 893 marchio
853 830 1015 893 Giracensis
1042 866 1081 878 -

299 933 364 993 Oon
391 933 544 994 Martiuius
576 931 779 1010 «tetragona
811 950 899 1012 nepos
931 931 1019 1012 Regis
1050 951 1084 991 ex

301 1032 482 1093 Ferdinando
497 1034 591 1093 fratre
606 1049 658 1091 suo
680 1031 813 1092 bastardo
839 1036 867 1092 in
888 1033 981 1094 castel
1002 1030 1085 1092 Naro

302 1134 543 1194 incarcerato-
565 1131 642 1191 'Don
664 1131 796 1191 Julianus
824 1132 984 1212 Episcopus
1007 1132 1085 1193 Tro·

302 1233 407 1312 piensis
428 1234 495 1310 qui,
516 1231 607 1311 Rege,
640 1232 731 1309 regali
752 1250 839 1312 super
866 1235 972 1294 talama
989 1251 1085 1313 geuu-

303 1330 453 1404 ssectente,
479 1350 495 1390 a
517 1332 638 1392 sinistris
660 1331 748 1411 Regis
768 1334 825 1393 erit
845 1334 1035 1413 genuflexus,
1057 1348 1086 1395 et

303 1432 407 1492 Frater
428 1431 572 1491 iohannes
602 1432 636 1493 de
657 1431 817 1495 Mediolano
844 1432 963 1495 Ordinis
983 1435 1087 1495 llontis

305 1527 412 1591 Olivetl
428 1533 610 1610 cappellanus
627 1530 723 1607 major
735 1531 835 1613 Regis,
847 1554 864 1593 a
879 1534 985 1595 dextris
999 1534 1088 1613 Regis

305 1632 383 1705 erit,
402 1642 435 1692 ut
455 1650 544 1712 supra
563 1633 745 1711 genuflexus,
768 1645 796 1694 et
819 1636 903 1696 ambo
921 1636 955 1695 de
977 1635 1088 1695 missale

308 1731 381 1811 Regi
400 1732 573 1792 servient-
592 1733 695 1793 Frater
707 1734 849 1795 lohannes
869 1736 1040 1795 Franciseus
1054 1735 1088 1795 de

307 1831 462 1892 Mirabellis
476 1830 604 1909 ejusdem
627 1831 755 1909 Ordinis,
767 1837 911 1897 conlesmr
926 1836 1013 1915 Regis
1032 1846 1087 1896 etc.

307 1932 469 1993 -Frater
490 1932 612 1994 llliehael
635 1934 669 1993 de
691 1934 807 2013 Neapoli
822 1933 938 1996 Ordinis
949 1936 1089 1995 Fratrum

306 2029 454 2091 Minorum
474 2033 509 2097 de
533 2034 719 2095 observantia
739 2012 976 2096 eleemosinarius
1003 2035 1091 2116 Regis

305 2143 369 2211 post
384 2132 493 2213 Regem
516 2148 548 2196 ut
567 2155 657 2216 supra
677 2135 887 2215 genuflexum,
906 2146 938 2197 et
957 2140 1016 2217 ipse
1037 2157 1091 2216 gc·

305 2232 445 2294 uuilexus.

347 2333 522 2395 adveniente
543 2334 633 2415 Rege,
648 2348 677 2397 et
698 2335 791 2397 choro
810 2338 1037 2411 canonicorum,
1058 2347 1091 2398 ut

305 2451 394 2512 supra
421 2435 597 2509 ordinatur,
632 2438 777 2511 intrante,
811 2449 972 2499 accurrunt
1004 2438 1029 2499 ei
1057 2459 1092 2499 ex

307 2533 475 2612 supradicto
493 2535 528 2595 R.
551 2535 584 2595 P.
614 2537 649 2596 tt.
674 2538 833 2599 Alexander
851 2540 1092 2620 acchiepiscopus

307 2630 531 2712 Neapolitanus,
553 2646 582 2697 et
603 2636 746 2699 lohannes
767 2639 942 2700 Patriarelra
969 2642 1092 2702 Anthio-

308 2734 419 2794 chensis
431 2779 441 2808 ,
463 2738 529 2813 qui,
549 2738 642 2798 restiti
669 2740 784 2813 mitris,
810 2754 896 2820 caput
925 2742 1093 2820 aliquantu-

307 2835 368 2894 lum
391 2837 569 2911 inclinantes,
591 2840 644 2899 sibi
666 2829 859 2902 reverentiam
881 2844 995 2905 iaciant.
1015 2845 1093 2905 ldem

308 2937 393 2997 saciet
424 2936 485 2997 Rex
523 2940 612 3018 ipsis,
648 2952 759 3003 retento
791 2944 819 3003 in
860 2945 953 3023 eapite
985 2946 1094 3006 birreto

308 3053 361 3097 suo
373 3059 383 3110 3
405 3037 646 3119 trentepseopns
667 3060 684 3101 a
706 3042 812 3102 dextris
833 3053 862 3125 et
881 3045 1054 3106 Patriarclta
1076 3067 1093 3104 n

308 3139 431 3199 sinistris
456 3140 565 3220 Regis,
586 3144 679 3222 ipsum
706 3146 743 3205 ad
764 3144 906 3224 Legatum
929 3147 1093 3219 deducau13

310 3258 369 3317 quo
382 3242 550 3315 accedente,
565 3244 688 3323 praelati
703 3264 800 3307 omnes
815 3249 908 3327 parati
927 3257 1094 3327 assurgent,

310 3351 338 3401 et
355 3361 422 3401 cum
443 3346 536 3403 mitris
558 3346 654 3424 capita
672 3347 723 3406 sibi
743 3349 958 3426 aliquantulum
973 3350 1094 3409 inclina-

311 3442 398 3503 bunt:
421 3444 494 3504 idem
511 3455 540 3504 et
559 3445 631 3519 Rex,
646 3446 758 3507 birreto
777 3449 902 3522 detento,
920 3449 985 3528 ipsis
1001 3451 1093 3511 iaciet.

312 3544 455 3605 Perreuto
468 3556 535 3605 ante
551 3545 704 3624 Legatum,
724 3547 784 3607 Rex
805 3549 925 3628 deponit
941 3550 1094 3623 hiensium,

311 3657 340 3704 et
360 3644 471 3725 Legata
492 3659 578 3725 eaput
605 3648 746 3719 inclinat,
775 3662 803 3709 et
824 3647 962 3728 laegatus,
985 3660 1095 3711 retenta

313 3750 400 3807 mitra
420 3750 449 3808 in
470 3752 585 3827 eapite,
606 3749 658 3807 sibi
680 3750 836 3828 respondit.
860 3750 945 3811 Sedet
974 3751 1035 3812 Rex
1066 3755 1095 3811 iu

313 3848 473 3910 faldistorio
495 3852 522 3909 in
549 3852 635 3929 plano
657 3862 721 3911 ante
742 3850 877 3910 ultimum
903 3853 1028 3931 gradum
1049 3854 1096 3912 al·

321 3952 391 4010 turis
409 3952 460 4010 sibi
482 3962 594 4030 parato,
611 3952 638 4011 in
658 3966 882 4027 transversum,
899 3954 938 4012 ita
958 3954 1035 4032 quod
1054 3956 1095 4014 si-

319 4052 409 4109 nistra
430 4051 517 4131 Regis
539 4052 576 4111 sit
599 4072 681 4112 rersa
701 4057 809 4125 altari,
835 4067 864 4114 et
885 4054 984 4115 dextra
1006 4055 1096 4115 choro

315 4153 531 4227 santonicorum
556 4165 586 4213 et
606 4154 800 4213 faldistorium
823 4151 991 4230 hujusmodi
1013 4155 1097 4215 stabit

315 4253 351 4311 ad
372 4252 502 4314 dextram
525 4253 650 4333 Legati,
673 4257 722 4333 qui
744 4255 853 4315 sedebit
876 4258 902 4314 in
936 4257 992 4316 alio
1013 4256 1097 4316 simili

314 4355 473 4417 faldistorio
493 4368 559 4416 ante
577 4356 705 4416 medium
727 4358 827 4415 altaris
849 4356 982 4418 interlin
1003 4357 1096 4435 gradu

315 4466 343 4515 et
355 4459 442 4536 plano
453 4459 532 4517 illius
543 4458 594 4516 sibi
610 4470 724 4537 parato,
736 4459 852 4520 renibus
867 4458 953 4519 altari
963 4458 1096 4518 reversis.

318 4556 496 4636 Neapolitani
522 4578 589 4620 rero
622 4561 649 4619 in
672 4562 762 4639 eapite
785 4561 893 4640 primae
915 4560 1041 4620 banchae
1061 4559 1098 4619 ad

317 4660 463 4719 sinistram
476 4659 580 4740 Legati
602 4682 632 4722 se
648 4663 793 4737 locabant,
811 4676 840 4723 et
858 4666 979 4744 praelati
1000 4682 1098 4725 omncs

317 4763 347 4821 in
368 4762 427 4821 suis
450 4762 636 4823 inciserunt.

357 4861 499 4923 Omnibus
520 4867 561 4925 sie
582 4865 767 4937 sedentibus,
790 4878 893 4945 surget
913 4866 949 4928 l).
972 4864 1099 4943 Stepha-

314 4982 368 5024 nus
395 4963 429 5025 de
450 4963 556 5026 Narnia
577 4963 714 5025 Notarius
735 4966 872 5027 Gamerae
902 4966 1097 5045 Apostolicae,

315 5086 382 5127 cum
401 5066 511 5146 Legata
532 5087 565 5129 ex
588 5067 668 5130 Urbe
689 5069 726 5128 ad
751 5068 829 5129 bunc
860 5069 945 5129 linem
974 5068 1078 5129 missus
1091 5112 1100 5142 ,

320 5180 348 5230 et
364 5169 460 5229 habita
476 5170 613 5249 aLegato
628 5172 754 5244 licentia,
767 5182 845 5231 stans
860 5175 887 5231 in
903 5170 1103 5231 cornuEran·

313 5273 379 5349 gelii
395 5271 430 5329 nd
452 5271 596 5332 sinistram
621 5269 744 5351 Legati,
760 5272 788 5332 in
804 5274 901 5353 primo
918 5272 962 5332 rel
977 5270 1102 5332 secundo

316 5371 410 5449 gradu
429 5371 541 5444 altaris,
559 5373 617 5432 alta
644 5392 715 5434 roce
736 5374 807 5453 legit
828 5374 937 5453 hullagu
959 5373 1103 5434 facultatis

317 5474 513 5535 Cardinolisa
547 5475 688 5555 principio
709 5475 745 5534 ad
766 5475 868 5549 finem,
902 5471 987 5550 cujus
1021 5484 1102 5534 tenor

317 5578 383 5638 talis
404 5585 467 5636 est:

357 5707 374 5739 ιι
390 5680 550 5743 Alexander
568 5678 719 5761 episcopus
735 5679 848 5745 Serrus
866 5679 1030 5743 Servorum
1041 5679 1103 5742 Dei,

1833 586 1945 673 (usn

1160 732 1271 792 Dilecto
1292 726 1352 790 lilio
1382 725 1505 789 iohanni
1537 722 1614 785 tituli
1637 721 1761 783 Sanctae
1796 720 1945 784 Susamrae

1159 833 1333 913 presbytero
1353 827 1511 897 cardinali,
1525 825 1562 885 ad
1583 842 1707 903 regnum
1728 822 1851 883 Siciliae
1873 823 1948 882 citra

1159 935 1290 995 Pharum
1302 942 1402 992 nostro
1421 940 1448 990 et
1460 926 1728 1005 Sedisllpnstolieae
1739 922 1856 1003 Legata
1868 925 1950 984 salu·

1160 1043 1218 1096 tem
1239 1044 1268 1093 et
1289 1030 1483 1111 Apostolicam
1507 1026 1739 1088 benedictionem.
1762 1022 1850 1084 Licet
1869 1034 1953 1102 pote·

1160 1136 1239 1195 statis
1259 1130 1409 1213 plenitudo
1429 1129 1557 1208 desuper
1579 1128 1660 1187 nobis
1679 1126 1836 1187 commissa
1854 1128 1906 1198 sit,
1927 1137 1954 1185 et

1161 1234 1290 1296 mairersi
1311 1231 1409 1312 gregis
1428 1228 1570 1291 Dominici
1586 1240 1655 1300 etc,
1668 1229 1765 1287 divina
1786 1226 1954 1305 disponente

1162 1334 1311 1397 clementia
1332 1350 1436 1393 curam
1459 1330 1635 1402 habeamus,
1657 1327 1742 1388 linem
1772 1338 1873 1388 tamen
1897 1328 1953 1387 hu·

1163 1454 1262 1497 manne
1301 1432 1493 1515 possibilitatis
1529 1431 1665 1492 excedere
1701 1449 1758 1491 non
1802 1431 1954 1503 valentes,

1164 1536 1445 1613 considerandoque,
1460 1533 1537 1609 quod
1557 1533 1635 1592 eirea
1658 1531 1786 1610 singula,
1808 1550 1864 1610 per
1887 1548 1957 1589 ιιος·

1165 1640 1310 1718 metipsos,
1331 1636 1510 1715 spostolicae
1538 1633 1627 1693 Sedis·
1647 1633 1776 1693 debitum
1804 1632 1958 1693 absolvere

1166 1759 1222 1801 non
1244 1755 1410 1819 possumus,
1431 1751 1636 1811 nonnunquam
1656 1736 1783 1793 Sanctae
1808 1732 1958 1794 Romanae

1165 1838 1309 1900 Ecclesiae
1340 1836 1507 1898 Cardinales
1540 1834 1568 1893 iu
1601 1844 1715 1913 partem
1751 1832 1958 1893 sollicitudinis

1165 1942 1349 2010 assumimus,
1362 1947 1408 2008 ut,
1426 1939 1493 2016 ipsis
1515 1938 1590 1995 vices
1605 1946 1716 1996 nostras
1734 1933 1956 2014 supplentibus,

1168 2043 1357 2103 ministerium
1379 2039 1460 2099 nobis
1480 2038 1678 2109 commissum,
1696 2035 1824 2097 meunda
1853 2036 1956 2115 pietate

1167 2160 1311 2223 superna,
1331 2141 1454 2212 facilins,
1482 2139 1649 2210 efficacius,
1670 2149 1699 2199 et
1717 2138 1872 2198 salubrius
1892 2155 1958 2197 exe·

1168 2261 1303 2323 quamnr.
1322 2242 1397 2302 Sane
1413 2252 1565 2320 postquam
1584 2242 1680 2302 clarae
1700 2240 1865 2300 memoriae
1885 2240 1959 2299 Fer·

1167 2344 1307 2403 dinandus
1324 2341 1358 2403 de
1369 2343 1513 2421 dragouia
1529 2341 1646 2402 Siciliae
1661 2343 1736 2401 citra
1749 2340 1888 2400 Pharum
1904 2350 1957 2401 ete.

1168 2448 1243 2507 siout
1253 2446 1376 2506 linmiuo
1390 2444 1513 2524 placuit,
1527 2444 1614 2505 rebus
1633 2444 1688 2503 luit
1704 2442 1844 2503 humanis
1859 2460 1957 2503 exem·

1169 2559 1260 2627 ptus,
1283 2544 1340 2607 Nos
1371 2544 1582 2607 considerantes
1615 2544 1692 2622 quod
1727 2544 1902 2604 carissimus
1932 2543 1959 2602 in

1169 2648 1286 2708 Christo
1301 2645 1388 2717 iilius,
1401 2643 1703 2723 videlicetdlpbonsus
1717 2642 1897 2704 Ferdinandi
1912 2661 1958 2703 re·

1170 2746 1214 2825 gis
1232 2745 1453 2827 primogenitus,
1469 2754 1540 2804 tunc
1555 2743 1706 2805 Calabriae
1721 2744 1803 2816 Dux,
1818 2744 1858 2803 ad
1873 2763 1957 2824 prac-

1170 2869 1233 2910 sens
1249 2851 1276 2909 in
1296 2848 1372 2909 dieto
1389 2866 1479 2926 regno
1498 2858 1526 2907 et
1540 2858 1599 2907 tota
1615 2856 1706 2920 terra,
1723 2865 1802 2925 quae
1820 2858 1866 2907 est
1882 2845 1956 2906 cirea

1170 2950 1318 3022 Pharum,
1342 2965 1415 3025 quae
1434 2943 1556 3021 dejure
1579 2957 1608 3006 et
1626 2947 1806 3027 proprietate
1833 2946 1955 3008 Sanctae

1171 3051 1316 3111 Romanae
1330 3049 1475 3109 Ecclesiae
1494 3058 1665 3120 noscuntur,
1677 3066 1771 3127 usque
1783 3048 1820 3107 ad
1837 3047 1955 3109 confinia

1172 3163 1316 3213 terrorum
1336 3148 1423 3230 ipsius
1440 3147 1606 3220 Ecclesiae,
1626 3160 1742 3228 excepta
1766 3148 1886 3209 civitate
1906 3167 1957 3207 no-

1172 3264 1232 3313 stra
1250 3253 1448 3314 Beneventana
1468 3268 1534 3310 cum
1553 3248 1617 3327 ejus
1633 3250 1798 3321 territorio,
1813 3248 1957 3308 districti-

1172 3356 1241 3430 bus,
1263 3365 1292 3414 et
1317 3350 1520 3432 pertinentiis,
1545 3350 1598 3428 ipsi
1616 3348 1799 3409 Ferdinando
1819 3348 1895 3427 Regi
1915 3352 1958 3407 ri·

1172 3477 1243 3535 gore
1262 3454 1448 3514 investiturae
1463 3461 1492 3510 et
1511 3450 1701 3509 concessionis
1727 3467 1781 3528 per
1802 3448 1896 3508 ielieis
1912 3467 1957 3508 re·

1173 3553 1348 3617 cordationis
1362 3550 1559 3611 Innocentium
1575 3549 1681 3628 Papum
1702 3546 1852 3608 Oetaeum
1873 3567 1956 3628 prae·

1174 3658 1350 3717 decessorem
1369 3662 1503 3713 nostrum
1520 3651 1573 3710 sub
1602 3650 1689 3711 certis
1707 3650 1801 3709 modo
1820 3662 1851 3711 et
1869 3652 1959 3711 forma

1174 3757 1318 3818 saetarum
1333 3753 1480 3825 suecessit,
1497 3751 1633 3829 quodque
1648 3749 1890 3830 praedecessores
1908 3768 1961 3809 no-

1175 3858 1227 3919 stri
1245 3856 1367 3917 Romani
1390 3850 1556 3923 Pontifices,
1575 3851 1645 3910 dieti
1672 3850 1766 3929 Regni
1785 3850 1891 3929 Reges,
1909 3848 1957 3926 qui

1177 3978 1231 4039 pro
1248 3968 1379 4036 tempore
1399 3956 1532 4026 inerunt,
1548 3953 1646 4029 inungi
1666 3963 1695 4012 et
1716 3951 1854 4012 coronari
1871 3951 1962 4009 iacere

1176 4067 1404 4127 consueverunt,
1423 4074 1457 4115 ac
1474 4054 1651 4115 intendentes
1668 4064 1702 4114 ut
1718 4054 1814 4113 dictus
1830 4051 1960 4132 Alphen-

1175 4181 1224 4222 sus
1243 4160 1324 4233 Rex,
1351 4157 1417 4218 Sedi
1437 4157 1617 4236 emorousae
1639 4153 1864 4223 devotissimus,
1886 4152 1961 4230 juris

1176 4264 1323 4343 Regni,et
1343 4273 1438 4321 terrae
1456 4260 1673 4339 praedictorum
1695 4277 1730 4318 ae
1759 4257 1903 4336 regalium
1918 4257 1963 4315 in·

1176 4365 1300 4444 signium
1321 4362 1496 4442 plenitudine
1512 4361 1655 4439 gratulari
1674 4378 1708 4419 ac
1730 4358 1850 4419 Statum
1878 4376 1962 4417 suum

1179 4464 1291 4525 firmius
1321 4463 1449 4523 stabilire
1486 4461 1596 4531 valent,
1641 4461 1825 4536 volentesque
1853 4466 1962 4516 tantum

1177 4584 1298 4637 munais,
1315 4574 1402 4644 prout
1420 4563 1507 4623 etiam
1535 4561 1682 4640 praelatus
1711 4560 1879 4639 alphonsus
1904 4559 1964 4619 Rex

1177 4685 1229 4745 per
1256 4683 1323 4725 snos
1341 4664 1477 4743 speciales
1496 4673 1650 4741 propterea
1675 4659 1711 4720 ad
1739 4679 1790 4721 nos
1806 4660 1964 4720 destinatos

1179 4766 1320 4829 Oratores
1335 4783 1402 4826 eum
1420 4764 1553 4823 instantia
1568 4762 1735 4842 postulavit,
1742 4761 1916 4840 adimplere,
1929 4778 1963 4819 ac

1178 4870 1276 4931 debitis
1288 4866 1513 4928 solemnitatibus
1528 4862 1861 4935 bonorare,eorumdem
1873 4881 1966 4941 prae-

1178 4973 1360 5033 deeessorum
1390 4968 1515 5046 vestigiis
1548 4964 1725 5037 inherendo,
1744 4977 1771 5024 et
1797 4963 1834 5021 ad
1861 4975 1889 5024 te
1917 4966 1966 5041 qui

1178 5090 1265 5153 opere
1283 5070 1399 5150 qrtidenx
1424 5080 1523 5148 potens
1542 5087 1572 5127 es
1595 5078 1624 5127 et
1644 5084 1797 5133 sermone.
1824 5084 1859 5125 ac
1878 5083 1964 5143 quem

1180 5174 1207 5233 in
1223 5172 1333 5251 magnis
1350 5182 1500 5250 expertum
1517 5178 1545 5228 et
1558 5168 1676 5240 arduis,
1689 5167 1792 5228 eximia
1808 5166 1965 5246 probitate,

1179 5284 1208 5334 et
1224 5271 1375 5341 fidelitate,
1394 5287 1553 5346 rerumque
1567 5268 1760 5347 gerendarum
1780 5267 1966 5348 experientia,

1180 5394 1214 5435 ae
1231 5372 1386 5454 praecipua
1406 5369 1557 5449 prudentia
1570 5414 1579 5443 ,
1594 5387 1629 5430 ac
1643 5369 1806 5448 integritate
1822 5387 1966 5449 compro·

1181 5476 1281 5538 batum
1316 5474 1470 5546 habemus,
1503 5482 1628 5532 mentem
1661 5482 1789 5530 nostram
1819 5472 1967 5549 potissime

1182 5587 1394 5649 convertentes,
1424 5583 1628 5653 sperantesque
1652 5572 1734 5650 quod
1760 5590 1793 5632 ea
1821 5590 1898 5650 quae
1917 5571 1966 5630 tibi

1182 5680 1347 5743 duxerimus
1373 5676 1598 5750 committenda,
1620 5674 1722 5737 Gratia
1744 5673 1795 5734 tibi
1819 5673 1966 5735 assistente
