4492 6859
326 651 366 710 78
810 646 1091 713 ruttututcsutis
1111 641 1331 716 ttitiocuttiu
1350 648 1503 713 OCTAVI.

363 784 447 844 Ferio
460 795 574 861 quarta,
587 784 637 846 dl.
650 783 777 864 augusti,
793 785 869 846 venit
881 784 918 843 ad
933 785 1040 848 Urbem
1053 803 1104 866 per

321 898 433 965 portam
461 884 560 945 Sancti
588 882 737 945 inurmtii
757 885 793 945 ti.
816 887 954 947 Antonius
974 886 1009 947 de
1035 889 1105 948 Aie-

320 984 435 1045 xaodris
459 980 568 1045 Orator
592 983 765 1046 Ferdinandi
787 984 901 1047 Siciliae
921 999 976 1048 etc.
997 987 1105 1068 Regis,

320 1085 392 1145 horo
425 1102 487 1145 xri.
507 1086 551 1147 rei
573 1085 601 1145 in
620 1087 721 1159 circa3
744 1088 790 1147 cui
811 1099 952 1149 venerunt
988 1089 1103 1149 obviam

319 1181 441 1246 iarniiiae
463 1184 517 1245 88.
539 1184 575 1244 1).
596 1183 631 1246 Ν.
651 1185 769 1265 Papae,
794 1196 824 1247 ct
856 1189 984 1249 omnium
1005 1189 1040 1248 tt.
1068 1189 1102 1252 D.

319 1286 514 1348 Cardinuiium
526 1282 666 1365 (exceptis
682 1286 891 1366 hudcgarensi,
912 1287 1104 1349 Mediolanen-

320 1387 413 1463 sique,
425 1397 454 1447 et
471 1385 505 1447 de
519 1385 669 1459 Columna,
684 1390 734 1465 qui
756 1405 811 1449 uun
829 1388 968 1449 miserunt
982 1389 1104 1451 familias

320 1484 397 1564 suus)
404 1507 414 1559 3
425 1486 547 1547 iamiiiae
557 1486 763 1559 cardinalium,
770 1483 853 1564 jttxta
864 1498 893 1548 et
904 1491 977 1548 intra
990 1499 1103 1569 portam

321 1596 408 1663 prout
423 1602 489 1647 eum
505 1586 693 1666 reperierunt,
706 1598 888 1667 receperunt.
900 1586 957 1649 Per
968 1608 998 1649 se
1008 1600 1102 1651 autern

322 1729 328 1743 .
352 1730 359 1744 .
382 1730 389 1744 .
409 1730 417 1744 .
439 1687 544 1766 recepit
555 1688 647 1767 ipsum
658 1683 743 1762 juxta
755 1689 889 1749 uraceiios
906 1688 979 1750 inter
998 1689 1103 1768 palatia

321 1782 351 1843 S.
366 1784 474 1859 aniiii,
485 1798 513 1847 et
525 1785 556 1847 S.
568 1786 668 1847 Marci.
680 1786 850 1849 hssociatus
863 1787 917 1848 tuit
932 1807 1012 1851 more
1021 1791 1103 1852 solito

322 1885 472 1961 usquead
498 1886 616 1948 domum
648 1887 683 1949 de
708 1887 823 1949 biiiiinis
850 1887 932 1966 juxta
966 1890 1102 1971 hospitale

321 1986 557 2061 hiemannorum,
574 2007 660 2066 quam
673 2008 726 2068 pro
739 1987 912 2053 habitatione
925 2009 976 2051 sua
991 1991 1103 2052 condu-

319 2099 407 2148 xerat.

359 2187 443 2248 Peria
464 2188 559 2259 tertia,
572 2188 621 2250 iu.
643 2190 745 2251 mensis
766 2192 942 2272 septembris,
964 2190 1103 2255 ortaiter-

320 2288 429 2346 sarium
459 2290 649 2350 coronationis
671 2290 725 2352 SS.
745 2291 780 2351 Ι).
803 2292 837 2353 Ν.
860 2293 1015 2354 innocentii
1041 2294 1103 2353 Pa-

316 2406 369 2466 pae
382 2387 456 2449 viii.
474 2387 543 2462 dies,
562 2388 742 2469 pontificatus
763 2393 808 2452 sui
827 2394 892 2453 anni
914 2411 967 2466 tn,
983 2393 1019 2452 it.
1039 2394 1104 2456 Do·

318 2488 413 2548 minus
433 2488 575 2552 ‚iohannes
591 2489 752 2552 Cardinaiis
773 2491 988 2554 mediolanensis
1003 2496 1030 2554 in
1048 2495 1103 2554 ba·

318 2589 398 2649 silica
420 2588 450 2649 S.
473 2590 552 2650 Petri
582 2591 737 2653 celebrarit
757 2593 873 2655 Missam
892 2596 1046 2656 solemnem
1068 2595 1102 2657 de

318 2686 429 2767 Spiritu
456 2687 585 2763 Sancto,
602 2689 679 2771 Pupa
700 2703 729 2753 et
748 2693 948 2757 Cardiuaiibns
966 2715 1102 2775 praesen·

318 2787 408 2860 tibus,
430 2790 458 2849 in
476 2793 648 2869 paramentis
668 2793 766 2852 rubris
789 2813 870 2855 more
893 2805 1040 2857 consueto.

360 2888 468 2950 Eadem
487 2889 532 2951 dia
554 2889 603 2950 iu.
624 2892 812 2972 septembris,
834 2892 908 2955 inter
932 2911 1046 2968 xxrrrt,
1075 2908 1103 2958 et

320 2990 443 3066 primam
475 2989 578 3050 horam
598 2992 711 3064 noctis,
732 2992 818 3053 rediit
837 2993 873 3051 ad
891 2993 1000 3055 Urbem
1026 2994 1099 3058 Rev.

319 3087 459 3150 Dominus
479 3090 537 3150 Jui.
559 3091 707 3172 episcopus
730 3090 881 3168 Ostiensis,
892 3087 1053 3156 destinatis
1071 3095 1102 3156 S.

319 3187 398 3250 Petri
418 3187 454 3249 ad
468 3191 589 3251 Vincula
604 3205 795 3274 nuncupatus,
806 3215 840 3257 er
861 3196 964 3268 ianua,
981 3196 1029 3255 cui
1051 3214 1102 3256 re·

320 3301 425 3351 nerunt
445 3291 559 3354 obviam
580 3291 643 3352 iiii.
655 3292 716 3354 OD.
739 3296 960 3376 Andegarensis,
983 3296 1102 3356 Racho-

321 3392 460 3463 natensis,
481 3390 513 3451 S.
533 3392 698 3466 Clementis,
715 3393 892 3468 Parmensis,
913 3395 947 3457 de
969 3395 1103 3470 Sabellis,

318 3501 347 3551 et
368 3491 403 3550 de
423 3490 587 3563 Columna,
609 3503 754 3570 turriquam
776 3494 966 3573 particulares
994 3496 1103 3566 amici,

319 3591 370 3665 qui
391 3607 456 3648 enm
478 3608 567 3667 usque
593 3590 629 3649 ad
649 3592 788 3669 palatium
808 3593 1003 3672 hpostoiicum
1025 3594 1100 3673 apud

320 3690 352 3748 S.
373 3687 507 3762 Petrum,
528 3706 586 3767 quo
607 3689 740 3770 primitus
760 3692 797 3751 nd
819 3690 873 3753 88.
894 3692 927 3753 D.
945 3692 979 3753 Ν.
994 3693 1101 3774 Papam

318 3790 470 3866 equitavit,
485 3789 710 3850 associaverunt.

354 3890 439 3951 Peria
453 3900 567 3968 quarta,
580 3888 628 3950 43.
641 3891 745 3951 mensis
759 3891 937 3971 septembris,
946 3891 1018 3953 hora
1028 3908 1103 3956 xtu.

321 3993 366 4053 rel
389 3992 490 4065 circa,
513 3990 709 4053 veneruntad
730 3990 840 4053 Urbem
864 3992 941 4074 hiag.
963 3992 1102 4054 Dominus

320 4090 428 4153 Enicus
442 4090 538 4171 Lopez
549 4091 584 4152 de
594 4091 730 4154 Mendoza
742 4110 837 4153 comes
850 4093 998 4156 Tondiiiac
1011 4091 1056 4178 (i)
1074 4104 1103 4155 et

321 4193 379 4252 duo
399 4191 612 4273 prothonotarii
634 4192 782 4271 apostolici
800 4193 829 4251 in
850 4196 992 4258 mantellis
1012 4195 1104 4274 longis

321 4314 388 4357 cum
404 4297 539 4376 cappellis
555 4299 644 4379 nigris
661 4297 872 4379 prothonotarii
898 4298 957 4358 sine
978 4297 1103 4378 capuciis

320 4406 349 4456 et
375 4396 530 4475 capucinis,
549 4395 688 4460 Oratores
709 4398 754 4458 tii.
774 4395 945 4459 Perdinandi
963 4395 1050 4477 Regis
1075 4408 1105 4459 et

316 4493 465 4561 ,Elisabeth
487 4496 614 4576 Reginae
633 4496 783 4571 Casteiiae,
799 4496 913 4572 Leonis,
925 4500 1104 4577 hragonum,

319 4608 349 4657 et
369 4597 485 4657 Siciliae
505 4608 573 4671 etc,
584 4617 639 4677 pro
659 4597 816 4660 obedientia
837 4598 1102 4679 praestandamissi.

321 4698 464 4758 Fecerunt
484 4695 637 4777 prandium
658 4698 694 4757 ad
715 4699 805 4760 tontes
815 4699 950 4772 Milures3
964 4709 1104 4759 venerunt

319 4795 359 4856 eis
376 4797 492 4858 obviarn
514 4797 638 4859 familiae
659 4797 695 4859 R.
716 4797 752 4858 D.
770 4797 978 4871 cardinaitom,
998 4809 1027 4859 ct
1048 4796 1102 4859 88.

363 4996 397 5055 (1)
422 4993 468 5044 iiie
483 4999 544 5056 post
561 5006 659 5053 annos,
675 5007 723 5056 pro
741 4997 843 5058 regibus
868 4996 985 5057 hispanis
1007 4995 1104 5045 acriter

325 5075 437 5124 certarit
453 5078 477 5123 in
494 5074 579 5136 Regno
595 5072 766 5136 Neapolitano
784 5076 832 5125 sub
849 5075 992 5134 conscire,
1009 5079 1036 5125 ei
1051 5076 1105 5126 ita·

325 5154 367 5202 iici
388 5155 500 5202 nominis
527 5153 623 5214 gioriae
651 5151 828 5204 detonsionem
846 5156 988 5216 assumpsit
1014 5161 1104 5205 contra

325 5233 411 5282 Gaiios
438 5232 510 5281 italis
538 5230 727 5282 maledicentes.
747 5232 808 5283 Vide
835 5232 973 5295 epistolam
1000 5234 1106 5284 Antonii

325 5311 424 5363 Galatei
448 5323 463 5359 a
487 5311 638 5360 doctissimo
661 5314 719 5361 viro
743 5313 841 5375 togata
857 5312 905 5362 hiai
921 5311 1051 5362 Cardinaii
1079 5314 1104 5363 iu

324 5389 387 5439 viii.
398 5391 529 5440 volumine
540 5391 664 5454 spiciiegii
676 5393 775 5441 romani
785 5392 892 5451 editam,
901 5396 928 5441 et
940 5396 1104 5443 monumenta

326 5483 399 5518 ame
415 5470 524 5519 coiiecta
551 5471 576 5519 iu
600 5470 665 5520 iibro
689 5473 732 5521 eui
749 5472 851 5520 tituius=
870 5492 880 5510 ·
899 5470 969 5522 Delio
994 5473 1056 5533 stiria
1078 5472 1107 5521 di

324 5547 453 5607 Barlattn,
468 5548 592 5599 raiozioaa
607 5552 701 5598 storicu
717 5562 729 5599 a
744 5548 855 5598 raccolta
876 5550 1002 5611 completo
1017 5550 1044 5599 di
1063 5550 1106 5600 do·

326 5630 434 5677 cementi
450 5629 509 5677 editi
524 5629 554 5679 ed
569 5629 656 5678 inediti
668 5640 716 5690 per
732 5627 756 5677 io
769 5628 856 5689 primu
875 5628 943 5677 uoltu
964 5628 1053 5677 rianiii
1077 5629 1106 5678 sd

324 5709 446 5759 iiiatiroti
461 5706 520 5756 dcli’
530 5720 588 5756 nou.
606 5705 697 5757 Aciiiie
712 5704 859 5756 Graaoraiii.
876 5705 980 5758 Pirama
996 5708 1064 5756 1853.

1845 639 1955 727 (⁴⁴8⁶)

1172 785 1208 847 Ι).
1226 785 1262 846 Ν.
1278 786 1373 865 Papae
1396 804 1478 847 more
1507 782 1610 856 solito;
1631 780 1747 861 etquis
1772 779 1884 843 Comes
1904 796 1957 840 ne·

1171 887 1277 948 sciebat
1308 885 1435 966 expedite
1462 886 1540 963 ioqui
1567 883 1714 955 latinum,
1741 877 1957 961 prothonotarii

1171 987 1379 1067 responderunt
1391 985 1537 1052 alternatis
1549 983 1669 1054 vicibus,
1681 980 1890 1062 recipientibus
1899 996 1956 1039 eos.

1171 1089 1355 1149 intraverunt
1384 1105 1435 1165 per
1465 1096 1578 1165 portum
1597 1082 1731 1143 viridarii
1759 1092 1789 1141 et
1820 1080 1958 1139 associati

1170 1186 1290 1247 suntad
1310 1187 1447 1265 palatium
1468 1185 1642 1248 Ursinurum
1662 1184 1690 1242 in
1713 1182 1824 1262 Campo
1850 1180 1958 1240 Florae

1171 1305 1345 1368 procorum
1368 1286 1491 1365 hospitio
1512 1295 1676 1365 preparato.

1210 1387 1293 1449 Faria
1305 1386 1440 1457 secunda,
1449 1385 1499 1446 l8.
1515 1385 1618 1445 mensis
1628 1380 1804 1463 septembris,
1817 1382 1848 1440 in
1864 1381 1959 1459 prima

1170 1499 1197 1548 et
1212 1487 1313 1567 majori
1330 1488 1397 1547 auia
1413 1486 1515 1545 Palatii
1528 1484 1766 1565 Apostoliciapud
1782 1483 1817 1542 S.
1833 1481 1958 1543 Petrum

1168 1587 1222 1649 luit
1236 1586 1384 1667 pubiicum
1399 1587 1600 1647 consistorium
1622 1604 1677 1665 pro
1697 1583 1877 1646 Oratoribus
1895 1582 1956 1642 ite·

1169 1694 1214 1770 gis
1231 1700 1259 1752 et
1279 1687 1406 1767 Reginae
1425 1686 1592 1765 Hispaniae,
1613 1685 1663 1763 qui
1684 1685 1718 1743 iis
1739 1684 1840 1744 diebus
1868 1699 1959 1743 rene

1171 1801 1240 1851 runt
1259 1808 1313 1869 pro
1333 1787 1489 1849 obedientia
1507 1786 1561 1846 88.
1580 1785 1615 1845 D.
1631 1783 1665 1845 Ν.
1684 1783 1959 1865 praestandacau-

1170 1907 1230 1950 sam
1251 1887 1410 1969 proposuit,
1430 1887 1489 1947 sive
1511 1886 1735 1945 commissionem
1751 1883 1786 1943 O.
1811 1880 1959 1944 Octavia·

1169 2007 1243 2063 nus3
1255 1989 1368 2049 interim
1390 1998 1529 2051 venerunt
1550 1984 1687 2065 praedicti
1710 1984 1854 2047 Oratores
1874 1984 1959 2063 quia

1171 2088 1225 2150 88.
1242 2087 1277 2148 D.
1295 2086 1328 2148 Ν.
1340 2089 1447 2168 recepti
1466 2096 1531 2148 sunt
1545 2085 1582 2145 ad
1595 2088 1726 2147 osculum
1741 2085 1830 2166 pedis,
1843 2098 1960 2159 menus,

1170 2201 1200 2250 et
1220 2190 1288 2251 oris.
1308 2186 1448 2250 Oratores
1466 2195 1721 2266 praesentaverunt
1734 2185 1836 2247 deinde
1858 2185 1960 2266 dupii-

1173 2408 1268 2465 monc,
1277 2400 1305 2451 et
1317 2405 1407 2449 unum
1424 2389 1644 2449 instrumentum
1656 2406 1798 2468 procuras
1811 2388 1903 2448 etiam
1916 2388 1963 2447 ia-

1174 2491 1274 2551 tioum.
1294 2490 1330 2549 it.
1349 2489 1381 2549 Ρ.
1394 2488 1429 2548 Ι).
1445 2489 1625 2549 Αιιῑοιιίοιιιιι
1639 2489 1786 2568 episcopus
1800 2486 1962 2549 Auriensis.

1174 2591 1311 2653 Petarius
1331 2591 1402 2670 legit
1421 2590 1519 2651 literas
1539 2589 1722 2668 hispanicas,
1737 2586 1838 2648 deinde
1852 2587 1963 2649 Hiero·

1171 2710 1276 2773 aymus
1296 2691 1430 2753 Beliunus
1448 2690 1631 2763 secretarius,
1653 2690 1754 2750 latinas
1784 2698 1813 2750 et
1844 2689 1961 2750 instru-

1171 2802 1319 2865 oientum3
1335 2791 1438 2869 quibus
1460 2792 1539 2852 lectis
1559 2791 1596 2851 O.
1618 2791 1757 2851 Antonius
1771 2788 1809 2850 de¹
1826 2787 1960 2850 Giraidi-

1170 2891 1213 2952 nis
1232 2890 1472 2953 Prothonotarius
1492 2892 1676 2970 apostolicus,
1695 2892 1723 2949 in
1744 2889 1878 2950 ordinem
1896 2899 1960 2950 ter-

1169 2994 1227 3053 tius
1248 2990 1368 3064 Orator,
1390 2991 1457 3052 iecit
1477 2991 1646 3064 orationem,
1667 2975 1724 3069 qua
1745 2988 1823 3050 linita
1847 2989 1905 3050 88.
1923 2989 1958 3049 Ι).

1170 3093 1204 3154 Ν.
1227 3094 1303 3155 dedit
1324 3110 1515 3174 responsum,
1537 3102 1565 3152 et
1585 3092 1640 3152 alia
1663 3109 1744 3152 more
1776 3091 1862 3152 solito
1890 3103 1959 3152 sunt

1172 3194 1333 3256 observata.

1211 3296 1294 3356 Feria
1317 3303 1438 3373 quarta,
1465 3293 1515 3354 at.
1539 3293 1642 3353 mensis
1669 3290 1855 3372 septembris,
1877 3292 1958 3350 circu

1170 3384 1394 3457 horamxxuu.
1409 3394 1452 3454 rei
1466 3405 1498 3454 ut
1512 3391 1599 3471 aiiqui
1611 3392 1742 3453 dicebant
1760 3390 1809 3450 diu
1833 3400 1899 3449 ante
1917 3390 1957 3449 ii·

1171 3500 1228 3559 lam
1249 3495 1364 3565 horam,
1383 3504 1477 3555 tamen
1498 3493 1596 3554 eadem
1618 3493 1673 3567 die,
1684 3492 1720 3553 tt.
1733 3493 1761 3552 in
1772 3491 1845 3554 Chr.
1867 3490 1957 3552 Pater

1169 3610 1197 3662 et
1217 3596 1366 3668 Durninus,
1384 3593 1523 3655 [iorninus
1542 3592 1658 3654 Gabriel
1683 3594 1757 3654 tituli
1778 3592 1956 3667 Sanctorum

1170 3698 1266 3779 Sergii
1287 3711 1317 3759 et
1336 3696 1455 3769 bacchi,
1474 3694 1631 3777 Presbyter
1647 3694 1806 3756 Cardinaiis
1827 3691 1956 3774 Agricu-

1169 3802 1208 3861 sis
1227 3796 1390 3877 rttlgariter
1411 3806 1617 3877 nuncupatus,
1640 3793 1757 3856 Ordinis
1783 3794 1958 3869 hiiourum,

1171 3902 1229 3962 rita
1240 3900 1356 3961 iunctus
1371 3909 1425 3969 est,
1442 3897 1525 3976 cujus
1543 3898 1636 3956 anima
1653 3896 1814 3973 reqtriescat
1828 3895 1858 3954 in
1874 3912 1957 3974 pace.

1170 4002 1251 4063 Fecit
1272 4009 1520 4071 testamentum,et
1531 4008 1697 4059 executores
1711 3994 1871 4056 testamenti
1890 3993 1956 4053 itti.

1171 4102 1201 4162 iu
1219 4100 1337 4164 Christo
1355 4100 1456 4161 Patres
1477 4110 1506 4160 et
1519 4098 1554 4158 D.
1570 4097 1604 4158 D.
1624 4094 1913 4168 vicecancellarium,
1928 4106 1959 4156 at

1172 4201 1326 4262 Ascanium
1346 4199 1524 4272 cardinales,
1542 4210 1570 4259 et
1588 4196 1623 4257 i).
1640 4197 1778 4257 Aioisium
1794 4196 1828 4257 de
1848 4196 1958 4258 blaiseis

1172 4302 1342 4382 scriptorem
1362 4300 1558 4379 Apostolicum
1580 4310 1633 4360 etc.
1655 4294 1708 4379 (P).

1175 4445 1267 4454 ——o

1214 4520 1248 4581 (2)
1262 4517 1351 4568 Frater
1367 4515 1471 4567 Gabriei
1488 4518 1624 4579 iiangonus
1640 4516 1808 4574 Mutinensis,
1825 4514 1894 4565 filins
1911 4527 1959 4565 eo·

1174 4598 1244 4648 mitis
1255 4596 1331 4648 Guidi
1342 4596 1457 4659 iiangoni
1468 4608 1501 4645 ex
1519 4596 1616 4645 rustica
1633 4595 1771 4652 juvencula
1789 4596 1815 4644 in
1831 4606 1894 4657 agro
1910 4593 1959 4644 ve-

1174 4679 1279 4728 roneusi
1294 4676 1386 4726 illicito
1405 4680 1482 4726 uatus
1498 4674 1647 4735 concubitu,
1661 4677 1687 4724 in
1705 4675 1809 4725 domum
1825 4673 1958 4726 adductus

1173 4762 1329 4821 paternam,
1345 4760 1371 4806 et
1387 4768 1402 4804 a
1419 4767 1534 4805 noverca
1551 4756 1616 4805 maie
1634 4759 1767 4817 acceptus,
1777 4760 1836 4815 post
1853 4753 1957 4805 obitum

1173 4837 1306 4900 genitoris.
1322 4836 1355 4885 ad
1370 4835 1502 4886 Panoooes
1519 4834 1649 4894 secessit,
1666 4834 1709 4884 ubi
1736 4834 1824 4883 habitu
1850 4837 1957 4897 sumpto

1174 4916 1197 4965 S.
1214 4914 1354 4973 Francisci,
1371 4914 1420 4963 sub
1437 4912 1572 4976 disciplina
1588 4914 1626 4963 io.
1643 4912 1789 4974 Capistraui
1801 4925 1851 4962 non
1869 4914 1955 4965 minus

1173 4995 1292 5044 doctriua
1308 5006 1384 5056 quam
1401 4994 1498 5055 pietate
1514 4993 1638 5052 iiiustris,
1656 4992 1807 5055 magistrum
1832 4995 1956 5055 aequarit

1175 5072 1346 5125 concionibus
1363 5072 1417 5122 suis
1429 5108 1437 5127 ,
1451 5071 1555 5133 quibus,
1570 5072 1630 5133 iiegi
1647 5084 1704 5121 cum
1723 5072 1880 5121 innotuisset
1905 5072 1958 5122 iia·

1175 5152 1245 5203 thiae
1262 5150 1391 5209 Corvino,
1407 5153 1516 5199 vocatus
1534 5151 1558 5197 in
1576 5150 1660 5198 auiam
1678 5154 1704 5199 ei
1721 5149 1894 5212 iegationibus
1911 5151 1957 5200 ad·

1174 5233 1259 5283 motus
1275 5231 1308 5281 ad
1323 5229 1454 5291 Principes
1471 5227 1590 5286 ricinos,
1608 5228 1633 5278 in
1650 5228 1718 5277 beiio
1735 5231 1826 5277 contra
1844 5228 1955 5280 Boemos

1175 5316 1201 5363 et
1221 5312 1330 5362 Paiones
1357 5311 1450 5370 iiegern
1477 5312 1653 5369 prosecutus,
1670 5306 1738 5371 apud
1754 5305 1954 5370 iiratisiariam,

1175 5402 1267 5453 magna
1283 5402 1315 5438 ex
1332 5391 1407 5450 parte
1423 5388 1514 5435 auctor
1530 5386 1617 5435 extitit
1633 5386 1671 5435 rei
1690 5385 1756 5435 bene
1771 5389 1862 5447 gestae
1879 5391 1906 5437 et
1918 5388 1955 5437 te·

1175 5469 1231 5519 iicis
1255 5479 1386 5517 armorum
1412 5464 1507 5515 exitus.
1523 5463 1595 5513 Pacis
1612 5464 1742 5527 interpres
1759 5469 1827 5514 inter
1844 5464 1953 5516 brideri-

1174 5560 1233 5597 cum
1250 5548 1435 5610 imperatorem
1451 5547 1477 5592 et
1493 5544 1613 5593 linthium
1629 5542 1752 5606 Ungariae
1769 5544 1873 5606 Regem,
1884 5558 1953 5596 struo

1175 5627 1243 5677 aiot.
1266 5637 1322 5675 eam
1350 5624 1487 5673 conclusit.
1505 5622 1531 5672 in
1559 5623 1661 5672 hostria
1679 5624 1791 5673 vicarius
1818 5624 1954 5686 praeiuii;

1174 5704 1312 5767 inquisitor
1328 5716 1342 5752 a
1358 5702 1402 5751 Pio
1418 5702 1447 5752 ii.
1464 5704 1614 5762 institutus,
1631 5703 1732 5751 haeresi
1754 5702 1883 5754 latissime
1903 5716 1952 5765 per
