4492 6859
290 614 353 676 984

288 820 290 825 ,
333 751 428 830 igitur
444 747 593 829 Neapolim
610 747 793 819 constitutas,
805 744 925 805 conveni
938 742 1078 807 illustris.

293 853 459 930 Principem
481 851 544 911 Don
563 848 746 910 Fridericum
760 845 925 925 Principem
944 842 1081 904 Altamu-

294 969 345 1011 rac
374 949 494 1010 lratrem
524 948 662 1009 Sereniss.
685 946 774 1025 Regis
806 942 1008 1024 Neapolitani,
1028 961 1081 1003 eo·

292 1054 390 1111 mitem
412 1048 568 1121 Raciliam,
585 1038 754 1108 dibericum
769 1045 894 1117 Carasa,
917 1043 1081 1105 iohannem

295 1150 450 1210 Antonium
487 1147 633 1220 Caldora,
667 1158 695 1207 et
731 1145 891 1207 iohannem
925 1146 1080 1204 Antonium

294 1249 406 1311 Caralia
444 1248 552 1307 nobiles
585 1246 783 1326 Neapolitanos
817 1263 872 1323 pro
904 1243 1081 1304 ordinatione

297 1348 491 1410 coronationis
524 1347 704 1408 serenissimi
726 1345 815 1425 Regis
846 1343 984 1422 Alpbonsi
1005 1342 1082 1402 Sici-

227 1471 230 1478 ·
296 1452 349 1510 liae
375 1459 431 1509 etc.
454 1449 563 1527 Regis,
592 1466 643 1527 per
674 1450 767 1527 ipsum
800 1446 910 1525 Regem
933 1447 1083 1524 deputatos

296 1553 325 1611 in
347 1551 433 1611 domo
453 1548 593 1629 praedicti
612 1548 839 1621 lionFriderici,
860 1558 889 1606 et
910 1546 951 1605 eis
971 1562 1083 1605 memo-

297 1652 370 1710 riale
402 1670 454 1729 per
477 1668 521 1711 me
546 1660 742 1729 conceptum,
770 1650 830 1708 sive
864 1647 893 1705 in
925 1664 959 1705 eo
988 1655 1084 1705 notata

297 1753 413 1831 singula
435 1751 573 1830 proposui
597 1749 781 1810 assimiliter
805 1747 925 1825 singuiis
942 1755 1084 1825 oportune

297 1851 496 1931 providerent:
508 1852 544 1909 ad
562 1868 635 1929 qnae
650 1851 763 1929 singula
774 1866 878 1910 eorum
890 1846 1085 1924 responsiones

296 1953 431 2013 annotavi
451 1962 542 2031 prout
560 1969 595 2010 ex
613 1952 673 2030 ipso
688 1949 875 2023 memoriali,
891 1944 979 2022 cujus
1003 1958 1085 2006 tenor

298 2054 363 2112 talis
381 2065 434 2124 est,
452 2070 487 2110 ac
503 2068 605 2111 eorum
625 2049 855 2130 responsionibus
876 2049 985 2107 clarius
999 2056 1085 2124 patet.

341 2153 384 2213 Dc
406 2154 612 2214 convocatione
634 2153 857 2229 praelatorum,
888 2158 917 2208 et
938 2147 1085 2207 Raronum

298 2254 392 2334 Regni
405 2289 443 2300 -
456 2253 622 2332 Responsio:
635 2262 701 2311 snat
713 2249 857 2310 vocati-
870 2248 912 2309 De
923 2246 1023 2308 ordine
1036 2266 1088 2308 re-

300 2355 422 2436 cipiendi
437 2354 579 2432 Legatum
597 2386 633 2397 -
649 2350 817 2430 Responsio:
830 2349 908 2427 quod
922 2368 957 2411 ec
977 2347 1086 2421 ordine,

304 2466 392 2535 prout
412 2473 468 2533 ego
487 2452 653 2512 ordinarem
673 2451 860 2529 reciperetur.
877 2481 918 2492 -
933 2446 1087 2508 Raldacbi-

307 2572 376 2614 num
398 2571 453 2632 pro
472 2551 581 2631 liegato
597 2582 633 2594 -
656 2550 823 2621 Responsio:
845 2547 1012 2609 ordinatum
1033 2558 1089 2622 est,

305 2666 333 2714 et
354 2654 481 2733 deputati
503 2660 572 2710 sunt
593 2651 685 2723 certi,
708 2648 789 2722 illud,
816 2667 907 2728 prope
939 2648 1086 2710 ecclesiam

305 2754 532 2834 Neapolitanam,
552 2763 704 2832 postquam
726 2749 853 2830 laegatus
875 2750 944 2809 illuc
965 2749 1089 2822 venerit,

302 2855 518 2926 custodientes,
553 2864 586 2912 ut
606 2850 716 2931 [iegato
738 2851 825 2911 libere
852 2850 1026 2929 assignetur.
1048 2882 1087 2893 -

306 2955 469 3018 Partitores
482 2952 670 3026 Raldacbini,
686 2950 827 3030 duplicati
843 2995 852 3025 ,
867 2951 913 3012 vel
933 2949 1088 3028 triplicati,

176 3112 180 3119 .
302 3058 345 3115 ita
367 3057 444 3134 quod
461 3056 566 3135 possint
585 3055 697 3134 saepius
719 3055 890 3114 mutari-
912 3052 1089 3132 Responsio:

304 3156 413 3218 nobiles
428 3156 547 3217 Sedinm
568 3157 645 3216 illius
668 3156 754 3230 viae,
776 3174 828 3234 per
851 3172 937 3232 quarn
953 3155 1014 3227 ibit,
1029 3154 1090 3213 sine

308 3267 391 3319 muta
410 3256 483 3317 illud
515 3257 707 3336 portabunta
730 3267 814 3336 porta
847 3254 975 3315 civitatis
998 3272 1090 3333 usque

210 3366 212 3369 ’
308 3358 345 3418 ad
370 3357 522 3419 eeclesiam
544 3355 771 3437 Neapolitanam.
793 3390 834 3404 -
856 3356 908 3417 Via
928 3374 981 3435 per
1003 3372 1091 3433 qnam

309 3459 438 3539 legatus
459 3458 559 3520 debeat
585 3460 696 3519 intrare
718 3460 864 3520 civitatem
886 3466 916 3517 et
938 3457 1034 3516 venire
1055 3456 1090 3514 ad

307 3561 457 3621 ecclesiam
477 3595 508 3605 -
523 3559 699 3638 Responsio:
714 3578 766 3638 per
782 3560 904 3618 Portam
918 3557 1091 3635 Capunriam

308 3672 389 3721 recta
406 3662 461 3719 via.
485 3690 512 3702 -
530 3658 615 3727 Quod
637 3659 684 3719 via
706 3676 722 3716 a
741 3659 850 3718 Sancto
868 3656 983 3719 tatiano
1001 3674 1092 3735 nsque

309 3760 347 3818 ad
367 3770 482 3838 portam
509 3758 683 3839 Gapuariam
704 3770 875 3838 aspergatur
895 3759 988 3817 multa
1016 3775 1093 3834 aqua

312 3872 433 3941 propter
454 3859 604 3938 pulverem
625 3888 663 3903 -
684 3858 856 3937 Responsio:
879 3856 956 3935 qnod
974 3856 1015 3917 sic
1036 3855 1093 3918 liat.

312 3993 352 4007 ·-
376 3959 564 4030 estanoris
584 3959 619 4019 de
638 3977 727 4040 cappa
740 3958 841 4037 begali
859 3960 882 4018 si
896 3958 934 4017 ab
950 3977 985 4019 eo
1002 3957 1093 4036 recipi

316 4066 410 4139 vates,
431 4065 477 4124 vel
499 4062 569 4141 quid
596 4061 674 4121 alind
695 4094 735 4105 -
754 4060 936 4141 Responsio:
966 4059 1036 4118 nibil
1057 4059 1094 4117 ab

314 4186 349 4226 eo
371 4166 533 4244 recipitur,
563 4182 654 4241 neque
688 4182 798 4243 eappa,
826 4180 918 4241 neque
944 4161 1032 4221 alind.
1054 4193 1094 4204 —-

187 4286 194 4299 ·
315 4264 398 4326 Ordo
419 4265 617 4326 observandus
638 4283 690 4344 per
717 4264 883 4344 praelatos,
915 4261 1038 4324 Abbates
1066 4273 1095 4322 et

308 4365 438 4427 Rarnnes
459 4364 574 4444 Regni,
597 4368 624 4424 in
645 4364 809 4443 receptione
831 4362 943 4442 legati,
966 4373 995 4423 et
1014 4363 1095 4433 alias,

309 4487 344 4527 ac
374 4468 403 4524 in
429 4466 476 4526 die
497 4466 691 4526 coronationis
712 4468 741 4525 in
763 4483 845 4526 mane
857 4509 867 4539 ,
888 4463 968 4543 Rege
987 4464 1023 4522 ad
1043 4480 1096 4523 ee·

313 4567 431 4627 clesiam
448 4566 599 4640 veniente,
616 4579 643 4627 ct
658 4577 722 4646 post
736 4566 849 4626 Missam
864 4595 901 4611 -
916 4564 1073 4643 Responsio
1086 4584 1108 4623 ε»

315 4665 459 4746 Legatum
482 4678 511 4728 et
532 4666 641 4745 Regem
661 4667 831 4746 praecedant
853 4668 1001 4738 Raroncs,
1023 4683 1096 4743 quos

313 4779 474 4848 sequantur
493 4767 655 4841 Oratores,
677 4779 705 4828 et
733 4778 796 4848 post
818 4768 946 4848 Regem,
971 4769 1017 4827 vel
1036 4766 1096 4828 ae-

314 4882 415 4950 gatum
439 4871 559 4950 praelati
591 4888 644 4929 sno
664 4869 788 4944 ordine,
821 4871 859 4930 ita
892 4881 986 4930 tamen
1018 4869 1096 4947 quod

312 4972 444 5051 praelati,
466 4972 516 5049 qui
538 4989 605 5031 cum
627 4969 737 5049 begato
759 4982 915 5042 venerunt,
934 4973 1006 5031 inter
1022 4971 1097 5051 ipsos

313 5073 457 5152 praelatos
471 5072 598 5152 primum
612 5072 709 5131 locum
720 5071 958 5133 obtineant—Si
970 5070 1097 5151 legatus

315 5173 394 5234 linita
412 5172 499 5233 biissa
521 5176 550 5233 in
572 5174 617 5235 die
638 5175 830 5235 coronationis
851 5174 889 5234 sit
907 5173 1017 5253 Regem
1038 5174 1097 5233 ali·

319 5277 388 5339 cubi
408 5276 604 5337 associaturus
617 5309 654 5320 -
672 5275 847 5355 Responsio:
862 5292 954 5354 usque
973 5274 1008 5333 ad
1026 5293 1098 5355 por·

316 5391 376 5439 tam
396 5380 531 5440 ecclesiae
549 5387 684 5455 tantum,
704 5377 833 5438 similiter
859 5389 887 5440 et
909 5379 1041 5459 praelati.
1058 5411 1096 5421 —

316 5479 564 5561 assistensbegatt
598 5502 653 5562 pro
666 5482 709 5545 die
723 5481 914 5542 coronationis
927 5481 1097 5559 deputentur

316 5585 461 5646 Diaconus
599 5596 658 5648 tres
672 5583 722 5645 alii
738 5583 899 5664 presbyteri
910 5593 966 5644 etc.
981 5583 1009 5642 in
1020 5593 1098 5643 tent·

315 5691 517 5754 Subdiaeonns
598 5670 1097 5767 porentpossintopportuneinstrui

782 593 1065 671 ronrtrtctt'tts
1085 604 1310 669 snaxtnnnt
1332 602 1460 669 saxrt.

1826 596 1938 681 (trost

1148 776 1186 787 —
1205 741 1384 823 Responsio:
1406 741 1547 803 dederunt
1566 733 1799 801 commissionem
1821 735 1938 798 vicario

1147 843 1361 923 Arcbiepiseopi
1402 842 1618 923 Neapolitani,
1640 840 1692 917 qui
1732 838 1767 899 de
1808 838 1940 917 personis

1149 940 1314 1020 hujusmodi
1337 944 1523 1024 provideret:
1546 942 1594 1013 sed
1618 952 1713 1021 postea
1742 940 1877 1000 avisatus
1897 937 1939 997 lui

1149 1044 1227 1120 quod
1253 1043 1381 1123 laegatus
1414 1044 1536 1105 ducebat
1570 1060 1668 1103 secum
1700 1042 1886 1111 diaconum,
1915 1051 1942 1098 et

1149 1145 1355 1205 subdiaconum
1374 1144 1524 1225 Cappellae
1543 1142 1654 1222 Papae,
1679 1155 1709 1203 et
1725 1141 1806 1220 quod
1828 1141 1866 1200 t).
1887 1140 1940 1199 at-

1151 1263 1240 1306 varns
1272 1245 1457 1306 caudatarius
1485 1263 1555 1304 snus
1582 1245 1634 1306 sibi
1662 1245 1831 1314 assisteret,
1865 1240 1943 1318 quod

1151 1345 1222 1406 mibi
1241 1347 1359 1425 placuit.
1382 1343 1471 1427 (Nota
1490 1358 1583 1407 tamen
1605 1347 1680 1425 quod
1701 1365 1747 1405 me
1763 1325 1945 1403 anteferes-

1151 1464 1215 1505 sum
1230 1464 1325 1506 meum
1341 1465 1374 1507 cx
1393 1447 1473 1508 Urbe
1492 1464 1592 1506 coram
1611 1447 1688 1525 Papa
1704 1444 1871 1506 constituto
1890 1460 1943 1520 pro

1152 1545 1265 1606 licentia
1286 1557 1314 1606 et
1336 1546 1528 1607 benedictione
1548 1564 1619 1620 sua,
1639 1544 1790 1624 Neapolim
1809 1541 1945 1619 equitan-

1153 1644 1182 1704 di
1203 1663 1300 1717 causa,
1322 1645 1479 1706 Sanctitate
1498 1645 1558 1706 Sua
1578 1632 1623 1706 me
1645 1647 1680 1707 de
1698 1642 1902 1705 assistentibus
1918 1653 1943 1701 et

1154 1746 1353 1806 ministrmum
1375 1746 1570 1806 convenientia
1592 1748 1818 1825 interrogante,
1847 1754 1877 1803 et
1899 1740 1943 1799 di·

1154 1857 1235 1908 centa
1261 1847 1428 1925 quodcum
1450 1866 1478 1926 p.
1507 1864 1581 1906 anno
1603 1848 1630 1906 in
1652 1846 1793 1925 Hispania
1815 1841 1944 1921 laegatus

1154 1945 1189 2008 de
1209 1944 1314 2007 Latere
1334 1930 1449 2020 suisset,
1469 1957 1527 2008 tres
1548 1947 1697 2026 episcopos
1726 1948 1756 2005 in
1778 1944 1876 2005 Niissis
1896 1962 1945 2021 par

1154 2065 1222 2107 enm
1244 2048 1409 2107 solemniter
1428 2046 1512 2107 dictis
1525 2046 1581 2107 sibi
1603 2048 1791 2117 ministrasse,
1813 2059 1942 2123 quorum

1156 2167 1230 2208 unns
1248 2149 1284 2209 de
1306 2149 1393 2222 libro,
1414 2159 1448 2208 ut
1466 2148 1603 2209 assistens
1620 2149 1673 2208 sibi
1688 2147 1847 2217 serviebat,
1870 2146 1942 2206 alter

1156 2249 1360 2330 RvnngeNnm,
1375 2250 1477 2311 tertius
1492 2248 1652 2329 Epistolam
1665 2248 1789 2310 dicebat:
1808 2246 1941 2326 respondi

1156 2351 1309 2412 sanctitati
1337 2351 1412 2413 Suae
1446 2350 1474 2410 id
1506 2351 1588 2411 valde
1621 2350 1826 2411 inconveniens
1859 2347 1942 2407 luisse

1157 2452 1234 2531 quod
1271 2453 1390 2534 praelati
1426 2452 1598 2525 servirent,
1628 2469 1696 2511 etim
1728 2451 1818 2511 etiam
1855 2448 1944 2526 Papae

1157 2556 1227 2616 tales
1260 2573 1316 2616 non
1344 2555 1529 2627 ministrent,
1555 2572 1647 2632 nequa
1676 2552 1869 2633 presbyteri,
1899 2550 1944 2610 sed

1156 2653 1317 2727 diaeonus,
1339 2665 1368 2715 et
1398 2653 1591 2715 subdiaconus
1613 2664 1748 2724 tantum,
1771 2664 1801 2714 et
1824 2651 1964 2731 Episcos

1157 2774 1212 2834 pus
1236 2774 1291 2835 pro
1323 2756 1494 2829 assistente,
1526 2754 1601 2816 unda
1620 2753 1732 2835 Legata
1761 2772 1942 2832 nequaquam

1157 2858 1322 2937 praelatos,
1355 2855 1403 2917 sed
1425 2859 1498 2918 alios
1520 2858 1664 2937 digniores
1698 2857 1891 2938 presbyteros
1919 2857 1944 2915 in

1159 2956 1345 3036 dignitatibus
1367 2957 1553 3018 interioribus
1569 2958 1762 3029 constitutos,
1783 2968 1836 3016 ant
1862 2974 1944 3017 cano·

1160 3059 1239 3119 nicos
1258 3058 1517 3137 Metropolitanae,
1540 3061 1584 3121 vel
1606 3058 1792 3122 Catbedralis
1813 3059 1945 3119 ecelesiae

1160 3159 1326 3219 ministrare
1340 3170 1368 3219 et
1382 3158 1512 3220 assistere
1528 3159 1650 3243 debere).
1669 3192 1707 3202 -
1719 3156 1793 3229 Quis
1809 3169 1946 3237 patronus

1160 3257 1196 3319 sit
1223 3258 1359 3320 eeclesiae
1380 3269 1501 3339 propter
1530 3260 1713 3339 antiphonam
1737 3270 1767 3319 et
1788 3261 1945 3319 orationem

1160 3359 1189 3419 in
1211 3360 1270 3439 ipsa
1292 3361 1433 3434 eeclesia,
1453 3359 1564 3441 Iseguto
1586 3371 1720 3440 recepto,
1744 3359 1882 3420 dicendas
1910 3394 1945 3405 -

1161 3460 1344 3539 Responsio:
1379 3461 1502 3524 Sanctus
1537 3461 1691 3523 ianuarius
1727 3461 1892 3542 Episcopus
1921 3473 1947 3521 et

1161 3573 1285 3642 snartyr.
1308 3596 1346 3607 —
1370 3562 1529 3642 Deputetur
1559 3564 1732 3643 praelatus,
1761 3563 1814 3641 qui
1848 3564 1877 3622 in
1906 3561 1948 3619 die

1162 3662 1355 3722 coronationis
1383 3660 1491 3741 Regem
1518 3663 1641 3723 incensat
1663 3673 1692 3723 et
1713 3665 1738 3725 ei
1761 3681 1866 3743 pacem
1892 3663 1946 3719 mi-

1161 3762 1263 3822 nistret
1282 3794 1320 3804 -
1337 3759 1518 3841 Responsio:
1540 3760 1576 3822 tt.
1597 3762 1633 3821 b.
1654 3761 1818 3841 Episcopus
1838 3760 1950 3841 Neapo-

1163 3862 1277 3923 litanns.
1300 3898 1339 3911 -
1359 3861 1439 3932 Quos
1461 3865 1558 3943 etqui
1582 3862 1702 3943 praelati
1727 3863 1786 3922 sint
1822 3861 1946 3922 mansuri

1161 3964 1241 4043 apud
1269 3963 1378 4045 Regem
1414 3964 1498 4026 etiam
1531 3966 1559 4024 in
1589 3963 1737 4036 tbalamo,
1769 3974 1798 4023 et
1832 3964 1883 4041 qui
1903 3962 1948 4021 alii

1162 4063 1338 4127 Nobiles-
1362 4064 1546 4145 Responsio:
1578 4065 1728 4145 episcopus
1760 4063 1949 4144 Tropiensis,

1163 4176 1191 4226 et
1211 4166 1302 4227 irater
1324 4165 1466 4227 lohannes
1499 4166 1532 4227 de
1565 4164 1671 4228 iiiluna
1694 4164 1816 4227 Ordinis
1849 4165 1949 4226 Montis

1164 4264 1273 4327 Oliveti
1295 4268 1451 4346 cappellani
1473 4265 1597 4345 majores
1618 4265 1706 4347 Regis
1736 4278 1766 4328 ct
1796 4286 1896 4327 omnes
1916 4264 1948 4325 de

1163 4367 1302 4445 sanguine
1322 4366 1408 4446 Regis
1427 4377 1513 4427 erunt
1532 4381 1600 4427 cum
1622 4386 1656 4428 eo
1679 4369 1705 4427 in
1729 4367 1881 4439 tbalamo,
1897 4384 1949 4425 nnn

1164 4472 1223 4533 alii.
1236 4504 1274 4516 -
1295 4470 1475 4549 Deputentur
1497 4470 1545 4546 qui
1566 4469 1695 4529 delerant
1714 4485 1813 4529 ensem
1831 4500 1872 4512 —
1893 4465 1950 4525 Ra-

1164 4574 1300 4655 spnnaio:
1328 4571 1362 4630 b.
1386 4570 1495 4631 Hector
1517 4569 1629 4630 Caralis
1651 4568 1832 4630 camerarius
1859 4564 1950 4642 major

1165 4678 1295 4754 t·egis.·-
1303 4669 1361 4741 Qut
1372 4689 1510 4732 coronant
1524 4702 1560 4715 -
1568 4670 1733 4749 Responsio:
1745 4667 1811 4729 Dan
1821 4667 1952 4748 Jolredus

1163 4776 1280 4855 Rorgia.
1288 4808 1327 4818 -
1339 4772 1395 4843 Qui
1409 4772 1565 4853 Scaptrum
1573 4770 1828 4852 -Responsio:1).
1836 4769 1955 4831 Gentilis

1166 4875 1313 4955 Virginius
1324 4874 1458 4937 Ursinus.
1471 4907 1512 4918 -
1523 4872 1580 4943 Qui
1601 4890 1720 4952 pomum
1732 4906 1774 4916 -
1784 4871 1956 4951 Responsio:

1166 4978 1229 5041 lion
1244 4977 1387 5037 Hearicus
1408 4976 1442 5036 de
1464 4975 1618 5055 dragonia.
1634 5010 1675 5020 -
1690 4972 1885 5037 Offertorium
1902 4993 1956 5053 pro

1166 5078 1246 5158 Rege
1271 5076 1423 5137 ordinetur
1445 5095 1500 5156 pro
1518 5075 1562 5137 die
1584 5076 1781 5137 coronationis
1795 5087 1826 5136 ct
1845 5076 1898 5154 qui
1921 5075 1957 5134 il-

1169 5178 1218 5240 lnd
1251 5177 1306 5239 sibi
1337 5196 1427 5257 prope
1458 5178 1550 5237 altare
1569 5176 1756 5256 porrigat-
1776 5176 1957 5256 Responsio:

1169 5281 1317 5343 ordinatae
1333 5291 1399 5340 sunt
1413 5278 1566 5340 duodecim
1586 5278 1723 5340 medaliae
1741 5296 1861 5351 aureae,
1882 5295 1955 5355 quas

1168 5383 1218 5444 lll.
1239 5382 1274 5442 tt.
1298 5381 1465 5443 Frideriens
1486 5380 1542 5440 sibi
1563 5378 1745 5440 ministrabit.
1767 5412 1810 5425 -
1829 5378 1958 5442 Creden-

1168 5483 1237 5543 tiam
1265 5484 1294 5544 in
1314 5482 1435 5546 ccclesia
1465 5498 1518 5562 pro
1542 5481 1694 5543 Cardinale
1716 5480 1907 5542 celebraturo
1933 5481 1956 5540 si

1167 5604 1201 5647 ex
1218 5583 1364 5665 regalibus
1384 5581 1458 5643 vasis
1477 5599 1540 5645 eam
1555 5582 1645 5645 velint
1659 5598 1813 5644 ornare-
1825 5580 1958 5661 Respon-

1168 5687 1221 5749 sio:
1243 5686 1322 5765 quod
1340 5684 1469 5764 legatus
1488 5703 1552 5749 cam
1569 5701 1674 5766 parare
1693 5682 1780 5742 iaciat
1801 5697 1858 5744 suo
1877 5699 1959 5744 more
