4492 6859
230 628 340 711 (ram)
440 605 443 610 ’

236 763 398 825 cardinalis
417 762 672 826 concessiteisdem
684 760 874 841 indulgentias
889 780 940 841 per
951 760 1028 824 Car·

235 866 361 926 dinelem
376 865 496 927 concedi
516 864 616 926 solitas
634 874 664 925 et
685 873 836 924 consuetas
848 905 857 934 ,
871 861 907 923 dc
922 861 1028 939 quibus

236 964 372 1025 omuibus
404 976 525 1045 rogatus
552 965 607 1024 fuit
634 962 773 1024 Notarius
799 960 1026 1042 suprascriptus.

236 1061 347 1132 Quibus
365 1067 502 1143 peractis,
523 1064 598 1126 idem
618 1063 781 1124 Cardiualis
801 1062 867 1122 fecit
881 1062 911 1120 iu
927 1060 1026 1120 eodeni

234 1164 409 1225 blonesterio
437 1165 615 1245 prandium
638 1164 755 1224 interim
781 1171 969 1223 accesserunt
989 1159 1027 1218 ed

234 1266 329 1344 ipsum
351 1266 508 1325 servitores
527 1266 571 1323 sui
590 1264 652 1338 alii,
670 1274 700 1324 et
712 1264 791 1323 cives
805 1259 982 1332 Florentini,
996 1259 1027 1320 in

232 1385 355 1428 nrrusero
377 1368 510 1447 copioso,
532 1370 640 1429 mullos
661 1365 842 1428 centenarios
869 1363 1025 1425 excedenti.

234 1465 364 1528 Prendio
383 1478 479 1528 autam
494 1479 623 1548 peracto,
635 1465 804 1547 supervenit
816 1464 940 1524 maxima
956 1462 1022 1542 piu·

233 1567 292 1638 vie,
304 1584 379 1644 quae
391 1576 452 1628 tote
466 1568 516 1627 ille
531 1566 576 1626 die
588 1567 729 1639 duravit;
745 1584 804 1643 qua
818 1582 876 1625 non
894 1562 1026 1623 obstante

231 1667 307 1727 idem
329 1666 492 1729 Cerdiualis
510 1668 681 1740 associatus,
697 1677 731 1726 ut
750 1684 852 1746 supra,
875 1665 903 1723 in
926 1663 1025 1723 babitu

232 1766 416 1827 Gardiualeri
435 1766 557 1826 intravit
575 1767 753 1827 Florentiam
774 1775 804 1826 et
830 1774 896 1850 ente
927 1765 1026 1823 eccle·

231 1866 306 1925 siem
321 1864 488 1927 Conventus
506 1865 700 1927 bununeietee
720 1886 736 1927 e
759 1866 838 1926 mula
854 1863 1027 1926 descendens

235 1965 360 2025 intravit
380 1964 509 2026 mandem
535 1968 689 2027 ecelesiam
709 1966 809 2027 beatae
827 1965 936 2027 Mariae
954 1963 1026 2025 vir-

231 2066 321 2144 ginis,
341 2083 397 2146 pro
417 2064 556 2127 beneficio
576 2068 685 2145 gratias
706 2083 802 2145 agens.
824 2067 950 2126 bsmnsa
972 2064 1027 2125 de·

232 2167 300 2228 inde
317 2168 397 2229 mula
417 2166 558 2246 equitavit
578 2167 615 2227 acl
641 2168 784 2248 palatium
801 2164 959 2229 vexilliferi
969 2164 1027 2226 Ju-

230 2268 327 2331 stitiae
349 2277 378 2329 et
404 2267 543 2329 Priorum
564 2270 664 2349 populi
686 2268 870 2340 Florentini,
893 2266 943 2326 ubi
974 2264 1027 2327 de·

233 2369 373 2432 scendens
392 2381 422 2431 et
442 2368 479 2427 ed
501 2369 567 2430 illos
588 2368 753 2443 evomueris,
771 2368 858 2430 eliam
880 2369 949 2448 ipsis
970 2385 1026 2446 pro

344 2521 497 2528 nau-*u
509 2523 529 2528 .-
542 2522 641 2529 .----....
653 2518 1019 2529 ..—-.—.-—-.-.---—-—-

232 2589 371 2640 enimvero
399 2590 425 2641 iu
447 2590 610 2640 breviarium
632 2589 763 2652 quoddam
787 2591 890 2652 potiora
911 2590 1027 2637 attamen

231 2669 376 2731 stringam,
394 2682 427 2719 ue
444 2670 560 2732 palatum
578 2669 710 2718 incessum
728 2670 775 2718 tibi
792 2668 952 2718 exacuerim.
963 2665 1027 2715 Cum

230 2749 323 2811 itaque
338 2748 453 2799 ioannes
475 2748 649 2807 bicbledlces‚
664 2748 916 2812 quintumdecimum
932 2744 1028 2795 aetatis

231 2840 332 2876 ennam
350 2831 451 2877 tautum
469 2839 559 2890 agens,
575 2827 724 2877 cardinalis
736 2828 888 2878 declaratus
906 2829 957 2883 est,
973 2829 1026 2874 tuta

230 2905 351 2957 Pontifex
370 2912 394 2957 el
413 2908 483 2957 sacri
498 2907 589 2957 Patres
610 2910 752 2957 voluerunt
774 2907 938 2968 impuberem
955 2904 1028 2954 illum

231 2986 300 3034 tenti
319 2986 419 3036 ordinis
438 2987 663 3037 administratione
681 2986 880 3050 insignibusque
898 2984 932 3034 ed
948 2984 1029 3034 trien·

233 3065 308 3114 nium
339 3076 422 3127 usque
451 3077 563 3116 carcre:
590 3079 642 3129 quo
671 3070 800 3128 tantisper
816 3069 844 3116 et
861 3063 978 3114 moribus
1001 3066 1029 3113 et

231 3144 363 3194 doctrinis
382 3146 561 3205 coalesceret,
574 3149 654 3208 etque
671 3144 830 3206 proficeret,
845 3148 870 3194 et
887 3143 986 3192 virtute
997 3153 1027 3191 ec

233 3225 367 3286 sapientia
383 3228 503 3285 mactus,
514 3228 588 3274 tento
615 3225 719 3288 fastigio
741 3228 927 3284 casurumque
939 3233 1028 3271 rerum

233 3308 406 3371 susceptione
434 3303 530 3367 dignus
547 3302 682 3354 evaderet.
705 3305 796 3363 Venit,
811 3303 866 3353 Deo
883 3302 955 3351 illum
971 3314 1030 3354 ser·

236 3389 333 3443 vante,
351 3388 459 3447 optatus
476 3384 518 3433 bic
543 3384 616 3444 dies,
632 3385 821 3447 plenitudoque
843 3382 958 3433 triennii.
982 3381 1028 3431 Su·

235 3469 378 3525 erepturus
403 3465 492 3526 itaque
520 3464 587 3513 baec
616 3467 789 3523 ornamenta,
804 3474 872 3525 quea
893 3461 1030 3521 diximus,

233 3541 342 3594 Palicum
360 3544 619 3602 scilicet‚Biretum,
636 3543 773 3593 ardentem
789 3541 1030 3602 Pileum,despou·

233 3626 343 3673 salionis
371 3625 514 3683 annulum,
531 3624 617 3686 pridie
639 3634 717 3686 quam
734 3623 833 3673 talibus
857 3622 1029 3678 laniaretur,

237 3702 271 3752 ed
298 3714 346 3751 uos
372 3707 434 3766 post
457 3703 592 3753 meridiem
608 3701 731 3752 Faesulas
748 3702 923 3762 conscendit,
945 3710 1028 3762 parvo

232 3794 342 3832 suorum
367 3783 506 3834 admodum
530 3784 675 3841 comitatu,
691 3786 718 3834 et
735 3782 841 3834 bamili.
861 3794 893 3831 ac
915 3780 1028 3842 simplici

237 3862 318 3910 cultu.
335 3861 462 3913 Postridie
479 3861 563 3911 adfuit
579 3874 656 3911 mane
671 3859 785 3911 ioannes
796 3861 869 3910 Picus
882 3859 1028 3912 iiiraudula

234 3946 341 4001 noster,
358 3948 385 3990 et
405 3940 522 3990 lacobus
538 3938 833 4000 salvinius,Cardiuelis
849 3941 980 3994 sororius,
997 3949 1027 3987 ac

233 4021 340 4071 Simeon
350 4020 426 4070 Stare
443 4018 562 4069 notarius
572 4039 578 4066 =
590 4030 649 4068 curu
661 4017 757 4080 quibus
774 4020 838 4066 bora
855 4016 909 4066 diei
920 4015 1028 4065 circiter

235 4104 314 4148 sexta
331 4098 364 4147 de
385 4097 508 4146 eubiculo
534 4108 659 4159 agressus
687 4107 764 4146 secer
784 4095 941 4146 adolescens
962 4098 1027 4143 tem·

233 4179 308 4240 plum
326 4177 441 4225 intravit.
456 4173 503 4224 Ubi
519 4177 633 4238 primum
650 4178 676 4224 in
692 4173 804 4254 Virginis
822 4174 926 4224 laudem
942 4172 1049 4232 (Sab··

233 4258 326 4307 batum
344 4255 414 4305 enim
430 4257 502 4315 erat,
519 4254 576 4304 dies
592 4254 688 4317 Virgini
704 4258 798 4304 velere
815 4255 939 4317 religione
955 4253 1028 4303 dica·

236 4343 302 4395 ius)
319 4338 370 4385 ritu
390 4337 523 4397 cantuque
535 4334 646 4401 solemni
662 4334 702 4396 agi
719 4337 807 4396 eoepit
823 4347 853 4384 aa
870 4346 913 4383 res
936 4344 1027 4393 sacra,

235 4428 313 4478 quem
331 4416 408 4476 vulgo
424 4412 535 4463 dicimus
562 4413 684 4464 blissem=
701 4415 727 4463 iu
744 4426 796 4477 qua
817 4424 877 4464 cum
894 4414 969 4476 prius
985 4424 1028 4461 sa·

236 4496 406 4543 croseuclum
423 4504 472 4554 ego
487 4490 591 4541 Domini
607 4503 704 4554 corpus
721 4495 923 4555 sanguinemque
948 4491 1028 4543 libas·

236 4586 312 4630 sem,
329 4576 383 4622 lum
401 4572 445 4622 ille
467 4577 528 4622 aute
548 4573 628 4621 Aram
651 4573 677 4620 iu
704 4583 786 4633 genus
808 4571 892 4621 liexus
908 4583 1028 4621 concom-

237 4654 381 4701 municavrt
403 4652 529 4715 singulari
546 4652 694 4701 bumilitate
708 4685 716 4709 ‚
732 4656 759 4701 at
774 4655 900 4713 quantum
922 4652 1028 4716 agnosci

237 4738 344 4796 poteret
359 4733 455 4781 devota
473 4731 580 4795 quidam
604 4735 706 4790 mente,
723 4735 749 4781 et
772 4736 861 4782 erecta
884 4743 990 4794 semper
1001 4732 1027 4782 iu

234 4812 326 4861 Deum.
343 4811 451 4860 Peracta
468 4824 497 4860 re
514 4824 602 4871 sacra,
620 4814 776 4861 vestimenta
794 4824 855 4861 mox
873 4825 886 4860 a
904 4824 946 4861 usu
962 4824 1027 4874 quo·

235 4891 528 4954 quesuntbenedicta=
543 4895 635 4953 postea
653 4905 724 4947 vero.
740 4893 843 4942 sublata
864 4904 950 4951 mann,
967 4892 1028 4942 bul·

236 4973 298 5031 lem,
310 4973 444 5034 breveque
456 4971 587 5021 Pontibcis
598 4973 704 5023 blaxirni
718 4977 825 5030 teneus,
837 4975 907 5023 illum
921 4974 989 5023 bunc
1000 4973 1027 5022 in

236 5053 343 5103 modum
360 5052 454 5101 affatus
472 5052 592 5113 equidem
610 5052 800 5113 sum-Quod
816 5053 881 5113 tibi,
892 5053 1026 5103 Ecclesiae

236 5134 348 5185 &nolae
365 5132 421 5190 Dei,
437 5131 555 5195 patriae,
574 5132 723 5196 Generique
740 5137 785 5183 luo
801 5132 881 5183 foelix
898 5133 1029 5183 salutare·

236 5228 289 5277 que
306 5218 359 5273 sit,
376 5214 450 5262 bodie
469 5211 583 5261 ioannes
602 5213 715 5263 Mediccs
732 5214 872 5263 decursum
890 5217 930 5263 eet
947 5213 1028 5262 trien·

237 5296 308 5343 nium
337 5292 513 5343 cardinalatui
532 5299 574 5340 luo
595 5305 643 5354 per
664 5297 731 5342 benc
756 5295 869 5349 bullam,
891 5291 1027 5354 breveque

237 5373 393 5435 praefixum.
416 5373 514 5434 legant
530 5373 575 5434 qui
592 5374 691 5422 volunt.
707 5374 817 5423 Servata
839 5374 900 5421 sunt
922 5371 1028 5429 omnia.

237 5455 272 5503 de
290 5453 387 5516 quibus
403 5460 431 5502 tu
454 5453 558 5502 Simeon
585 5451 735 5512 pubblican
758 5451 883 5502 tabellam
906 5451 1028 5500 testimo·

237 5534 363 5595 uiamque
375 5533 502 5583 coniicito.
514 5558 536 5567 -
551 5529 676 5590 Subinde,
687 5533 767 5594 pallio
784 5546 798 5581 a
810 5545 851 5581 nie
870 5530 975 5580 indutus
986 5535 1029 5580 est

711 624 997 691 Pontutctttls
1016 623 1240 688 llllloclinTll
1261 622 1414 687 octavi.

1059 772 1065 902 l

1731 583 1882 686 '‘aos

1094 759 1245 821 ferocibus
1264 758 1372 836 gratias
1390 755 1492 817 retulit
1497 776 1508 828 3
1528 766 1591 816 turn
1607 754 1643 816 ad
1665 754 1784 816 domurn
1799 755 1884 818 beu-

1095 862 1180 923 rentil
1189 858 1287 920 Petris
1297 860 1341 918 sui
1357 856 1486 918 accessit.
1501 856 1654 917 Dominica
1668 858 1799 934 aequanti
1812 856 1882 920 dicti

1094 962 1197 1024 mensis
1215 958 1323 1032 martii,
1337 956 1499 1019 Cardiuelis
1520 967 1708 1029 memoratus,
1722 960 1883 1020 associatus

1093 1081 1110 1122 e
1132 1060 1329 1141 copiosissimo
1349 1076 1471 1119 numero
1492 1059 1599 1119 civium
1620 1058 1881 1132 Florentinorum,

1095 1162 1237 1223 mantellis
1255 1159 1398 1232 roseceis,
1418 1170 1448 1219 et
1469 1157 1571 1219 subtus
1595 1159 1705 1219 vestitis
1726 1178 1761 1221 ex
1787 1160 1883 1222 scrico

1095 1262 1229 1335 violatio,
1249 1271 1402 1341 propterea
1423 1259 1459 1319 de
1478 1278 1554 1321 noro
1575 1260 1677 1332 fectis,
1703 1258 1884 1337 indutorum,

1095 1365 1173 1425 venit
1194 1361 1230 1421 ed
1250 1361 1399 1422 ecelesiam
1426 1359 1550 1421 Sancm
1578 1359 1738 1439 Reperetae
1769 1360 1883 1423 licun-

1094 1464 1235 1541 politanae
1254 1461 1461 1533 Florentinae,
1480 1460 1528 1522 ubi
1552 1460 1681 1521 interfuit
1705 1462 1812 1523 Missae
1832 1481 1884 1524 so·

1093 1564 1192 1637 lemni,
1219 1579 1270 1642 per
1291 1560 1479 1642 Episcopum,
1501 1562 1574 1624 lter.
1595 1563 1624 1624 in
1650 1564 1769 1628 Christo
1792 1565 1885 1643 patrie

1091 1662 1208 1725 Demiru
1241 1662 1458 1744 Arcbiepiscopi
1502 1664 1659 1727 Florentini
1695 1669 1722 1725 in
1759 1663 1885 1727 Pontid-

1094 1765 1204 1826 ealibus
1226 1764 1383 1838 vicarium,
1398 1765 1582 1842 celebratae,
1602 1768 1652 1828 cui
1673 1768 1760 1829 etiam
1789 1768 1885 1830 inter·

1093 1866 1211 1928 fuerunt
1232 1864 1452 1928 Confeloneriua
1472 1878 1501 1929 et
1519 1868 1637 1930 Priores
1657 1868 1756 1949 populi
1773 1886 1883 1948 supre-

1094 1968 1179 2040 dicti3
1192 1986 1251 2045 qua
1262 1965 1341 2028 fluite
1363 1967 1526 2030 Cardinalis
1547 1968 1675 2030 visitavit
1688 1970 1784 2049 priano
1802 1969 1880 2029 Sen-

1094 2068 1135 2129 cti
1145 2065 1295 2130 beummii
1316 2069 1479 2144 eeclesiam,
1491 2079 1554 2131 tum
1571 2070 1608 2130 ed
1623 2070 1742 2131 domurn
1756 2071 1883 2151 petriam

1094 2188 1231 2231 reversus
1249 2178 1309 2242 est,
1327 2168 1378 2230 ubi
1399 2169 1557 2250 prandium
1578 2182 1714 2252 peretum
1735 2181 1800 2232 erat
1829 2190 1884 2250 pro

1094 2268 1308 2345 Couieloncrio,
1327 2271 1481 2333 Prioribus
1500 2273 1692 2353 supradictis,
1714 2283 1744 2333 et
1764 2272 1886 2335 Civibus

1094 2370 1130 2432 de
1145 2370 1316 2451 Regimento
1331 2418 1339 2447 ,
1355 2391 1478 2437 numero
1500 2375 1712 2454 qulnquaginta
1728 2375 1773 2436 vel
1795 2374 1885 2435 circa.

1096 2584 1194 2635 verbis.
1219 2586 1286 2637 nnec
1307 2589 1366 2636 runt
1388 2587 1481 2637 dorm
1507 2586 1638 2649 dignitatis
1658 2585 1771 2639 redimis
1794 2592 1890 2639 tuane

1094 2664 1155 2716 Sede
1184 2665 1329 2727 apostolice
1352 2666 1396 2715 tibt
1423 2666 1517 2715 trudito
1539 2669 1615 2726 alque
1634 2678 1772 2717 concurs:
1800 2668 1890 2729 qvibvs

1094 2744 1218 2805 quamdiu
1240 2744 1356 2804 cicuta,
1384 2745 1419 2794 od
1445 2744 1490 2795 nei
1517 2744 1636 2808 ῑοοᾶοοι,
1662 2747 1748 2807 tuique
1779 2745 1887 2796 solutam

1094 2824 1193 2873 utinam
1214 2835 1314 2886 semper
1335 2826 1417 2874 utura
1432 2823 1531 2885 Quibus
1551 2826 1587 2873 lta
1603 2827 1720 2887 peractis
1740 2824 1886 2889 hymnum,

1094 2902 1155 2954 Veni
1179 2901 1285 2954 creator
1305 2903 1436 2965 spiritns,
1458 2903 1562 2954 canoris
1584 2904 1696 2953 vocibus
1723 2908 1783 2954 ente
1806 2904 1885 2954 Aratu

1095 2984 1201 3034 Fratres
1217 2986 1348 3034 cecinere.
1363 2984 1499 3034 Postremo
1516 2986 1650 3048 queniam·
1661 2984 1809 3035 Cardinelis
1831 2984 1889 3034 sin·

1095 3068 1171 3129 galus
1197 3069 1302 3129 potest,
1318 3064 1506 3129 indulgentiam
1524 3067 1650 3129 elargitus
1667 3063 1839 3123 astantibus,
1861 3068 1889 3116 ei

1095 3145 1207 3196 eandem
1230 3146 1397 3196 visitantibus
1425 3147 1509 3196 altare
1531 3144 1625 3195 eodem
1643 3144 1687 3196 die
1705 3149 1770 3208 quot
1791 3144 1888 3205 annis,

1097 3224 1176 3275 rediit
1202 3225 1341 3276 nobiscum
1368 3226 1395 3275 in
1422 3225 1537 3275 domum.
1564 3224 1644 3275 Paulo
1669 3229 1730 3287 post
1748 3225 1888 3287 prandium

1095 3301 1187 3353 Petrus
1202 3303 1283 3354 irater
1298 3315 1356 3354 curn
1374 3304 1467 3367 paucis
1483 3317 1517 3355 au
1534 3304 1626 3363 atiult,
1644 3302 1748 3353 delatus
1758 3301 1888 3365 sonipede

1096 3384 1178 3432 mirae
1199 3384 1362 3443 ferocitatis,
1379 3396 1408 3434 ec
1425 3384 1622 3454 magnitudinis,
1638 3386 1740 3433 auratis
1768 3382 1887 3433 bracteis

1097 3475 1201 3527 queque
1227 3464 1353 3525 fulgente.
1371 3464 1393 3514 Δ
1409 3468 1487 3527 porta
1503 3465 1605 3514 interea
1622 3463 1710 3514 Sancti
1730 3462 1814 3520 Galli,
1836 3473 1889 3524 que

1096 3541 1149 3594 itur
1169 3543 1309 3602 Faesulas,
1325 3546 1397 3593 tanta
1409 3541 1491 3593 effusa
1516 3544 1633 3606 equitum
1652 3555 1682 3593 ae
1699 3540 1816 3605 peditum
1835 3552 1889 3589 me·

1096 3635 1163 3682 nus,
1180 3627 1209 3674 ul
1233 3624 1309 3686 plena
1332 3621 1449 3687 undique
1472 3622 1530 3682 via,
1551 3622 1617 3672 nulli
1635 3625 1727 3672 contra
1745 3621 1770 3669 iu
1793 3618 1888 3671 urbere

1096 3706 1169 3754 auull
1197 3705 1338 3754 transitum
1359 3702 1477 3753 cederet·
1494 3702 1567 3763 Quae
1583 3703 1669 3752 omnis
1687 3697 1826 3751 multitudo
1846 3699 1885 3749 sl·

1096 3787 1170 3834 stere
1183 3796 1259 3846 iussa
1277 3788 1319 3834 est
1335 3782 1369 3832 ad
1384 3782 1513 3833 bluuionis
1530 3787 1654 3844 pontem,
1672 3794 1721 3833 nec
1737 3781 1827 3832 dature
1839 3780 1886 3830 ulll

1097 3862 1201 3925 quidem
1219 3864 1257 3911 cis
1274 3865 1381 3925 pontem
1397 3872 1554 3923 amnemque
1570 3860 1691 3911 transire.
1710 3864 1740 3910 al
1760 3873 1824 3910 vero
1843 3872 1887 3909 ra·

1096 3942 1147 3991 bus
1172 3942 1270 3990 ceteris
1298 3952 1330 3989 ex
1348 3941 1494 3988 constituto
1515 3936 1672 4001 dispositis,
1688 3937 1826 3988 descendit
1843 3938 1887 3989 ille

1096 4033 1155 4071 cum
1174 4020 1271 4076 fratre,
1288 4019 1452 4081 trajectoque
1469 4018 1574 4068 flumine
1593 4023 1722 4084 exceptus
1733 4025 1772 4070 est
1784 4020 1887 4071 medius

1096 4101 1167 4152 ieter
1181 4099 1313 4149 Pontificis
1335 4097 1575 4156 Protbenolarlcs,
1592 4099 1658 4149 alios
1681 4100 1830 4162 praelatos,
1853 4113 1884 4150 ee

1096 4182 1228 4243 primores
1244 4177 1318 4229 urbis
1336 4178 1428 4237 cives,
1444 4180 1471 4227 et
1487 4178 1701 4228 ambitiosissima
1723 4191 1819 4242 pompa
1837 4177 1887 4228 da-

1097 4260 1192 4310 duclus
1210 4258 1237 4308 iu
1253 4258 1346 4308 urbem
1364 4270 1412 4319 par
1427 4260 1496 4307 viam
1514 4258 1662 4320 majorem,
1679 4271 1746 4321 quae
1757 4257 1791 4308 ad
1803 4257 1885 4309 aedes

1096 4340 1168 4390 ducit
1184 4349 1253 4387 suas.
1270 4338 1318 4399 Qui
1335 4349 1394 4386 eum
1412 4339 1580 4399 pervenisset
1601 4338 1635 4387 ed
1650 4337 1762 4400 Virginis
1778 4338 1888 4389 Nuntia·

1096 4420 1310 4479 trabentium,
1327 4420 1395 4469 mula
1413 4418 1588 4471 descendens.
1605 4419 1640 4469 ad
1655 4420 1724 4470 illius
1752 4419 1886 4470 humiliter

1095 4513 1126 4551 se
1149 4500 1297 4551 constravit
1323 4509 1411 4557 mm,
1425 4511 1474 4561 pre
1491 4511 1521 4550 se
1543 4511 1623 4550 orans
1646 4512 1712 4550 roca
1735 4499 1885 4550 summissa.

1095 4580 1158 4631 inde
1185 4580 1219 4631 ed
1242 4579 1322 4630 Dives
1348 4580 1492 4641 Reparatee
1514 4580 1641 4642 templum
1663 4579 1809 4641 profectus,
1825 4579 1885 4641 pari

1095 4661 1174 4711 modo
1190 4661 1228 4710 sic
1245 4662 1287 4709 est
1303 4671 1380 4721 opem
1397 4660 1561 4722 gratiamque
1577 4662 1710 4722 precatus.
1729 4657 1846 4718 Denique
1858 4655 1885 4704 in

1095 4740 1166 4791 larse
1183 4750 1212 4790 se
1229 4739 1329 4801 recepit
1345 4750 1413 4800 quos
1430 4738 1531 4788 habitat
1547 4751 1619 4789 auos.
1631 4738 1677 4789 libi
1694 4737 1777 4788 ferme
1791 4740 1846 4786 tota
1857 4737 1884 4785 ln

1095 4832 1175 4869 unum
1192 4820 1335 4880 conspecta
1349 4820 1391 4866 est
1406 4816 1505 4867 civitas
1522 4818 1556 4867 ita
1573 4816 1700 4881 frequens
1716 4820 1746 4866 ut
1762 4829 1814 4866 nnn
1840 4815 1883 4876 vie

1096 4896 1252 4957 modo,sed
1266 4896 1400 4947 fenestrae
1417 4899 1443 4945 et
1461 4899 1531 4944 laeta
1548 4897 1604 4958 ipaa
1622 4898 1668 4946 vix
1684 4896 1810 4959 caperent
1821 4905 1885 4955 pro·

1096 4980 1256 5040 spectantes.
1275 4974 1473 5038 insequentem
1495 4988 1561 5026 vero
1576 4979 1680 5025 noctem
1695 4974 1765 5037 jugis
1782 4975 1808 5021 iu
1826 4972 1885 5034 pla·

1095 5059 1161 5114 teis,
1180 5057 1260 5120 inque
1284 5054 1403 5106 turribus
1421 5059 1448 5105 el
1464 5056 1551 5117 pinnis
1569 5054 1628 5117 igue
1645 5054 1808 5103 collucentes
1825 5052 1883 5101 illu·

1096 5138 1229 5185 minarent
1255 5135 1337 5184 veluti
1361 5133 1449 5192 diem,
1475 5137 1502 5184 et
1525 5132 1743 5182 conclamantium
1771 5130 1882 5182 vocibus

1096 5213 1294 5276 emullariisque
1323 5212 1483 5270 tinnitibus,
1510 5215 1589 5274 atque
1616 5210 1762 5273 crepitibus
1790 5208 1883 5260 aetber

1096 5307 1204 5357 semper
1220 5293 1336 5344 insonuit
1350 5329 1358 5351 ‚
1372 5298 1402 5343 ut
1419 5292 1493 5342 oblili
1511 5293 1564 5341 siut
1580 5293 1698 5341 bomlnes
1715 5301 1822 5339 somnos
1833 5290 1883 5340 bae
1975 5334 1978 5340 .

1096 5378 1168 5424 teuta
1187 5375 1298 5432 laetitia,
1315 5375 1514 5445 inspectumque
1531 5372 1566 5422 sit
1582 5372 1674 5435 quanti
1691 5370 1770 5420 faciat
1786 5371 1883 5431 lleipu·

1096 5454 1179 5503 blicee
1205 5457 1370 5503 servatorem
1398 5456 1424 5503 et
1450 5453 1571 5501 columen
1599 5452 1746 5511 gratissima
1774 5450 1880 5499 civitas.

1095 5534 1166 5584 llaec
1182 5534 1282 5583 dixisse
1298 5537 1453 5595 extempore
1470 5533 1506 5582 sit
1522 5532 1583 5581 mibi
1600 5532 1682 5581 satis:
1699 5532 1796 5580 seriem
1814 5530 1881 5580 alius

238 5614 264 5661 in
279 5614 386 5674 justicie
403 5617 431 5662 et
448 5613 585 5661 sanctitate
602 5612 732 5661 veritatis.
760 5612 875 5662 biretum
895 5610 1027 5673 denique,
1096 5614 1230 5676 copiosius
1246 5615 1417 5674 ornatiusque
1434 5612 1632 5674 conscripserit.
1656 5611 1717 5660 Vale
1734 5614 1814 5674 atque
1835 5622 1882 5660 ora

239 5694 384 5753 Galcrurn,
416 5692 599 5755 annulumque
627 5691 735 5754 porrexi
763 5692 804 5742 bis
836 5704 942 5741 rursum
968 5705 1027 5741 curu
1097 5698 1126 5743 ut
1142 5696 1191 5744 ista
1209 5692 1365 5743 sintfeusta.
1377 5690 1494 5743 Faesulis
1510 5690 1595 5754 pridie
1610 5688 1670 5741 idus
1685 5689 1792 5742 liartiss
1811 5709 1831 5737 ·.
