4492 6859
240 654 351 747 taran

244 798 324 861 cirea
349 798 452 859 horam
480 807 613 859 octavam
634 796 730 857 Abbas
752 795 849 857 Sancti
878 792 1035 855 Sebastinni

243 898 363 958 sacrista
385 907 503 970 noster,
518 896 602 957 nobis
622 896 675 956 sibi
697 896 945 967 ministrantibus,
968 894 1037 953 dixit

243 999 358 1057 missam
374 996 533 1076 publicam,
550 997 579 1055 in
598 997 772 1075 paramentis
789 1006 884 1055 tamen
899 993 1037 1055 sacerdo·

244 1096 349 1157 talibus
373 1107 495 1157 tantum.
526 1095 725 1156 iuterfuerunt
752 1112 850 1154 omnes
870 1093 1036 1155 cardinales

243 1196 334 1256 induti
352 1214 437 1275 super
464 1193 618 1255 rochetum
647 1194 744 1274 parvis
767 1193 939 1272 cappucciis,
954 1194 1038 1252 colo·

244 1297 295 1368 ris,
310 1295 377 1375 ipsis
392 1294 593 1356 cardinalibus
609 1296 700 1373 magis
719 1293 857 1372 pinsentis
872 1338 881 1367 ,
900 1304 929 1354 et
946 1292 1037 1353 desu-

244 1416 295 1476 per
322 1395 437 1468 oraclis,
464 1395 571 1455 coloris
600 1396 718 1455 violacei
744 1395 883 1467 obscuri,
907 1392 1036 1453 timbrias

243 1496 369 1557 duorum
389 1496 563 1574 palmorum,
580 1497 624 1553 rel
640 1494 730 1565 circa,
743 1507 806 1574 post
826 1513 855 1556 se
873 1495 1036 1567 trabentes3

242 1607 348 1657 stantes
369 1594 405 1653 ad
426 1610 541 1653 scarnna
561 1610 616 1652 suo
634 1609 718 1653 more
739 1606 886 1667 consueto,
902 1593 1037 1674 Episcopi

242 1707 272 1755 et
290 1694 456 1773 Presbyteri
477 1694 505 1752 in
524 1693 613 1753 latere
633 1694 787 1772 evangelii,
808 1705 837 1754 et
859 1693 980 1754 Diaconi
1001 1694 1038 1753 ab

243 1795 302 1854 arlia
324 1795 428 1865 latere,
450 1790 560 1854 scilicet
585 1793 736 1872 epistolae;
762 1792 907 1872 digniores
936 1812 1038 1854 versus

242 1892 343 1952 altare.
354 1891 439 1951 Dicta
455 1910 507 1971 per
522 1891 714 1952 celebrantem
732 1894 863 1954 oratione
874 1926 892 1941 ·
904 1893 1038 1954 Domine

244 1990 320 2053 Jcsn
344 1990 482 2061 Cbristc,
505 1992 562 2071 qni
584 1992 701 2053 dixisti
723 2004 792 2065 etc,
814 1992 904 2052 obtuli
925 1993 1038 2054 instru-

243 2102 372 2153 rnentunr
385 2090 468 2152 Pacis
480 2090 687 2152 obsculandurn
699 2090 750 2171 ipsi
758 2092 926 2164 celebrarui3
939 2084 1039 2153 deinde

243 2191 363 2270 singulis
377 2190 590 2264 cardinalibus,
605 2192 655 2269 qui
668 2191 810 2269 genuflexi
824 2203 908 2252 erant
922 2193 951 2251 io
967 2194 1039 2253 locis

242 2294 311 2350 suis.
327 2290 428 2351 Primo
442 2289 506 2350 dedi
520 2291 781 2364 vicecancellario,
796 2305 893 2371 postea
909 2293 971 2352 aliis
986 2311 1037 2372 per

243 2389 383 2450 ordinem.
404 2390 436 2449 in
456 2387 512 2449 fine
533 2391 633 2450 missae
661 2391 809 2452 celebrans
835 2403 912 2451 stans
938 2411 1038 2453 sersus

243 2488 281 2547 ad
299 2488 479 2562 cardinales,
503 2491 558 2550 illis
577 2491 772 2563 benedicebat,
792 2512 841 2552 eos
862 2494 987 2571 signans,
1009 2507 1037 2553 ot

243 2587 356 2649 dicens:
378 2590 552 2653 Benedicat
573 2603 627 2652 etc.
650 2592 785 2654 Nonnulli
806 2605 900 2654 taruco
924 2613 1037 2654 assere-

244 2689 313 2749 bant
333 2690 411 2768 quod
436 2692 495 2771 ipse
517 2692 665 2754 celebrans
688 2713 789 2756 versus
805 2695 841 2753 ad
861 2695 1037 2767 cardinales,

242 2789 411 2868 genuflexus
436 2789 492 2850 iliis
519 2792 689 2853 benedicere
709 2794 844 2867 debebam
866 2795 943 2872 quod
967 2794 1036 2853 mibi

243 2900 338 2951 tamen
358 2892 426 2951 satis
447 2892 606 2952 absurdum
635 2894 809 2968 videbatur3
826 2912 893 2954 curn
919 2892 1037 2955 benedi·

243 3008 311 3051 cens
329 3009 442 3069 semper
467 2989 562 3069 major
584 2996 620 3054 sit
642 2995 831 3056 benedicendo
853 2997 881 3054 in
902 3015 937 3056 eo
957 3005 1036 3054 actu.

243 3091 330 3150 Missa
342 3089 431 3164 linita,
445 3091 612 3154 cardinales
624 3114 721 3155 omnes
743 3096 890 3155 redierunt
914 3095 949 3154 ad
973 3108 1036 3157 ter·

244 3193 313 3252 tiarn
341 3194 438 3252 aulam
459 3196 614 3268 conclavis,
634 3195 694 3268 ubi,
713 3200 874 3275 apportatis
896 3197 963 3277 ipsis
984 3215 1036 3275 per

244 3293 401 3355 servitores
417 3312 485 3355 suos
499 3295 639 3370 scabellis,
661 3297 851 3366 consederunt
870 3298 899 3357 in
918 3297 1035 3357 modum

245 3394 367 3469 circuli,
397 3396 638 3457 vicecancellario
666 3398 873 3477 campanellam
900 3415 985 3476 penes
1006 3416 1036 3457 se

246 3494 378 3569 habente,
399 3499 427 3556 ia
448 3498 506 3557 alio
526 3496 668 3570 scabell03
688 3498 737 3557 ubi
759 3499 865 3559 iterum
888 3508 1037 3558 tractare·

247 3607 318 3657 runt
339 3615 426 3676 super
448 3597 580 3676 capitulis
603 3597 711 3673 iicndis,
732 3611 766 3660 ut
787 3600 849 3661 lteri
870 3598 1008 3659 fecerant.

288 3698 381 3757 Finita
407 3699 625 3771 collocutione,
647 3698 814 3762 Cardinales
833 3700 981 3760 redierunt
999 3698 1035 3756 ad

246 3799 366 3859 cellulas
379 3815 456 3866 snas,
470 3810 498 3858 et
512 3797 642 3859 iecerunt
656 3801 822 3879 prandiam,
836 3800 953 3879 quidam
970 3799 1035 3870 soii,

245 3898 295 3958 alii
311 3914 386 3956 tinus
400 3914 467 3957 cum
482 3896 551 3968 alio,
562 3910 591 3959 et
608 3899 637 3958 in
652 3898 798 3978 aliquibus
819 3900 917 3977 piures
938 3899 1033 3958 simul.

245 3997 370 4060 Peracto
380 3996 501 4075 mundio
511 3998 599 4074 aliqui
610 3997 777 4061 cardinales
793 4008 956 4059 tractarunt
967 4017 1034 4058 cum

244 4098 309 4157 aliis
320 4096 354 4157 de
364 4098 430 4156 nori
442 4096 579 4158 electione
589 4096 736 4158 Pontificis
749 4096 853 4168 fienda,
865 4110 1035 4176 quaerentes

245 4207 275 4257 et
293 4197 392 4256 dantes
410 4195 504 4257 media
522 4208 577 4257 etc.
599 4196 668 4258 Post
686 4198 814 4276 aliquam
830 4216 942 4258 morarn
962 4216 1035 4257 coa·

247 4308 390 4356 acuerunt
411 4298 518 4356 iterum
532 4295 698 4379 cardinales
714 4299 741 4357 in
758 4298 842 4360 tertia
858 4298 925 4357 aula
948 4309 1036 4378 prae·

245 4397 393 4471 dicta,ubi
414 4396 527 4457 taudem
541 4398 746 4459 concinnerunt
764 4400 889 4479 capitula
907 4420 959 4479 per
973 4402 1035 4460 sin·

246 4499 332 4577 gulos
346 4498 432 4577 ipsos,
445 4509 475 4558 et
490 4496 625 4557 laturum
644 4494 811 4559 Pontificem
833 4500 1034 4579 promittenda,

243 4595 381 4674 juranda,
396 4608 425 4658 et
443 4597 564 4659 fovenda
579 4619 589 4670 3
605 4611 772 4659 manserunt
790 4612 887 4661 autern
905 4603 990 4662 simui
1006 4602 1034 4660 in

247 4698 302 4759 bac
322 4698 546 4776 congregatione
567 4716 658 4775 usque
679 4700 715 4757 ad
738 4712 861 4761 noctem.

289 4797 417 4858 Sabbata
434 4797 476 4857 98
495 4801 598 4857 anensis
616 4800 733 4876 augusti
752 4819 866 4860 summo
886 4818 967 4860 inane
988 4800 1035 4859 in·

246 4899 389 4978 cipiendo,
409 4899 507 4977 plures
528 4917 562 4958 ex
582 4897 938 4961 annumerantibus
957 4903 1036 4961 cele·

247 5000 372 5060 brnrunt
393 5002 492 5058 missas
514 5000 542 5057 io
564 5000 693 5079 cappella
707 5019 798 5078 parra
820 5004 978 5080 praedicta,
1001 5013 1034 5062 ut

247 5100 329 5173 beri3
344 5099 530 5161 deindecirca
554 5099 656 5160 boram
677 5101 888 5175 duodecimam,
905 5102 1034 5164 Sacrista

248 5212 343 5261 noster
376 5200 533 5261 celebrarit
566 5203 680 5261 missam
708 5202 875 5281 publicam:
903 5204 1035 5264 omnibus

250 5302 450 5363 cnrdinalibus
469 5304 646 5381 praesentari
661 5304 792 5363 similiter
813 5303 1034 5366 instrumentum

250 5403 345 5475 Pacis,
359 5415 392 5462 ut
402 5402 481 5470 nean
498 5400 575 5461 linita
586 5403 681 5475 missa,
694 5403 854 5463 locavimus
866 5422 951 5465 unam
964 5425 1036 5485 par·-

249 5522 316 5562 ram
332 5519 457 5562 mensam
474 5502 657 5583 longitudinis
672 5516 738 5566 octo
756 5509 933 5586 patruorum,
947 5522 976 5571 et
991 5510 1035 5568 la-

248 5602 376 5663 titudinis
392 5615 529 5681 quatuor,
542 5604 585 5665 ael
599 5605 689 5678 circa,
703 5619 853 5669 consuetae
869 5608 1035 5683 altitudinis,

249 5705 322 5765 inter
342 5722 465 5782 parrum
483 5703 620 5780 boslinnr,
637 5726 686 5785 per·
703 5708 779 5785 quod
796 5710 854 5770 itur
874 5711 910 5772 ad
930 5729 1035 5773 secun-

707 655 912 723 conculta
933 656 1034 719 POST
1054 656 1202 720 SlX'PUli
1225 655 1428 726 Quantum.
1856 655 1894 716 li

1106 793 1171 853 dana
1188 795 1285 854 aulam
1301 794 1398 873 palatii
1414 793 1567 873 praedicti,
1587 805 1616 853 et
1637 810 1756 853 murum
1777 792 1821 853 illi
1840 810 1895 872 op·

1105 895 1229 973 positam
1241 896 1269 953 io
1281 893 1386 967 medio,
1395 910 1516 971 eamque
1531 892 1655 970 quodam
1668 912 1761 973 panno
1773 894 1895 967 rosaico,

1106 993 1187 1071 quasi
1199 993 1269 1052 duas
1285 1010 1389 1053 cannas
1401 991 1533 1062 habente,
1547 994 1894 1073 cooperuimus3desupcr

1105 1093 1253 1172 posuimus
1267 1110 1357 1152 unum
1370 1091 1566 1171 horologium,
1581 1093 1800 1170 campanellam,
1813 1093 1894 1154 cola·

1105 1212 1186 1253 mare
1208 1211 1274 1253 cunr
1304 1192 1483 1264 inclaustro,
1512 1193 1608 1271 pennis
1627 1194 1687 1253 sive
1704 1194 1843 1264 calamis,
1864 1205 1894 1254 et

1105 1311 1195 1352 unum
1212 1294 1398 1369 quintoraurn
1413 1304 1519 1352 cartae.
1537 1290 1664 1351 Sacrista
1682 1309 1763 1363 sero,
1778 1291 1894 1371 deposi-

1104 1394 1141 1452 tis
1156 1392 1292 1463 resdbus,
1308 1391 1402 1470 posuit
1419 1394 1446 1451 in
1461 1391 1555 1451 medio
1572 1392 1672 1451 altaris
1686 1391 1803 1452 calicem
1820 1409 1894 1451 con·

1104 1504 1249 1553 sectatum
1281 1511 1405 1552 racuuur
1431 1510 1497 1553 cunr
1525 1503 1627 1570 patena
1649 1491 1771 1570 desuper
1792 1491 1892 1570 posita.

1105 1592 1268 1654 Servitores
1295 1592 1490 1654 cardinalium
1518 1593 1659 1672 ponebant
1681 1591 1801 1671 quisque
1829 1602 1893 1652 ante

1104 1712 1189 1753 suum
1202 1693 1349 1754 dominum
1362 1712 1451 1753 unum
1467 1694 1625 1754 scabellum
1642 1703 1770 1754 erectum
1788 1694 1816 1751 in
1827 1710 1893 1753 mo-

1105 1793 1173 1854 durn
1186 1794 1297 1873 pulpiti,
1308 1805 1337 1853 et
1348 1793 1469 1873 desuper
1484 1794 1630 1853 calcinate
1645 1811 1712 1853 oum
1722 1794 1893 1866 inclaastro,

1105 1912 1195 1971 peona
1210 1894 1270 1953 sive
1285 1895 1407 1966 calamo,
1428 1911 1514 1952 unam
1537 1893 1683 1954 candelam
1706 1911 1843 1973 parvam,
1864 1905 1894 1953 et

1105 2010 1195 2052 unitur
1221 1993 1323 2053 iollam
1338 2002 1449 2064 cartae,
1469 1993 1496 2051 in
1517 2010 1576 2069 quo
1594 2012 1646 2071 per
1671 1994 1764 2071 capita
1784 1994 1893 2072 scripta

1104 2103 1188 2152 erant
1206 2091 1320 2151 nomina
1335 2091 1465 2152 omnium
1486 2090 1683 2152 cardinalium
1706 2093 1734 2151 in
1757 2094 1893 2154 conclave

1104 2191 1294 2263 existentium,
1311 2191 1367 2251 lroc
1382 2190 1469 2251 modo
1486 2202 1514 2252 et
1529 2192 1629 2252 ordine
1644 2204 1733 2271 prout
1751 2196 1894 2271 sequitur.

1146 2291 1188 2350 ibi
1207 2290 1322 2351 dimissa
1337 2292 1454 2353 suerunt
1469 2293 1525 2352 tria
1540 2291 1608 2352 lolia
1628 2292 1656 2351 in
1677 2290 1759 2365 albis,
1774 2303 1803 2352 et
1821 2310 1894 2352 cou-

1104 2390 1232 2453 secutivc
1245 2391 1392 2469 sequitur:

1145 2490 1182 2550 Β.
1205 2492 1239 2550 i).
1263 2491 1524 2553 vicecancellarius
1531 2516 1541 2567 3
1557 2492 1594 2553 Β.
1615 2493 1651 2554 D.
1671 2492 1893 2573 Neapolitanos,

1106 2592 1140 2651 Β.
1166 2592 1201 2651 Ι).
1226 2592 1324 2652 Sancti
1346 2593 1448 2667 biarci,
1463 2606 1491 2654 et
1509 2596 1550 2655 sic
1567 2596 1601 2656 de
1616 2596 1687 2655 aliis.
1702 2626 1720 2643 ·
1742 2594 1894 2655 Posuimus

1103 2694 1189 2752 etiarn
1201 2689 1284 2768 juxta
1297 2711 1421 2753 mensam
1437 2693 1628 2772 praedictam,
1640 2696 1714 2755 inter
1728 2713 1791 2755 eam
1806 2706 1835 2755 et
1848 2697 1895 2754 ai·

1105 2805 1178 2864 tare,
1193 2794 1247 2851 tria
1263 2793 1386 2854 scabeila
1392 2815 1402 2865 3
1417 2812 1506 2853 unum
1523 2796 1551 2853 ia
1567 2795 1670 2865 medio,
1683 2796 1739 2855 alia
1753 2796 1813 2857 diro
1827 2795 1894 2856 irinc

1105 2892 1236 2971 indeque,
1252 2894 1301 2964 ita,
1318 2893 1396 2969 quod
1415 2894 1537 2974 desuper
1559 2894 1686 2955 sedentes
1705 2913 1787 2956 renes
1807 2897 1893 2955 altari

1105 3011 1203 3053 versos
1220 2991 1370 3063 habebant,
1386 3003 1416 3053 et
1431 2994 1504 3054 inter
1519 2993 1616 3055 endem
1631 2994 1753 3056 scabella
1767 3013 1893 3076 pannum

1104 3093 1240 3171 pulcrum
1257 3111 1324 3152 oum
1345 3096 1437 3171 pomis
1457 3095 1555 3155 aureis
1570 3114 1604 3156 ex
1622 3093 1767 3155 brachata
1787 3098 1895 3157 cremi-

1102 3193 1176 3265 sino,
1190 3193 1380 3270 compositam
1398 3211 1451 3270 pro
1470 3193 1571 3254 iuturo
1590 3193 1727 3255 Pontifice
1742 3195 1770 3253 ia
1791 3214 1826 3256 eo
1848 3198 1894 3256 lo·

1103 3292 1204 3352 cauda.
1223 3292 1275 3350 His
1294 3293 1334 3352 sic
1357 3291 1507 3365 ordinatis,
1522 3293 1564 3353 iili
1581 3311 1615 3353 ex
1631 3295 1823 3363 conclusistis,
1844 3298 1895 3374 qui

1103 3393 1230 3472 capitula
1259 3411 1312 3471 per
1341 3390 1507 3452 Cardinales
1536 3392 1668 3452 ordinata
1697 3392 1894 3472 scripserant,

1103 3494 1237 3555 videlicet
1249 3492 1285 3553 D.
1295 3492 1339 3553 io.
1353 3491 1461 3572 hopes,
1470 3492 1504 3551 b.
1518 3492 1661 3553 iohannes
1673 3493 1778 3554 Petrus
1788 3493 1823 3555 de
1833 3495 1896 3555 Ar·

1103 3595 1256 3665 rirabenis,
1274 3593 1320 3654 io.
1335 3592 1510 3656 Laurentius
1521 3593 1561 3667 ¹de
1577 3594 1711 3666 lt'enetiis,
1727 3607 1755 3655 et
1777 3594 1893 3673 quidam

1102 3695 1162 3768 alii,
1183 3698 1231 3757 ilia
1252 3696 1279 3756 in
1295 3716 1343 3757 sex
1357 3697 1516 3775 quintetuis
1535 3698 1642 3776 scripta
1659 3694 1748 3774 (narn
1768 3696 1796 3754 in
1817 3694 1895 3756 duo·

1102 3796 1156 3854 bus
1173 3797 1332 3873 quinternis
1346 3798 1471 3875 capitula
1490 3800 1585 3857 onrnin
1601 3796 1818 3875 comprehensa,
1837 3798 1895 3855 tri·

1102 3897 1209 3974 plicata
1225 3896 1343 3957 luerunt
1363 3897 1397 3957 de
1413 3896 1502 3958 verbo
1516 3896 1552 3955 ad
1569 3897 1691 3957 verbum
1704 3894 1715 3976 )
1730 3893 1768 3955 Β.
1788 3896 1823 3954 D.
1839 3896 1894 3955 Vl-

1103 3997 1311 4056 cecaocellario
1332 3995 1518 4069 obtulerunt,
1547 3997 1597 4072 qui
1627 4014 1675 4066 ea,
1699 3994 1735 4054 ad
1765 4012 1892 4054 mensam

1103 4096 1278 4174 praedictam
1292 4094 1441 4167 accedens,
1453 4095 1557 4155 ibidem
1573 4112 1659 4155 rnauu
1681 4098 1799 4174 propria
1820 4093 1892 4153 sub-

1101 4197 1217 4275 scripsit
1231 4197 1259 4255 in
1271 4196 1390 4273 singulis
1405 4215 1452 4256 scr
1467 4197 1626 4274 quintoruis
1638 4196 1799 4275 praedictis.
1814 4196 1892 4256 idern

1101 4293 1232 4356 iecerunt
1249 4305 1312 4374 post
1331 4313 1397 4355 eum
1414 4296 1462 4354 aiii
1476 4295 1642 4357 cardinales
1661 4315 1715 4357 suo
1732 4296 1839 4356 ordina.
1855 4295 1891 4356 Β.

1102 4396 1137 4455 Ι).
1163 4394 1322 4456 cardinalis
1344 4394 1379 4456 de
1401 4395 1545 4468 Foscaro,
1572 4394 1649 4455 linita
1671 4396 1767 4470 missa,
1783 4396 1835 4457 itit
1856 4398 1891 4455 ad

1102 4498 1237 4558 cellulam
1257 4514 1350 4567 suam,
1365 4508 1393 4556 et
1411 4514 1492 4570 cum,
1506 4499 1555 4556 tali
1575 4498 1671 4569 modo,
1686 4496 1893 4560 subscribenda

1103 4599 1227 4677 capitula
1250 4596 1414 4674 hujusmodi
1436 4616 1491 4658 non
1513 4600 1674 4673 accederet,
1693 4600 1729 4658 Β.
1744 4599 1779 4659 D.
1804 4600 1892 4661 Vice-

1051 4708 1053 4712 “
1103 4697 1293 4759 cancellarius
1323 4700 1393 4759 milri
1415 4699 1506 4771 dixit,
1525 4712 1557 4759 at
1584 4702 1712 4779 praelato
1740 4701 1775 4759 Β.
1801 4701 1836 4759 Ι).
1857 4703 1892 4762 dc

1102 4801 1228 4859 Poscoro
1247 4796 1425 4861 notificarem
1441 4799 1530 4877 quod,
1544 4799 1581 4858 ad
1593 4800 1843 4871 subscribendum,
1855 4802 1891 4860 nd

1103 4900 1262 4978 cappellam
1287 4900 1384 4961 renirc
1406 4900 1587 4978 dignaretur,
1604 4902 1681 4979 quod
1699 4913 1727 4962 et
1746 4902 1809 4963 ieci.
1832 4900 1893 4960 ile·

1102 4999 1216 5078 spondit
1231 4999 1312 5071 mibi,
1324 4999 1413 5077 quod,
1425 5000 1539 5060 dimisso
1551 5019 1605 5079 pro
1619 5018 1670 5059 sua
1686 4998 1892 5077 subscriptione

1102 5101 1209 5178 spacio,
1220 5098 1269 5158 alii
1284 5117 1381 5160 ornnes
1396 5100 1621 5172 subscriberent,
1636 5113 1662 5162 ct
1677 5100 1808 5161 omuibus
1820 5099 1893 5160 sub·

1102 5200 1232 5277 scriptis,
1252 5198 1326 5258 idenr
1353 5210 1381 5258 et
1407 5200 1464 5277 ipse
1487 5200 1619 5260 lactarus
1640 5213 1727 5262 esset:
1755 5202 1795 5261 sio
1816 5201 1892 5263 enirn

1102 5318 1200 5361 omnes
1227 5298 1481 5379 subscripserunt,
1503 5300 1617 5362 dimisso
1646 5321 1702 5381 pro
1725 5321 1759 5363 eo
1790 5306 1890 5383 spatio.

1103 5402 1258 5478 Postquam
1273 5400 1321 5460 alii
1332 5400 1499 5462 cardinales
1518 5420 1548 5460 se
1562 5400 1573 5474 i
1587 5414 1617 5463 ut
1630 5402 1806 5487 praefertur)
1820 5403 1893 5463 sub·

1102 5505 1288 5581 scripserant,
1311 5502 1345 5563 de
1368 5503 1501 5564 mandato
1522 5506 1756 5567 vicecancellarii
1778 5507 1892 5585 portasi

1102 5624 1200 5665 ornnes
1220 5625 1268 5667 scs
1290 5605 1457 5684 quintarnos
1476 5606 1637 5684 praedictos
1656 5608 1769 5669 domino
1784 5608 1818 5669 de
1832 5608 1892 5667 Fo-

1104 5728 1187 5770 scnro
1209 5708 1439 5783 subscribendas,
1456 5711 1504 5787 qui
1527 5711 1596 5770 nrilri
1616 5712 1693 5784 dixit,
1710 5729 1890 5789 rrequnquanr

1609 5837 1622 5881 ³
