4492 6859
301 616 411 707 (ιιιιι)

351 758 478 819 Sabbata
513 774 557 818 ιιι.
596 760 700 819 mensis
738 755 868 835 januarii
901 759 1091 840 supradicti,

305 858 381 918 bora
401 859 451 918 et.
470 858 515 919 vel
532 859 627 932 cirea,
649 878 701 939 per
722 871 835 940 portem
852 861 957 922 Beatae
983 861 1092 923 biariae

305 959 341 1019 de
356 957 469 1039 Populo
484 961 561 1021 venit
577 960 614 1019 ad
633 959 743 1022 Urbem
765 960 950 1041 magnificus,
976 962 1091 1023 Domini

305 1059 491 1121 illeximiiiani
506 1061 706 1121 Romanorum
722 1062 809 1141 Regis
824 1081 935 1141 semper
958 1063 1091 1142 Augusti,

306 1159 429 1235 Orator,
440 1181 507 1222 cum
518 1163 708 1224 familiaribus
717 1179 790 1225 xnn.
801 1165 845 1225 vel
858 1166 983 1236 circa‚et
994 1164 1092 1224 salmis

306 1261 418 1322 duabus
441 1281 540 1323 rerum
563 1280 708 1323 suarum:
731 1265 778 1324 cui
799 1263 913 1324 obviam
940 1267 1090 1336 venimus,

306 1363 341 1423 D.
353 1363 533 1423 Pbilibertus
544 1363 686 1425 Natureiii
697 1362 807 1424 Drator·
824 1366 901 1424 llius.
916 1364 1007 1425 Ducis
1018 1364 1091 1425 Pbi·

307 1464 394 1543 lippi,
414 1464 553 1543 praedicti
575 1464 662 1543 Regis
682 1463 744 1537 dlii,
766 1464 907 1537 Decanus,
930 1464 1090 1541 etquidem

306 1564 468 1626 cananeus
484 1564 683 1639 Tridentinus,
705 1566 734 1625 in
756 1565 837 1628 Urbe
859 1584 914 1645 pro
933 1563 1091 1625 conflrma-

307 1665 386 1725 ticne
414 1665 481 1724 dicti
502 1665 597 1726 Electi
620 1665 781 1727 Tridentini
801 1668 959 1735 existentes,
978 1666 1013 1726 D.
1037 1665 1090 1727 ni·

309 1768 410 1826 coiaus
430 1765 634 1836 crumenam,
650 1777 679 1826 et
697 1786 763 1845 egm
781 1776 811 1828 et
830 1785 896 1828 eum
915 1768 951 1844 ad
974 1769 1090 1829 domum

307 1867 452 1945 quondam
474 1866 590 1928 Domini
608 1866 690 1928 Petri
711 1868 746 1929 de
767 1868 903 1930 Perreria
924 1868 1091 1948 Scriptoris,

306 1978 335 2027 et
349 1967 548 2029 Abreviatoris
568 1969 719 2030 literarum
735 1971 978 2047 Apostolicorum,
990 1972 1018 2030 in
1033 1989 1090 2048 qua

306 2068 445 2149 bospiteri
461 2070 553 2131 voluit
567 2114 577 2143 ,
591 2069 804 2130 associavimus.

347 2170 432 2230 Feria
451 2182 540 2243 sexta,
555 2187 654 2231 xxnrr
675 2170 746 2231 dicti
763 2171 864 2230 mensis
876 2168 1018 2247 januarii,
1034 2169 1089 2231 SS.

306 2271 341 2331 D.
364 2270 399 2330 N.
421 2272 580 2333 Alexander
601 2270 679 2350 Pape
702 2271 807 2331 Sextus
829 2290 874 2332 me
889 2271 926 2330 ad
947 2282 1090 2331 secretum

306 2372 517 2433 consistorium
540 2382 665 2444 vocato,
692 2374 883 2452 interrogavit
904 2372 1041 2449 quando,
1062 2386 1091 2435 ct

308 2473 434 2549 qualiter
470 2474 573 2531 festum
606 2471 815 2533 Puriiicationis
849 2473 951 2536 Beatae
983 2475 1090 2537 liariae

306 2573 445 2651 Virginis,
477 2573 555 2650 quod
588 2573 643 2634 boc
673 2591 746 2634 anno
769 2575 797 2633 in
818 2558 967 2637 Dominica
1000 2576 1090 2638 Sexa-

305 2674 429 2751 gesimae
466 2675 581 2746 veniet,
613 2686 685 2735 esset
711 2674 917 2755 peragendum.
949 2675 1090 2756 Respondi

306 2773 457 2834 Sanctitati
487 2774 587 2846 Suae,
615 2775 691 2836 idem
712 2776 816 2836 iestum
844 2786 971 2855 tempore
1001 2776 1090 2838 felicis

305 2873 513 2936 recordationis
539 2875 651 2937 Urbani
684 2875 780 2955 Papae
801 2877 851 2949 Vi,
876 2894 951 2937 annu
983 2887 1090 2955 quarto

307 2974 496 3036 Pontificatus
506 2976 566 3050 sui,
578 2976 687 3037 senisse
706 2977 733 3036 in
744 2976 894 3038 Dominica
906 2977 1092 3056 Septuagesi·

305 3094 369 3138 mae
383 3087 411 3137 et
427 3088 495 3138 tunc
507 3078 672 3138 ordinatum
686 3077 784 3153 luisse,
796 3079 874 3156 quod
891 3078 1047 3139 benedictio
1061 3092 1089 3141 et

304 3177 468 3238 distributio
484 3178 671 3239 candelarum
692 3176 774 3240 deret
794 3179 892 3240 eadem
919 3180 1089 3256 Dominica,

304 3278 355 3340 sed
377 3280 503 3340 officium
524 3279 627 3340 biissae
645 3278 727 3342 fieret
745 3280 795 3341 ilia
816 3280 861 3342 die
876 3281 1040 3357 Dominica,
1061 3294 1089 3344 et

305 3382 432 3442 officium
447 3381 552 3442 Beatae
567 3381 673 3442 blariae
686 3383 891 3445 transferretur
903 3385 930 3444 in
946 3383 990 3445 die
1005 3385 1089 3446 lunae

305 3492 374 3542 tnnc
407 3482 538 3561 proxime
571 3494 732 3559 sequmte,
768 3493 796 3544 et
827 3494 896 3543 tunc
930 3485 970 3544 sie
1001 3484 1087 3547 inisse

304 3580 507 3656 observatum,
529 3594 557 3645 et
578 3583 606 3643 id
628 3595 779 3663 propterea
798 3586 917 3658 iactum,
936 3586 1001 3663 quia
1018 3595 1086 3647 tunc

304 3684 440 3758 temporis
456 3701 553 3745 amnes
565 3683 731 3745 Domiuioae
744 3684 986 3766 septuagesimae,
996 3685 1087 3747 Sexa-

306 3784 431 3862 gesimee
448 3828 457 3857 ,
477 3794 506 3846 et
526 3782 783 3863 Quinquagesimae
801 3785 917 3845 inissent
932 3785 1087 3847 blissarum

306 3883 475 3963 Papalium,
493 3882 567 3943 sicut
581 3882 744 3944 Dominicae
757 3882 1017 3961 Quadragesimae,
1038 3887 1086 3947 sed

304 3984 388 4045 bodie
407 4003 489 4045 secus
509 4004 581 4057 esse,
601 4003 670 4045 cum
682 3974 757 4045 'illac
777 3984 953 4058 Dominicae,
973 3996 1087 4066 tempo-

305 4086 385 4146 ribus
418 4089 523 4147 nostris
556 4104 611 4147 non
645 4086 776 4159 luerint,
799 4105 890 4164 neque
918 4087 1000 4149 bodie
1032 4090 1086 4151 sint

304 4187 457 4248 Missurum
480 4186 650 4267 Papalium,
672 4188 721 4249 sed
742 4206 916 4250 consuevere
942 4188 970 4248 in
995 4208 1085 4269 parva

303 4289 448 4367 cappella,
471 4289 498 4348 in
519 4287 668 4349 Pontificis
690 4300 718 4349 et
739 4288 936 4351 Cardinaiium
960 4290 1085 4352 absentis

303 4390 425 4468 peragi,
447 4400 600 4470 propterea
623 4409 704 4471 posse
727 4392 756 4451 in
777 4392 874 4454 eadem
896 4412 987 4474 parve
1014 4414 1084 4476 cap-

303 4492 378 4568 pella
406 4510 456 4570 per
483 4504 615 4552 cantores
634 4504 662 4553 et
684 4494 883 4571 cappellanum
909 4495 1024 4555 blissam
1050 4496 1084 4560 de

301 4591 362 4671 ipse
385 4591 532 4654 Dominice
552 4593 700 4654 decantari
719 4593 748 4653 in
769 4592 916 4655 Pontibeis
937 4595 1084 4671 absentia,

303 4830 414 4879 aienteri
431 4831 556 4892 expensis
571 4830 635 4880 suis.
652 4830 684 4880 nt
701 4830 749 4879 iuit
766 4832 888 4891 receptus
910 4841 969 4877 cum
991 4842 1083 4893 msguo

302 4908 455 4971 triumpho.
471 4913 498 4958 et
514 4921 605 4959 omnes
617 4910 705 4959 mirati
717 4913 791 4966 sunt,
807 4907 878 4971 qnod
893 4910 1000 4970 llagnus
1016 4907 1084 4959 'Pur-

302 4998 349 5035 cus
367 4985 468 5036 miserit
485 4987 611 5037 tributum
628 4988 712 5051 Papae
729 4992 756 5038 et
771 4988 906 5038 Ecclesiae
924 4989 970 5039 Dei
985 5011 1005 5038 ι.

344 5065 380 5115 De
398 5066 496 5116 tributo
513 5081 527 5116 a
544 5067 687 5117 'furcarum
715 5068 783 5130 Rege
809 5068 894 5117 soluto
916 5081 965 5131 pro
987 5069 1083 5119 Zizimo

303 5145 497 5204 custodiendo,
517 5145 571 5208 jam
597 5146 629 5195 ad
654 5148 801 5197 satietatem
818 5146 932 5199 diximus
949 5149 974 5197 in
998 5150 1083 5211 prima

301 5229 379 5287 parte
396 5225 493 5275 Dierii:
509 5238 560 5287 qua
577 5224 610 5275 de
627 5238 705 5274 causa
730 5226 792 5275 nibil
818 5230 858 5276 esi
880 5227 948 5290 quod
971 5231 1082 5292 amplius

300 5306 343 5355 bic
360 5306 497 5369 loquamur
513 5318 593 5368 super
609 5303 688 5355 dictis
706 5306 860 5356 iniessurae.

343 5384 459 5435 Tandem
478 5385 527 5436 boc
544 5401 610 5437 anno
627 5401 642 5438 e
659 5390 712 5440 vita
730 5391 850 5455 migravit
867 5390 1014 5441 Fridcrirus
1031 5389 1082 5439 im·

301 5467 426 5525 perator,
444 5468 470 5513 ei
488 5466 513 5513 in
525 5465 643 5527 ejnsdem
657 5467 741 5517 locum
755 5472 780 5518 in
793 5469 898 5533 Imperii
914 5469 1082 5519 administra-

303 5539 376 5589 tione
399 5541 523 5592 suffectus
546 5543 737 5595 maximilianus
762 5547 815 5596 ilex
838 5548 1019 5599 Romanorum.
1045 5547 1081 5597 De

301 5618 380 5682 primi
398 5625 495 5680 morte,
512 5622 554 5671 vei
579 5622 613 5672 de
638 5624 747 5673 secundi
773 5627 900 5677 electione
925 5625 1081 5690 loquebatur

295 5703 370 5750 certe
381 5699 547 5754 burchardus
559 5703 586 5753 in
597 5701 744 5767 fragmento
760 5718 774 5755 a
791 5718 849 5769 pag.
865 5710 914 5761 25³
930 5706 963 5758 ed
980 5720 1006 5771 p.
1021 5708 1075 5760 idi.

810 620 1093 687 ronrmtcnrus
1113 619 1336 682 namnum
1358 618 1482 684 SEXTI.

1876 632 1938 692 ata
2027 607 2030 612 ’

1161 757 1260 819 deinde
1279 757 1309 816 in
1330 759 1457 837 cappella
1479 760 1580 837 mojori
1599 781 1651 841 per
1672 762 1842 827 Pontificem
1868 784 1940 827 cen·

1160 858 1237 920 deias
1253 858 1380 918 benedici
1395 868 1425 919 et
1439 859 1586 935 distribui,
1601 882 1647 937 ac,
1667 867 1844 944 processione
1861 865 1938 928 finita

1159 959 1273 1019 Missam
1295 958 1330 1021 de
1350 958 1553 1023 Purificatione
1574 968 1774 1027 convenienter
1789 985 1870 1047 passe
1887 986 1937 1029 ce-

1160 1058 1283 1131 lebrari,
1302 1069 1331 1121 et
1356 1059 1413 1120 boc
1441 1061 1527 1123 etiam
1560 1062 1675 1137 iacere,
1705 1067 1781 1143 quod
1809 1068 1937 1146 cappella

1160 1160 1220 1239 ipsa
1239 1157 1333 1236 major
1352 1160 1431 1221 sitin
1453 1161 1591 1224 bonorem
1613 1162 1742 1240 ejusdem
1758 1168 1859 1228 beatae
1875 1168 1939 1228 bia-

1157 1261 1217 1321 riae
1236 1260 1366 1339 Virginis
1389 1275 1580 1337 consecrata,
1609 1274 1638 1325 et
1660 1277 1811 1346 propterea
1833 1269 1936 1328 iestum

1156 1356 1285 1436 ejusdem
1315 1359 1437 1421 Sanctae
1468 1360 1577 1425 Mariae
1595 1365 1623 1424 iri
1644 1384 1677 1425 ea
1699 1366 1849 1426 transferri
1880 1385 1938 1428 non

1158 1460 1338 1523 debereSS.
1359 1462 1394 1521 1).
1417 1462 1450 1522 Ν.
1474 1480 1537 1543 par.
1561 1509 1568 1523 .
1591 1509 1599 1526 .
1623 1508 1630 1523 .
1653 1511 1659 1525 .
1683 1512 1690 1525 .
1711 1511 1718 1525 .
1742 1466 1937 1528 Cardinalium

1158 1580 1244 1641 super
1257 1562 1370 1640 judicio
1385 1580 1449 1624 meo
1464 1567 1624 1638 sententias,
1640 1567 1689 1643 qui
1701 1586 1798 1629 omnes
1812 1587 1828 1627 a
1844 1571 1939 1649 primo

1157 1662 1193 1721 ad
1216 1662 1351 1723 ultimum
1373 1665 1566 1739 concorditer,
1584 1667 1695 1728 nemine
1711 1669 1940 1743 contradicente,

1158 1780 1250 1823 meana
1272 1764 1437 1823 sententium
1467 1766 1688 1845 approbarunt,
1709 1777 1737 1827 et
1759 1748 1938 1840 laudarunt,

1157 1874 1309 1941 propterea
1339 1862 1395 1923 init
1415 1864 1470 1936 sic,
1491 1864 1525 1925 de
1556 1867 1685 1925 omnium
1720 1869 1852 1940 consiliu,
1874 1867 1937 1929 beri

1156 1961 1261 2024 debere
1275 1964 1444 2023 conclusum
1463 1983 1514 2044 per
1536 1966 1591 2026 SS.
1614 1966 1649 2026 D.
1671 1966 1705 2026 Ν.
1728 1977 1756 2027 et
1778 1968 1935 2029 decretum

1030 2091 1036 2102 ·
1158 2061 1459 2124 inter·ineruntautem
1474 2064 1935 2147 inConsistoriosupradictoxxt.

1157 2160 1348 2235 Cardinuies,
1371 2164 1504 2226 videlicet
1522 2164 1725 2245 Neapolitanus
1742 2213 1750 2242 ,
1768 2178 1797 2229 et
1819 2170 1940 2231 Ulixbo·

1159 2265 1251 2325 nensis
1270 2265 1425 2345 Episcopi
1440 2288 1452 2337 ‚-
1475 2265 1572 2327 Sancti
1591 2267 1754 2343 Clementis,
1773 2271 1937 2343 lanuemis,

1159 2363 1330 2437 Parmensis,
1341 2364 1567 2441 Beneventanus,
1587 2368 1691 2430 Montis
1701 2370 1829 2451 Regalis,
1851 2372 1937 2434 Ursi-

1158 2481 1229 2533 nus,
1250 2463 1468 2539 Alexandrinus,
1489 2466 1587 2529 Sancti
1609 2470 1762 2551 Dionysii,
1784 2482 1813 2533 et
1834 2473 1939 2533 Certa·

1156 2563 1278 2642 ginensis
1300 2566 1497 2647 Presbyteri·
1518 2567 1667 2642 Senensis,
1689 2571 1787 2631 Sancti
1809 2572 1939 2652 Georgii,

1157 2665 1308 2738 Columna,
1319 2667 1471 2739 Ascanius,
1485 2666 1587 2749 Sancti¹
1604 2669 1748 2744 Severini,
1760 2672 1939 2746 Valentinus,

1155 2762 1349 2838 Caesaribus,
1380 2766 1558 2841 Grimanus,
1587 2769 1742 2831 Farnesius
1773 2782 1802 2831 et
1828 2771 1939 2835 Lunate

1157 2866 1482 2929 Diaconiilardiaaies.
1505 2867 1614 2930 Eodem
1635 2889 1718 2933 mane
1740 2871 1775 2930 D.
1797 2871 1940 2934 lobannes

1156 2964 1266 3028 Paulus
1287 2968 1321 3029 de
1341 2969 1443 3041 Dosiis,
1459 2969 1587 3031 Secrisia
1609 2973 1752 3052 cappellae
1774 2972 1829 3032 SS.
1846 2972 1881 3033 D.
1902 2970 1940 3032 N.

1156 3067 1261 3149 Papae,
1280 3070 1330 3147 qui
1345 3072 1431 3131 etiam
1454 3072 1482 3130 io
1502 3073 1672 3133 consistorio
1688 3074 1854 3153 supradicto
1871 3074 1939 3134 dum

1155 3171 1308 3249 praemissa
1333 3167 1434 3230 flerent
1462 3172 1604 3245 interiuit,
1625 3173 1694 3231 mibi
1716 3173 1803 3247 dixit,
1830 3176 1938 3235 dictum

1155 3269 1257 3331 iestum
1279 3269 1501 3346 Purificationis,
1523 3283 1651 3352 tempore
1673 3274 1761 3335 felicis
1796 3276 1935 3337 recorda·

1154 3372 1237 3431 tionis
1258 3372 1330 3431 Sixti
1355 3371 1450 3451 Papae
1469 3371 1572 3442 ersrti
1594 3374 1784 3436 indominica
1807 3376 1934 3455 Septua-

1139 3470 1277 3549 gesimae
1299 3473 1343 3532 vel
1360 3470 1555 3551 Sexagesimae
1576 3474 1694 3548 venisse,
1715 3493 1752 3534 ac·
1772 3476 1870 3537 eadem
1890 3476 1935 3539 die

1152 3572 1283 3632 candelas
1304 3592 1353 3652 per
1368 3573 1500 3633 eumdem
1523 3573 1634 3635 Sixtum
1657 3575 1817 3636 benedictas
1838 3588 1867 3637 et
1888 3576 1935 3635 di·

1152 3673 1291 3733 stributas
1324 3674 1430 3748 inisse,
1463 3692 1498 3735 ac
1531 3676 1739 3754 processionem
1772 3688 1936 3738 eomuetam

1153 3772 1298 3846 babitam;
1322 3773 1419 3835 deinde
1449 3774 1521 3835 Rev.
1557 3774 1592 3833 D.
1619 3774 1802 3837 Cardinalem
1835 3776 1934 3838 Sancti

1151 3871 1303 3933 Clementis
1325 3873 1440 3933 blissam
1460 3874 1606 3953 publicam
1629 3875 1664 3935 de
1685 3875 1835 3936 Dorninica
1863 3887 1933 3938 tunc

1151 3983 1289 4035 currente
1309 3976 1337 4035 in
1364 3972 1458 4054 Papae
1483 3985 1511 4035 et
1544 3973 1742 4037 Cardinaliunr
1776 3979 1935 4057 praesentia

1151 4074 1328 4148 celebrasse,
1347 4074 1498 4154 ipsumque
1514 4074 1672 4135 Sacristam
1694 4096 1710 4136 a
1730 4076 1932 4138 cardinalibus

1152 4174 1358 4253 reprehensum
1374 4176 1470 4247 iuissc,
1492 4174 1616 4237 dicentes
1636 4176 1751 4237 blissam
1774 4178 1934 4239 dominica·

1151 4275 1207 4334 lem
1229 4273 1394 4352 hujusmodi
1426 4295 1481 4337 non
1506 4296 1566 4338 esse
1592 4277 1751 4340 Cardinaiis
1782 4280 1830 4341 sed
1860 4279 1935 4340 sim·

1151 4376 1233 4454 plicis
1254 4377 1383 4457 praelati.
1408 4377 1460 4438 Die
1481 4388 1578 4439 antem
1600 4381 1684 4441 lunae
1705 4392 1773 4442 tuuc
1798 4392 1933 4459 sequente

1149 4493 1206 4538 non
1239 4477 1325 4539 iuisse
1359 4480 1386 4537 in
1420 4481 1546 4559 cappella
1581 4470 1692 4557 mejore
1731 4481 1798 4543 dicti
1831 4483 1930 4563 palatii
2032 4509 2035 4516 ·

1149 4577 1264 4638 Missam
1286 4579 1456 4641 celebratam
1478 4580 1512 4640 de
1531 4582 1618 4641 Bruta
1637 4581 1766 4661 Virgine;
1789 4600 1930 4661 quaeres

1149 4680 1210 4741 sine
1231 4681 1309 4740 omni
1329 4681 1440 4742 ratione
1461 4692 1525 4742 acta
1545 4693 1595 4742 est.
1769 4751 1772 4758 .

1189 4780 1339 4841 Dominica
1360 4780 1582 4860 Sexagcsimne,
1609 4783 1732 4843 mounda
1764 4782 1865 4842 mensis
1886 4780 1933 4841 ic·

1148 4880 1273 4955 bruarii,
1290 4884 1362 4943 iesto
1377 4881 1588 4942 Purificationis
1607 4883 1711 4944 Beatm
1733 4881 1841 4941 Mariae
1860 4879 1932 4939 Vir·

1149 4982 1234 5061 ginis,
1253 4982 1308 5043 SS.
1324 4982 1359 5041 D.
1377 4980 1412 5041 Ν.
1432 4994 1551 5063 paratus
1573 5000 1653 5042 more
1671 4982 1779 5054 solito,
1801 4981 1878 5040 venit
1896 4979 1932 5038 ad

1148 5087 1305 5164 cappellam
1325 5081 1465 5159 majorem
1489 5083 1696 5163 supradictam,
1719 5083 1780 5155 ubi,
1803 5082 1878 5142 sacta
1898 5101 1931 5142 ex

1149 5204 1229 5247 more
1249 5186 1302 5245 sibi
1324 5205 1375 5266 per·
1398 5184 1563 5246 Cardinaies
1586 5185 1765 5257 reverentia,
1793 5181 1933 5243 benedixit

1148 5298 1177 5348 ct
1187 5287 1334 5347 distribuit
1350 5285 1491 5358 condelas,
1506 5303 1577 5363 quas
1594 5293 1748 5345 tenuerunt
1761 5282 1797 5341 D.
1815 5281 1932 5341 Pisauri

1147 5400 1165 5441 a
1197 5383 1325 5454 dextris,
1346 5391 1374 5441 et
1397 5380 1519 5441 Senator
1542 5399 1558 5439 a
1580 5380 1723 5451 sinistris,
1754 5387 1782 5438 et
1810 5393 1931 5457 parvam

1147 5500 1235 5561 quum
1257 5483 1348 5541 tenuit
1367 5482 1402 5542 D.
1424 5480 1529 5541 Petrus
1549 5481 1710 5542 Carancius
1733 5478 1932 5541 cubicularius

1147 5594 1294 5645 secretus:
1317 5584 1416 5646 deinde
1437 5583 1529 5664 Papa,
1547 5596 1666 5664 accepto
1684 5582 1835 5663 gremiali,
1855 5580 1933 5642 dedit

1147 5685 1201 5766 ipsi
1214 5684 1400 5765 Neapolitano
1410 5686 1570 5761 Cardinali,
1583 5687 1716 5767 praelatis
1728 5696 1756 5746 et
1773 5684 1836 5745 aliis
1850 5700 1931 5743 neore

1655 5799 1684 5853 ³5
