4492 6859
235 641 345 727 (itan

239 779 358 843 interim
388 797 435 841 ras
465 795 532 839 suas
558 790 799 858 composuerunt,
819 798 950 842 cameras
974 778 1028 841 de-

239 881 428 954 mandarunt,
448 891 477 941 at
497 880 593 941 omnia
618 897 672 941 sua
695 880 782 942 simul
804 881 911 961 singuli
934 881 1028 942 colle·

236 990 356 1060 gerunt,
374 979 498 1060 exceptis
515 979 700 1042 conclaristis
718 979 895 1054 llellitensis,
910 981 961 1059 qui
976 1000 1028 1042 ca·

236 1098 348 1141 meram
374 1078 483 1141 domini
507 1079 553 1139 sui
581 1097 651 1141 aum
675 1080 756 1141 bonis
781 1081 1027 1142 conclaristarnm

234 1182 429 1260 reliquerunt
450 1179 620 1246 cardinales
637 1181 665 1241 in
685 1182 814 1262 cappella
835 1198 928 1260 parra
946 1181 1027 1243 iece-

237 1293 307 1343 runt
327 1282 515 1353 scrutinium,
539 1292 573 1341 ut
596 1281 774 1354 lteri,‚nulla
796 1292 891 1343 tamen
916 1280 952 1343 de
973 1299 1027 1342 ac·

236 1382 381 1455 cessione,
401 1382 547 1444 mentione
566 1381 652 1443 iacta.
674 1381 765 1443 Facto
785 1381 950 1455 scrutinio,
975 1400 1028 1442 re·

236 1495 355 1562 perium
381 1494 424 1543 est
451 1481 489 1541 li.
516 1478 551 1541 l).
574 1481 734 1544 iohannem
765 1482 810 1543 tit.
832 1481 864 1543 8.
886 1480 1028 1545 Caeciliae

238 1580 448 1661 Presbyterum
478 1580 660 1643 cardinalem
692 1580 878 1643 Melitensem
910 1601 1029 1661 compe—

238 1684 326 1744 tentia
349 1693 415 1744 rota
434 1680 551 1754 habere,
572 1692 726 1761 propterea
744 1683 821 1744 idem
839 1683 877 1742 ab
895 1681 1029 1751 omnibus

237 1781 450 1854 Cardinalibus,
464 1798 499 1841 aa
518 1791 579 1842 toto
598 1782 730 1861 ipsorum
749 1782 950 1845 cardinalium
965 1783 1030 1844 col·

237 1882 315 1962 legio
327 1881 510 1955 unanimiter,
520 1882 636 1944 nemine
646 1880 895 1965 discrepantem),
907 1886 935 1943 in
947 1882 979 1944 8.
991 1884 1027 1944 lt·

275 2167 313 2221 (t)
328 2161 365 2213 De
381 2163 524 2214 innocentii
541 2164 635 2215 Octavi
652 2164 792 2225 electione,
807 2165 924 2215 narratis
940 2165 974 2215 ab
986 2163 1029 2215 ln·

237 2243 342 2293 tassura
358 2244 474 2307 perutile
489 2243 542 2294 erit
558 2244 674 2308 adjicere
692 2245 758 2296 duas
770 2245 862 2297 literas
872 2245 1029 2310 legatorum

236 2322 445 2374 florentinorum
470 2323 568 2374 Romae
585 2324 733 2387 degentium
754 2325 788 2375 td
808 2326 975 2377 Laurentium
995 2326 1028 2375 da

237 2400 414 2464 ldediciquta
425 2400 603 2452 adservantur
615 2404 642 2452 in
654 2402 785 2454 tabulario
795 2405 911 2456 lledioeo
922 2403 1030 2461 (Corri-

234 2480 382 2542 spontaneo
391 2481 517 2532 omriore
531 2480 559 2531 ot
573 2481 730 2544 Principem,
744 2481 806 2545 tiro
820 2481 928 2536 XXXIX
942 2482 962 2543 i.

316 2578 326 2599 ·
344 2557 477 2620 llegnidea
495 2561 542 2609 rir-

275 2637 309 2687 Se
325 2638 342 2685 l'
353 2640 446 2688 arriso
464 2638 516 2690 mio
531 2637 601 2688 daila
616 2638 757 2689 creaziona
779 2637 823 2688 del
847 2637 979 2690 l’ontedca
1000 2639 1028 2691 ia

236 2717 372 2776 tardatio,
387 2729 420 2767 na
441 2715 470 2767 iu
493 2728 574 2767 causa
596 2716 695 2780 parcite
718 2718 832 2769 Antonio
858 2718 1027 2769 'l'ornabuoni

235 2794 341 2860 spaccid
357 2808 437 2846 senza
452 2796 617 2858 aspertum,
633 2794 732 2859 parcite
748 2809 794 2848 ero
812 2796 841 2847 in
858 2797 935 2860 luogo
946 2798 1026 2848 ndito

240 2889 329 2928 messa
350 2888 400 2926 con
415 2872 450 2938 gli
467 2874 527 2924 altri
545 2873 666 2935 oratori,
688 2887 703 2925 e
728 2888 780 2925 non
802 2879 898 2937 potero
920 2880 1027 2937 uscire,

236 2952 336 3016 percite
353 2955 377 3003 la
394 2951 508 3003 statietta
527 2953 553 3003 di
569 2954 664 3005 llilano
681 2954 708 3004 lu
725 2956 857 3016 specciata
877 2967 925 3018 per
947 2955 1027 3006 Fran-

234 3045 315 3083 cesao
325 3032 359 3083 da
375 3032 468 3083 Casale
484 3048 499 3083 a
516 3045 568 3082 non
585 3045 633 3095 per
649 3034 665 3082 i’
676 3033 803 3085 Oratore:
817 3034 959 3086 abbiatemi
977 3048 1026 3099 per

237 3114 365 3164 lacunato.

278 3192 308 3243 lii
324 3195 419 3255 questo
434 3190 574 3250 eontanas,
590 3191 701 3242 credere
716 3193 806 3256 quello
824 3206 856 3243 ne
873 3194 991 3253 intendo,
1002 3195 1025 3244 lt

235 3275 331 3321 natura
347 3283 405 3330 sua,
412 3269 517 3333 quando
529 3282 575 3319 era
585 3269 733 3330 cardinale,
742 3284 789 3321 ara
806 3274 887 3322 molto
902 3285 1025 3323 umanae

237 3350 350 3413 benigna
367 3361 381 3399 a
398 3362 413 3398 a
430 3341 657 3399 ciascuno‘tacera
673 3362 792 3410 carezze,
808 3364 822 3401 a
839 3351 949 3402 basiare
960 3366 1026 3416 qua·

238 3428 347 3493 tuaque,
361 3427 405 3492 piit
421 3427 470 3478 che
487 3428 529 3478 ciri
545 3430 589 3478 voi
606 3432 716 3491 sapete;
732 3429 747 3480 e
764 3443 815 3480 non
832 3432 912 3481 molto
923 3431 949 3483 di
966 3444 1026 3493 spa·

236 3505 329 3557 rienza
346 3505 407 3556 delli
424 3506 509 3567 Stati,
524 3506 549 3556 di
566 3519 616 3558 non
633 3508 714 3558 molta
731 3510 902 3568 letteratura,
918 3522 960 3560 ma
976 3522 1027 3571 pur

236 3599 289 3637 non
306 3584 321 3635 d
336 3586 362 3635 in
379 3589 447 3636 tutto
464 3588 614 3649 ignoranter
631 3598 676 3637 ara
693 3591 762 3642 tutto
778 3588 804 3638 di
819 3588 844 3638 S.
859 3589 917 3640 Pier
930 3591 956 3639 in
967 3589 1026 3640 llin-

237 3666 297 3716 cula
313 3662 406 3723 (crea.
422 3664 488 3715 niu
502 3664 635 3723 Rooaeie
653 3666 687 3715 lui
704 3666 729 3716 lo
746 3666 803 3717 tetre
819 3668 861 3718 tar
876 3668 1025 3721 cardinale.

237 3745 315 3795 Pleno
332 3747 357 3795 in
374 3746 441 3803 riso,
457 3743 472 3794 e
489 3746 557 3795 assai
574 3746 686 3808 grande,
701 3746 728 3795 di
740 3747 787 3796 eti
804 3747 830 3797 di
847 3749 917 3797 circa
934 3750 963 3799 55
981 3764 1025 3800 an·

235 3827 282 3885 ni3
298 3825 367 3875 assai
384 3823 503 3875 robusto.
519 3823 557 3874 lla
573 3837 625 3874 uno
641 3825 756 3883 tratello‚
768 3826 800 3875 ira
817 3825 921 3890 dgiiuoii
934 3829 1026 3890 grandi

238 3905 378 3965 bastardi,
393 3904 473 3954 credo
490 3905 594 3955 aimeno
609 3918 681 3964 uno,
698 3919 713 3956 e
729 3905 842 3968 dglluole
858 3908 954 3959 femine
971 3921 1027 3959 ma-

237 3986 316 4035 ritata
328 3986 381 4049 qui.
398 3982 546 4040 Cardinale,
555 3996 608 4032 non
619 3983 720 4033 andare
737 3984 805 4035 bene
817 3987 857 4036 col
866 3985 958 4037 Conte.
976 3987 1026 4037 San

236 4063 335 4114 Pieria
352 4062 459 4112 Vincula
476 4063 498 4109 si
514 4061 567 4122 pud
582 4062 640 4111 dira
657 4074 733 4111 asser
750 4062 836 4124 Papa,
852 4076 867 4114 a
883 4065 927 4127 piir
950 4067 1026 4129 potrt

236 4144 288 4194 ene
305 4155 354 4192 oon
363 4141 431 4203 Papa
442 4141 519 4198 sisto,
535 4152 564 4190 aa
581 4153 610 4191 se
627 4142 653 4191 lo
664 4141 743 4204 saprd
754 4148 914 4195 mantanere·
926 4145 962 4196 lla
975 4160 1027 4198 uno

236 4224 396 4277 franceseo,
414 4220 606 4280 canescentia
623 4225 645 4272 si
661 4222 718 4272 dica
736 4222 769 4274 lta
785 4224 870 4275 donna
884 4243 893 4284 ς
909 4228 1027 4277 natural·

240 4305 331 4353 menta
346 4300 433 4363 guelto
442 4332 452 4360 ,
466 4299 501 4350 ad
516 4298 531 4349 d
547 4300 616 4350 delia
632 4300 697 4351 Casa
713 4300 785 4352 Cibo.
802 4303 840 4354 lla
856 4306 901 4368 qai
916 4319 968 4357 uno
985 4308 1027 4358 nl·

235 4386 301 4445 pota
317 4384 393 4443 prate
409 4392 425 4430 e
440 4382 551 4442 parente
562 4378 589 4428 di
600 4377 700 4443 l’ilippo
717 4381 743 4431 di
758 4383 863 4435 Nerone
873 4385 922 4435 elta
933 4385 966 4435 lta
977 4400 1027 4450 per

236 4462 324 4514 donna
351 4473 403 4511 una
423 4472 501 4510 mona
525 4459 625 4510 Clariae
647 4460 696 4510 cite
717 4460 743 4511 tu
771 4461 857 4512 donna
883 4465 909 4513 di
936 4465 1025 4517 Stoldo

238 4539 360 4591 Attoniti.
373 4539 402 4589 lii
418 4540 543 4602 capitano
559 4539 667 4590 vecchio
684 4540 726 4590 dai
743 4542 806 4592 tanti
823 4543 857 4593 lta
875 4557 923 4606 per
938 4544 1025 4598 donna

238 4634 290 4672 unt
315 4633 364 4671 sna
387 4623 509 4683 parente.
529 4618 558 4669 ll'
568 4620 591 4669 si
608 4621 709 4671 mostrd
725 4633 801 4672 nomo
816 4623 860 4686 piit
881 4634 929 4687 per
950 4638 1025 4677 esser

237 4700 392 4763 consigliato
408 4699 458 4749 elta
474 4699 615 4762 consigtiar
631 4701 700 4750 altri.

279 4779 315 4829 l.a
331 4779 460 4829 electione
484 4790 532 4827 sua
547 4776 562 4827 d
578 4781 647 4828 stata
663 4779 798 4843 laqueata
820 4780 919 4839 torma,
941 4782 989 4833 che
1008 4784 1025 4833 li

238 4857 462 4909 Reverendissimi
478 4857 637 4921 ilonaignori
655 4856 682 4908 di
700 4858 803 4923 ltagona
819 4871 834 4909 a
851 4860 1026 4922 de'lliseonti‚

238 4937 337 4988 reduto
354 4949 407 4988 non
424 4941 501 4999 poter
516 4937 557 4986 iar
573 4938 597 4987 el
614 4936 675 4987 vice
695 4937 903 5002 Cancelliere,e
929 4941 1025 4993 reduto

237 5019 263 5067 el
280 5016 341 5067 llice
357 5017 517 5067 cancelliare
534 5030 647 5067 coreava
663 5017 703 5067 lar
719 5019 848 5079 timenda,
865 5023 887 5070 si
904 5022 1025 5085 ingegno·

238 5110 305 5148 rouo
322 5097 389 5148 tirar
404 5096 450 5159 qui
465 5096 489 5146 el
500 5095 559 5146 llice
571 5095 741 5158 Cancelliere,
752 5110 767 5147 e
779 5099 819 5149 iar
836 5101 861 5149 el
878 5100 946 5149 tacto
959 5102 1025 5161 loro;

238 5181 327 5229 ausu
349 5177 436 5226 omnio
460 5176 639 5227 accordorono
664 5178 688 5228 el
713 5178 885 5242 Cameriengo
901 5194 916 5230 a
933 5180 1025 5232 tirsino

237 5271 289 5309 con
304 5258 327 5307 S.
345 5257 402 5307 Pier
419 5257 445 5305 in
461 5255 593 5314 Vincula‚i
609 5257 680 5319 quali
703 5257 928 5310 incominciavano
940 5261 972 5310 ad
983 5262 1024 5309 in·

237 5340 347 5396 clinare,
364 5350 379 5387 e
395 5335 480 5399 parmi
497 5337 693 5386 assecurassino
709 5349 759 5388 eon
775 5349 912 5400 promessa
928 5339 951 5387 ie
962 5352 1024 5389 cosa

239 5419 285 5468 del
300 5416 384 5467 conte
400 5430 415 5466 a
431 5416 474 5466 del
491 5415 675 5477 camerlengo;
691 5427 706 5465 a
723 5430 738 5466 a
754 5417 827 5468 molti
843 5416 941 5468 abbino
958 5418 1025 5467 sati·

238 5499 321 5548 slatto
336 5498 363 5546 di
379 5508 458 5553 oase;
474 5497 567 5558 prima,
583 5495 610 5544 di
625 5496 727 5559 lingona
743 5495 768 5546 la
785 5508 847 5546 caet
859 5508 923 5555 suae
939 5494 992 5559 pii,
1008 5511 1024 5547 a

237 5577 321 5629 lions.
338 5575 499 5627 de’lliscontl
515 5576 540 5624 la
554 5586 616 5624 oasa
632 5574 676 5625 dal
691 5574 774 5625 conte
789 5580 798 5633 (
812 5576 837 5624 la
852 5576 913 5640 qual
924 5576 946 5625 si
957 5589 1024 5639 paga

240 5659 265 5708 al
281 5659 363 5709 conte
380 5670 429 5720 par
444 5660 527 5716 sual,
542 5669 557 5706 e
574 5659 646 5705 tanto
667 5658 715 5707 che
739 5656 871 5716 ascende,
888 5656 956 5706 ultra
973 5656 1023 5707 alia

240 5752 317 5800 casa,
333 5753 349 5789 a
365 5737 452 5790 dodini
471 5737 531 5788 mila
547 5735 635 5787 ducati
645 5748 678 5796 ,a
695 5736 718 5785 ia
736 5736 868 5801 legatione
884 5736 926 5789 del
944 5736 1024 5788 Petri·

771 640 940 707 sancito
961 640 1184 707 iunocentii
1206 638 1357 705 octavi.
1847 648 1887 708 38

1097 796 1134 840 ac
1148 778 1318 841 universalis
1332 777 1479 841 Ecclesiae
1494 796 1640 841 summum
1656 779 1828 843 Pontificem
1845 793 1888 842 est

1095 889 1260 957 assumptus
1279 889 1308 939 et
1326 888 1471 958 receptus,
1484 888 1513 940 et
1527 879 1558 938 iu
1576 880 1692 959 signum
1710 880 1890 961 assumptio·

1096 977 1140 1038 nis
1158 977 1321 1056 lrujmtnodi
1343 977 1510 1041 cardinales
1530 979 1584 1040 sibi
1602 980 1797 1061 deposuerunt
1816 999 1887 1043 ero-

1095 1079 1199 1152 culas‚
1218 1090 1247 1141 et
1270 1077 1426 1141 induerunt
1445 1097 1512 1141 eum
1535 1081 1693 1160 cappuccio
1721 1099 1811 1163 supra
1833 1099 1887 1143 ro·

1095 1176 1223 1238 ebatum.
1241 1176 1470 1240 collocaverunt
1489 1196 1557 1239 eum
1578 1180 1608 1240 in
1627 1180 1692 1242 aede
1713 1182 1817 1260 pulcra
1833 1170 1895 1242 ca·‘

1096 1276 1200 1338 merati
1220 1277 1312 1357 posita
1333 1278 1409 1340 inter
1436 1280 1530 1341 altare
1555 1289 1585 1341 et
1608 1297 1737 1341 mensam
1763 1298 1886 1359 patrant

1096 1377 1295 1458 supradictam
1316 1421 1325 1451 ‚
1345 1388 1373 1439 et
1393 1379 1595 1458 imposuerunt
1615 1379 1669 1439 sibi
1689 1380 1811 1440 anulum
1837 1381 1885 1441 iel.

1097 1496 1157 1540 rec.
1171 1478 1244 1538 sixti
1263 1477 1357 1558 Papae
1373 1476 1489 1552 Quarti,
1506 1497 1592 1557 quent
1609 1479 1739 1542 sacrista
1750 1490 1887 1560 paratum

1096 1577 1133 1637 ad
1153 1576 1210 1639 ltoc
1231 1577 1374 1639 habebat:
1404 1579 1465 1657 ipso
1494 1590 1660 1659 assumpto,
1685 1581 1727 1641 sic
1756 1579 1886 1654 sedente,

1098 1676 1158 1755 ipse
1179 1676 1254 1738 idern
1272 1676 1359 1756 elegit
1378 1678 1433 1737 sibi
1451 1696 1555 1739 nomen
1570 1680 1783 1741 inuocenrtus
1804 1680 1884 1760 Papa

1097 1774 1254 1841 Ocrtvus.
1272 1776 1338 1847 Quo
1351 1777 1440 1852 iacto,
1453 1779 1581 1840 surrexit
1593 1780 1655 1859 ipsa
1668 1791 1844 1860 assumptus,
1858 1793 1887 1843 et

1097 1879 1188 1959 posita
1201 1888 1244 1939 est
1253 1877 1333 1939 sedes
1345 1895 1398 1938 sua
1413 1878 1561 1958 praedicta
1573 1890 1640 1941 ante
1657 1897 1784 1968 mensam
1798 1900 1887 1962 prae·

1098 2160 1184 2210 monio
1197 2178 1206 2219 3
1221 2159 1357 2213 aiiorara
1374 2173 1427 2210 non
1443 2173 1474 2212 so
1491 2162 1540 2212 otta
1561 2164 1687 2223 casteilo;
1703 2179 1717 2215 a
1733 2166 1838 2217 sanatio
1856 2169 1879 2217 la

1090 2238 1232 2302 'legacione
1255 2239 1281 2289 di
1306 2239 1436 2304 Boiogna;
1452 2253 1467 2290 a
1482 2242 1575 2292 Milone
1593 2243 1616 2293 la
1633 2245 1766 2307 legacione
1790 2247 1818 2297 di
1841 2246 1884 2297 Vi·

1097 2331 1193 2382 guone
1209 2322 1232 2369 le
1249 2320 1319 2382 quali
1337 2323 1405 2371 tutta
1422 2322 1511 2372 ultime
1527 2322 1655 2385 legationi
1667 2336 1752 2375 arara
1768 2325 1817 2377 saa
1827 2326 1885 2377 l’ier

1097 2398 1125 2448 in
1142 2398 1257 2458 Vincula,
1267 2410 1283 2448 e
1294 2412 1308 2449 a
1320 2403 1388 2449 tutto
1405 2400 1438 2449 ita
1454 2401 1605 2452 consentite
1616 2415 1665 2465 por
1677 2403 1809 2456 condurre
1818 2417 1887 2469 que·

1096 2482 1138 2528 ata
1155 2490 1251 2540 opera,
1268 2479 1320 2529 imo
1337 2480 1370 2528 lta
1386 2480 1540 2531 renunciate
1557 2480 1591 2532 td
1607 2484 1700 2533 alcuna
1716 2483 1820 2536 rendite
1836 2497 1885 2547 per

1097 2558 1219 2608 catislare
1244 2558 1278 2607 ad
1294 2557 1354 2607 altri
1371 2561 1419 2609 one
1437 2559 1462 2609 io
1479 2572 1531 2610 non
1545 2573 1586 2611 ao.
1600 2561 1622 2613 tt
1637 2561 1752 2614 Colonna
1769 2577 1821 2615 non
1837 2564 1885 2616 du·

1096 2635 1151 2687 bito
1167 2636 1226 2687 saris
1242 2649 1322 2686 tneor
1333 2638 1473 2699 satistatto,
1485 2638 1523 2688 a'l
1533 2638 1594 2689 Vico
1610 2640 1772 2693 Cancelliera
1785 2655 1883 2695 ancora

1096 2717 1118 2765 ai
1135 2715 1150 2766 d
1167 2718 1314 2766 restaurato
1330 2716 1357 2766 di
1373 2720 1447 2766 certa
1464 2729 1513 2768 sua
1528 2730 1591 2769 cose
1608 2720 1633 2769 di
1650 2721 1762 2784 Spagna3
1778 2722 1886 2775 Norara

1095 2795 1129 2845 lta
1146 2800 1225 2846 avuto
1242 2808 1294 2846 non
1311 2795 1341 2847 sd
1358 2797 1407 2846 cita
1423 2798 1546 2848 castello:
1562 2799 1588 2849 di
1605 2799 1666 2850 altri
1683 2813 1736 2851 non
1757 2801 1882 2862 intendo,

1096 2887 1138 2924 ma
1155 2876 1282 2925 extimate
1298 2888 1328 2926 ce
1346 2874 1396 2925 n'd
1412 2880 1482 2928 assai
1499 2878 1592 2929 simile·

1136 2954 1295 3006 concludori
1313 2957 1362 3006 cite
1377 2963 1472 3019 questa
1491 2958 1608 3008 eleziona
1628 2960 1651 3008 si
1669 2959 1702 3009 dd
1720 2962 1787 3010 tutta
1804 2960 1846 3010 all’
1858 2973 1886 3010 o·
1945 2944 1948 2952 ¹

1094 3044 1160 3096 pera
1171 3032 1198 3083 di
1214 3034 1363 3098 llonsignor
1380 3035 1551 3098 de'llisconti‚
1567 3050 1582 3088 e
1599 3037 1768 3100 parrehbemi
1784 3039 1818 3102 gli
1839 3039 1886 3089 do·

1096 3113 1167 3162 ressi
1184 3116 1302 3162 scrivere
1319 3114 1368 3163 ulie
1385 3115 1488 3166 arendo
1504 3116 1529 3166 io
1545 3116 1657 3180 bisogno
1673 3117 1734 3166 deli’
1745 3130 1825 3180 opera
1837 3131 1885 3170 sua

1078 3183 1164 3241 'nelle
1187 3190 1311 3243 iaccende
1332 3198 1481 3251 nostrane
1505 3195 1572 3258 rogii
1589 3196 1692 3258 ajutara
1718 3210 1733 3246 e
1757 3196 1882 3247 mandare

1096 3283 1149 3320 una
1166 3269 1252 3320 buont
1270 3272 1364 3322 lettere
1382 3285 1397 3321 a
1412 3272 1440 3321 S.
1459 3273 1517 3323 Pier
1534 3274 1559 3323 in
1576 3272 1698 3331 Vincula.
1720 3274 1819 3336 perche
1840 3274 1883 3326 dal

1095 3361 1157 3400 caso
1173 3350 1206 3400 de
1223 3349 1304 3401 Fonte
1319 3348 1400 3400 Dulce
1417 3364 1470 3401 non
1485 3350 1578 3402 dubito
1595 3364 1624 3402 se
1641 3365 1694 3401 non
1710 3351 1737 3401 di
1754 3352 1789 3402 lui
1800 3365 1832 3412 ,e
1850 3353 1884 3403 lul

1094 3427 1109 3478 d
1127 3429 1195 3492 Papa
1217 3431 1387 3492 eplusquam
1405 3429 1481 3493 Papa.

1124 3509 1165 3559 -lit
1189 3510 1298 3560 medatis
1316 3511 1364 3576 cita
1380 3510 1468 3561 laona
1485 3521 1499 3559 a
1516 3508 1631 3560 visconti
1654 3510 1741 3560 nanno
1768 3511 1795 3559 in
1822 3509 1883 3573 ogni

1094 3590 1222 3639 electione
1239 3602 1254 3638 a
1271 3593 1383 3640 mettere
1399 3602 1413 3639 a
1430 3601 1507 3641 sacco
1529 3593 1623 3652 questa
1639 3588 1737 3649 Corte,
1753 3601 1769 3638 e
1786 3601 1854 3639 sono
1875 3592 1883 3640 i

1095 3668 1221 3732 maggiori
1238 3667 1335 3718 ribaldi
1352 3669 1395 3720 dai
1411 3669 1515 3720 mondo.

1136 3746 1163 3797 lo
1182 3748 1319 3799 attenderd
1336 3750 1380 3811 qui
1396 3749 1436 3798 tra
1452 3748 1529 3811 pochi
1546 3747 1572 3798 di
1591 3761 1604 3797 a
1622 3751 1750 3799 raseettar
1771 3748 1796 3797 la
1821 3759 1885 3798 ausa

1095 3831 1187 3878 rostra
1204 3839 1219 3877 a
1235 3827 1316 3878 oredo
1333 3829 1399 3878 lario
1415 3827 1514 3890 pereae
1529 3830 1556 3878 in
1572 3841 1603 3879 su
1624 3829 1712 3891 questi
1732 3826 1856 3889 principii
1876 3828 1884 3876 i

1093 3905 1218 3957 l’onteiici
1235 3907 1354 3970 sogiiono
1371 3919 1447 3957 esser
1462 3908 1592 3970 graziosia
1608 3919 1623 3956 e
1640 3907 1667 3956 di
1683 3906 1726 3954 voi
1741 3905 1766 3955 la
1786 3904 1884 3955 Santiti

1095 3999 1144 4037 sua
1166 3991 1242 4037 sente
1266 3986 1352 4046 bene,
1381 3998 1395 4036 a
1422 3998 1498 4036 meco
1522 3996 1569 4034 era
1592 3986 1662 4034 assai
1681 3984 1827 4034 domestico
1844 3995 1883 4032 ec.

1094 4065 1209 4117 Omissis·

1189 4143 1294 4203 ltotnae,
1311 4144 1353 4193 die
1369 4144 1401 4193 29
1417 4144 1521 4207 augusti

1425 4220 1523 4272 Guidus
1540 4219 1670 4272 Antonius
1687 4220 1857 4283 vespuecius.

1125 4377 1258 4441 lingnidco
1275 4376 1303 4426 u.
1319 4378 1460 4429 laurentio
1475 4377 1510 4429 de
1524 4377 1646 4429 iledicis.
1662 4400 1672 4421 ι

1221 4534 1378 4598 ·llagniiico
1393 4534 1511 4587 iorenzo

1136 4619 1235 4679 Questu
1251 4619 1330 4666 nocta
1346 4620 1453 4677 pussata
1470 4617 1520 4665 alie
1538 4619 1552 4665 7
1568 4628 1584 4664 o
1600 4617 1615 4665 8
1632 4627 1688 4674 ore,
1700 4626 1757 4665 meo
1773 4614 1881 4676 iudicio,

1094 4698 1163 4749 deve
1179 4696 1299 4746 arrivara
1315 4692 1350 4749 erl
1364 4693 1391 4742 V.
1407 4694 1438 4744 ll.
1456 4694 1480 4744 la
1494 4688 1636 4744 'craaziona
1652 4692 1695 4743 del
1712 4705 1801 4743 nuovo
1816 4692 1882 4743 Pon·

1094 4775 1171 4828 tedca
1188 4774 1325 4826 cardinale
1341 4774 1369 4824 di
1384 4773 1514 4832 iloiietta,
1530 4774 1682 4831 Ganovasa,
1697 4773 1827 4822 cuiamato
1842 4772 1897 4822 in··

1094 4856 1215 4905 nocentio
1233 4854 1347 4904 octavos
1363 4865 1417 4902 non
1433 4853 1459 4901 vi
1483 4851 1611 4914 significat
1632 4850 1705 4902 detta
1727 4851 1881 4908 creatione,

1093 4931 1192 4995 perche
1208 4930 1321 4981 Antonio
1333 4930 1367 4981 ad
1383 4930 1409 4981 io
1426 4941 1551 4981 eraramo
1568 4933 1594 4981 in
1611 4931 1780 4993 palazzocon
1791 4930 1815 4978 le
1831 4929 1882 4980 iat·

1095 5013 1151 5061 tere
1167 5013 1350 5073 preparate;a
1367 5007 1477 5058 hastam
1493 5008 1542 5058 che
1561 5009 1596 5059 lui
1614 5009 1638 5057 io
1655 5008 1757 5058 lacessi·
1773 5008 1804 5057 tt
1820 5006 1882 5058 car·

1093 5090 1182 5139 dinale
1199 5089 1226 5139 di
1242 5089 1266 5139 S-
1283 5089 1369 5144 Pietro
1387 5089 1412 5138 in
1428 5087 1567 5138 vinculati
1585 5088 1619 5137 dai
1633 5091 1726 5150 queste
1738 5085 1882 5147 creatione,

1094 5185 1108 5220 a
1130 5170 1165 5220 lui
1188 5169 1222 5219 mi
1240 5182 1305 5231 para
1322 5169 1370 5218 cna
1393 5168 1418 5217 al
1435 5171 1561 5230 presente
1577 5167 1706 5229 governi,
1722 5178 1737 5216 a
1753 5165 1881 5230 disponga

1094 5250 1184 5300 molto.
1201 5248 1220 5298 ll
1236 5248 1304 5311 Papa
1320 5246 1375 5297 ddi
1393 5259 1440 5297 sua
1457 5250 1550 5297 natura
1567 5245 1738 5305 inaremitti,
1753 5245 1842 5305 comis,
1858 5250 1881 5297 at

1092 5332 1240 5378 maranes
1255 5331 1278 5377 ot
1293 5326 1431 5376 admodum
1442 5324 1597 5382 tractabilir;
1613 5323 1668 5374 cosi
1678 5336 1723 5373 era
1734 5321 1881 5385 Cardinale‚
1954 5333 1957 5342 ’

1093 5423 1108 5460 e
1125 5409 1206 5460 orado
1217 5421 1246 5458 se
1257 5409 1283 5458 in
1293 5406 1456 5471 gammondo
1466 5404 1608 5468 strependo
1624 5406 1709 5455 utetur
1724 5403 1824 5466 ingenio
1834 5416 1881 5455 ruo

1092 5492 1115 5538 ot
1131 5502 1184 5539 non
1198 5488 1291 5547 alieno,
1307 5487 1364 5537 sari
1380 5487 1451 5536 bono
1466 5483 1595 5535 Pontedce
1612 5496 1627 5533 a
1643 5484 1742 5546 quieto,
1752 5485 1776 5533 et
1790 5483 1882 5545 procul

1092 5570 1123 5620 od
1139 5569 1210 5619 omni
1231 5579 1364 5617 armorum
1382 5565 1542 5625 motiona,a
1571 5562 1625 5612 tari
1641 5561 1728 5612 buona
1746 5562 1769 5612 la
1786 5563 1879 5621 Corte,

1092 5648 1190 5711 percite
1206 5649 1228 5697 si
1244 5649 1321 5697 etima
1338 5645 1398 5696 sard
1414 5645 1528 5707 gratioso
1538 5664 1544 5692 ε
1555 5645 1587 5694 lta
1604 5642 1709 5705 dgliuoli
1725 5653 1740 5692 a
1756 5642 1877 5705 ligiiuole.

1093 5747 1108 5783 e
1125 5727 1216 5790 nipoti,
1232 5740 1246 5776 e
1264 5727 1336 5776 molti
1353 5723 1467 5787 paranti,
1482 5722 1515 5773 ed
1531 5720 1545 5772 d
1561 5722 1719 5785 gentiluomo
1735 5721 1762 5771 di
1773 5721 1877 5772 &nove

1645 5825 1658 5874 ⁵
