4492 6859
290 607 353 670 bl!

292 737 425 800 bumeris
450 737 519 799 dicti
541 735 652 798 Julredi
671 736 818 818 imposuit,
839 748 869 801 et
887 737 979 817 ipsum
993 737 1088 798 socie·

293 841 345 900 tati
365 836 532 914 hujusmodi
555 837 726 899 llermelliui
742 839 919 918 aggregavit
951 837 1087 898 Postmo-

294 938 363 999 dum
384 958 434 1018 per
456 941 541 998 aliam
571 937 703 1000 cedulam
722 939 811 999 simili
845 938 930 999 mollo
952 955 1087 1018 pronun-

295 1042 423 1111 ciatum,
446 1048 475 1100 et
496 1039 737 1118 proclamatum:
754 1039 815 1100 Rex
848 1039 885 1100 ob
906 1040 1085 1118 singularem

295 1141 472 1201 allectionem
497 1151 552 1200 etc.
574 1139 665 1212 iecit,
697 1141 846 1200 constituit
866 1152 921 1201 etc.
946 1137 1086 1219 sanguifi-

296 1258 365 1300 cum
398 1241 434 1300 l).
467 1239 611 1300 Gentilem
646 1241 808 1319 Virgilium
841 1241 875 1300 dc
906 1239 1020 1302 Ursinis
1055 1237 1088 1298 tle

297 1341 391 1400 Danao
420 1341 601 1418 Arugoniue,
632 1350 661 1399 et
692 1341 837 1400 Grandem
869 1339 1089 1400 Contestabilem

300 1441 403 1519 Regni.
427 1440 541 1519 insigna
560 1449 655 1499 nutem
673 1450 731 1500 tam
753 1440 817 1500 lion
836 1439 981 1512 tote-eoo,
1002 1457 1089 1516 quam

300 1540 406 1602 Gentili
427 1541 559 1619 l'irginio
573 1539 699 1600 Grandis
717 1541 960 1601 Contestabilatus
982 1536 1089 1615 bajus·

301 1642 378 1702 morli
396 1660 452 1701 non
471 1641 560 1713 dedit,
580 1642 661 1718 qnia,
676 1641 732 1700 illis
749 1640 885 1720 receptis,
903 1640 1021 1700 elebeant
1039 1657 1090 1716 per

300 1743 449 1803 civitatem
468 1761 485 1800 a
504 1741 667 1802 baa-onibus
685 1743 822 1801 associari
841 1743 994 1820 eqttitatni3
1014 1738 1091 1816 quod

302 1842 386 1902 botlie
406 1853 526 1921 propter
545 1843 749 1920 equitationem
769 1841 856 1920 Regis
878 1841 941 1900 steri
961 1858 1017 1898 uon
1038 1857 1093 1918 po·

302 1944 381 2015 tuit,
397 1943 446 2003 seo
462 1942 498 2001 ad
526 1944 614 2002 alium
635 1943 710 2002 aliem
733 1943 787 2003 boc
808 1943 980 2003 reservavit.
1000 1941 1093 2002 Crea-

303 2043 345 2104 vit
364 2055 427 2122 post
448 2043 501 2103 boc
517 2043 591 2102 idem
612 2042 673 2102 llex
696 2059 776 2104 xvrr.
793 2044 865 2104 alios
881 2044 998 2116 milites,
1017 2060 1093 2120 qaro-

303 2162 370 2204 rum
393 2145 511 2204 cuilibet
526 2145 638 2222 paleam
658 2146 815 2224 imposuit,
845 2157 874 2205 et
895 2163 963 2204 curn
985 2153 1093 2223 puncta

302 2245 376 2305 ensis
398 2246 526 2321 singulos
546 2247 618 2305 inter
641 2262 742 2303 narrem
765 2245 933 2314 sinistram,
965 2255 993 2302 et
1014 2261 1095 2302 surrr-

304 2344 432 2404 mitatem
453 2347 552 2422 galeae
571 2344 682 2422 tetigit,
698 2344 792 2404 (licens
811 2343 947 2423 siugulis:
959 2344 1053 2404 leldio
1065 2356 1095 2405 ct

306 2444 374 2503 San
396 2445 532 2523 (iiorpio
554 2445 579 2503 ti
600 2446 706 2524 [erario
725 2447 807 2504 naon
825 2447 995 2506 rrroeeliero.
1007 2447 1045 2503 At
1060 2445 1096 2503 il-

307 2545 343 2604 lis
360 2546 408 2621 qui
429 2546 555 2603 collanas
573 2543 742 2615 ollerebant,
764 2547 826 2604 illus
846 2545 973 2604 humeris
993 2562 1096 2605 eorum

303 2647 461 2724 imposuit,
482 2644 531 2704 sed
551 2644 664 2703 nullum
684 2662 785 2703 eorum
803 2645 838 2704 de
859 2646 995 2706 societate
1016 2645 1096 2705 seet-

303 2748 347 2807 loe
369 2747 412 2806 vel
434 2744 604 2806 llermellini
623 2745 699 2804 lecit.
715 2745 832 2805 Primus
852 2745 998 2806 dictorum
1013 2761 1095 2806 xvrr.

302 2846 358 2906 tute
379 2845 531 2907 lohannes
551 2845 585 2905 ‹le
602 2846 738 2924 Sunginio
757 2847 861 2906 nobilis
881 2846 1096 2925 Neapolitanus,

303 2945 491 3008 (innueramus
520 2945 625 3024 Regis,
646 2957 686 3019 et,
708 2958 740 3005 ut
756 2947 865 3020 cretio,
889 2951 993 3008 tertius
1014 2949 1096 3008 liar·

305 3048 419 3107 tinellns
435 3047 524 3124 Regis
542 3046 682 3126 lllugister
700 3048 890 3109 Justitiorius.
911 3049 1020 3110 Crentis
1040 3053 1097 3111 trti-

306 3147 406 3207 litibus
422 3146 602 3226 bujusmotli,
622 3149 752 3208 surrexit
769 3148 841 3218 ilex,
861 3161 890 3210 et
905 3149 1031 3229 [regatus
1047 3153 1097 3228 qui

307 3250 401 3327 ipsum
421 3249 530 3328 Regem
554 3267 644 3327 usque
664 3250 699 3308 ud
720 3261 834 3330 portam
852 3251 1014 3322 ecciesiae,
1039 3253 1098 3312 imo

306 3361 387 3412 extra
404 3363 518 3430 portum
527 3370 560 3420 ,a
574 3352 672 3412 elextra
681 3351 769 3430 Regis
781 3352 924 3422 incedens,
936 3351 1099 3424 associavit,

193 3519 195 3525 Ι
306 3452 490 3530 esurrentibus
502 3454 638 3531 praelatis
651 3455 677 3510 in
689 3471 792 3512 eornm
808 3455 956 3514 errantellis.
967 3454 1028 3514 lies
1040 3454 1099 3513 ibi·

308 3552 503 3630 tlem,ltegato
516 3563 656 3630 presente,
667 3553 794 3612 nseemlit
807 3571 926 3629 equum,
940 3549 1027 3628 cujus
1037 3554 1099 3614 lee-

309 3671 390 3725 num,
411 3655 571 3731 pectorale,
592 3665 620 3712 et
647 3672 792 3732 groppera
811 3657 898 3732 perlis
929 3657 957 3712 ln
980 3655 1098 3732 copioso

310 3770 431 3812 statuero
458 3764 560 3811 orrrata
585 3764 685 3826 crant,
704 3765 731 3814 et
759 3756 866 3833 pallam
888 3757 1099 3834 perstringam

309 3870 364 3912 suo
394 3853 486 3930 digito
514 3855 645 3912 aarrrrnluri
671 3872 773 3913 rrranns
795 3855 927 3918 sinistrae
945 3857 1011 3917 lecit
1028 3857 1101 3918 ulle·

310 3954 386 4032 gari,
405 3966 550 4032 sceptrum
573 3956 600 4013 in
624 3953 739 4014 tlestera
761 3957 864 4028 serens,
883 3968 910 4018 et
929 3958 981 4016 snb
1001 3957 1102 4016 bulela·

311 4056 413 4127 cltino,
440 4056 517 4133 quod
548 4056 676 4116 Berones
696 4059 848 4135 portabant
864 4104 872 4130 ,
890 4061 1030 4137 equitavit
1050 4080 1100 4139 pet·

314 4168 419 4217 stratus
438 4157 599 4236 designatas
623 4156 658 4216 ntl
681 4161 817 4237 palatium
851 4179 947 4220 sunm.
973 4159 1102 4240 Lv·gatus

314 4278 349 4318 ex
383 4259 503 4320 ecclesia
522 4260 609 4319 rediit
635 4260 670 4318 un
692 4263 827 4339 palatium
859 4263 1101 4342 archiepiscopale

318 4360 500 4420 habitationis
520 4379 605 4433 sarae,
630 4371 658 4420 et
679 4361 799 4440 praelati
834 4361 870 4419 atl
903 4362 1006 4422 dotrrns
1036 4382 1101 4422 serus

317 4461 446 4521 iverunt.
476 4460 672 4520 lnterlnernnt
700 4463 877 4523 coronationi
906 4464 1100 4541 praedictaea

318 4559 462 4638 principio
493 4561 528 4617 an
560 4559 644 4620 litrem
675 4573 703 4620 et
733 4576 931 4623 cerrneuerunt
962 4565 996 4622 Ι).
1028 4564 1100 4622 Pbi·

319 4658 442 4718 libertns
463 4658 605 4720 Natura-elli
632 4659 741 4721 Orator
762 4665 900 4724 Sereniss.
921 4665 1103 4727 blaxirailinui

318 4758 519 4820 llomnuorum
541 4760 647 4838 Regis,
666 4762 837 4840 lllagniiicus
856 4766 890 4825 Ι).
911 4765 1021 4826 Paulus
1042 4767 1103 4827 Ur·

316 4859 396 4918 sinus
417 4861 570 4937 utriusque
589 4862 669 4921 luris
687 4861 796 4925 Ductor
809 4864 920 4926 Orator
940 4867 1021 4926 lucis
1040 4867 1103 4928 tte-

320 4959 443 5032 tliolsni,
460 4970 489 5020 et
501 4961 534 5018 Ι).
546 4962 700 5041 Dionysius
718 4965 842 5026 l’nccius
860 4965 968 5028 Orator
981 4971 1105 5030 Floren-

321 5061 460 5130 tinurum,
474 5063 577 5138 utribus
596 5082 611 5121 a
632 5064 775 5143 principio
787 5068 869 5128 officii
882 5071 977 5128 locum
994 5069 1057 5129 ticeli
1077 5071 1104 5130 in

317 5179 435 5221 scarnuo
455 5180 509 5239 pro
525 5163 565 5221 eis
584 5177 709 5243 purnto,
738 5167 787 5226 ubi
807 5169 958 5243 seder-uno
989 5171 1037 5231 secl
1057 5172 1105 5230 in·

320 5271 423 5341 coepto
439 5264 533 5320 ollieio
548 5281 593 5323 me
613 5278 746 5329 vocantes
759 5267 892 5328 dixerunt
908 5271 1003 5331 loctrm
1023 5273 1104 5331 illum

317 5362 384 5441 ipsis
404 5380 460 5421 non
486 5365 640 5425 convenire
659 5385 726 5426 cnm
746 5368 802 5427 siat
821 5365 941 5444 majanis
960 5373 1105 5450 temporis,

316 5473 346 5522 ct
372 5465 455 5542 longe
482 5465 622 5544 episcopis
654 5470 808 5548 postpositi.
831 5471 974 5551 Resputnli
998 5474 1025 5533 iu
1051 5473 1106 5534 boc

315 5573 383 5622 ocur
402 5565 548 5642 episcopos
568 5565 635 5644 ipsis
650 5570 732 5648 longe
748 5569 869 5648 majores
887 5593 947 5634 esse
965 5592 1033 5634 cum
1053 5576 1109 5634 sint

319 5661 404 5724 simul
428 5683 495 5724 cum
515 5664 623 5744 Legata
643 5681 846 5749 cooperatores
864 5684 893 5735 et
912 5685 1106 5738 coronatores.

762 601 1047 669 ronumtca'rus
1069 602 1295 666 sunxtnnltt
1313 601 1441 667 ttttxrt

1838 593 1948 684 taran

1155 735 1223 798 l’ost
1244 738 1370 796 multum
1387 735 1551 816 importune
1571 751 1619 794 me
1639 731 1791 806 vicerunt,
1809 731 1891 810 quot
1907 734 1948 794 eis

1156 837 1252 898 luceam
1278 835 1343 897 dedi
1363 836 1392 895 ia
1412 839 1515 913 quinto
1532 852 1650 896 scamno
1670 835 1890 914 praelatorum,
1911 833 1950 894 sel

1155 935 1301 996 daturam
1332 934 1524 996 descendentis
1544 933 1712 1008 tribunam,
1732 932 1869 995 videlicet
1899 932 1950 996 illo

1156 1054 1242 1097 muro
1274 1036 1406 1096 tribunae
1439 1037 1577 1114 contiguo
1588 1057 1599 1108 ;
1631 1044 1660 1096 et
1687 1033 1833 1114 praelatos
1863 1033 1893 1092 ia
1915 1049 1951 1094 co

1155 1139 1282 1198 sedentes
1301 1137 1337 1196 so
1355 1139 1412 1196 aliu
1432 1155 1548 1197 scamno
1567 1137 1687 1210 locarip
1707 1135 1757 1196 scd
1775 1133 1874 1196 adbuc
1893 1151 1950 1194 non

1157 1241 1282 1300 coarmati
1302 1238 1332 1296 in
1351 1248 1418 1297 actu
1439 1238 1632 1298 coronationis
1652 1249 1733 1298 reno
1754 1235 1866 1314 Regem
1886 1233 1951 1294 ire·

1158 1349 1244 1410 rarat,
1263 1347 1296 1397 ut
1326 1338 1429 1399 melius
1459 1337 1648 1412 riderentur,
1676 1336 1777 1396 deiude
1806 1335 1844 1394 ad
1876 1334 1950 1396 idem

1157 1459 1306 1500 scamnum
1334 1438 1487 1511 sederunt,
1513 1438 1646 1499 videlicet
1676 1439 1805 1516 quinque
1832 1435 1950 1516 praela·

1158 1551 1255 1601 torum
1270 1539 1431 1611 redieram,
1453 1548 1482 1599 et
1498 1539 1526 1598 iu
1539 1557 1574 1600 eo
1589 1546 1812 1618 permanserunt
1827 1581 1837 1608 ,
1857 1555 1952 1616 usque

1158 1639 1301 1702 abbatem
1323 1640 1426 1700 lilissuc
1448 1651 1504 1700 etc.
1528 1641 1557 1698 in
1579 1639 1696 1700 civitate
1718 1637 1911 1716 neapolitano.

1161 1785 1321 1802 ......
1339 1741 1375 1800 Ι).
1398 1785 1406 1798 .
1428 1783 1436 1801 .
1460 1784 1467 1798 .
1491 1785 1499 1800 .
1523 1785 1531 1800 .
1555 1785 1561 1798 .
1585 1739 1765 1818 gubernator
1785 1739 1954 1800 Cataloaiae

1161 1841 1271 1904 Orator
1293 1843 1379 1921 Regis
1401 1852 1430 1902 et
1452 1841 1581 1920 Reginae
1597 1840 1816 1919 Hispaniarum,
1837 1839 1887 1916 qtri
1903 1849 1952 1898 ta·

1161 1962 1225 2003 men
1248 1945 1341 2002 noluit
1364 1942 1545 2002 coronationi
1567 1943 1702 2004 iuteresse
1730 1951 1851 2020 propter
1873 1939 1955 2002 Oru-

1162 2054 1255 2104 torem
1276 2042 1365 2120 Regis
1384 2042 1609 2110 Romanorum,
1630 2043 1679 2102 cui
1696 2041 1811 2103 nolebat
1827 2047 1954 2118 certene,

1161 2145 1208 2205 seo
1231 2144 1324 2222 ipsum
1340 2143 1512 2220 praesensve
1529 2143 1653 2215 volebat3
1672 2153 1792 2222 propter
1809 2142 1887 2220 quod
1903 2160 1956 2202 ro-

1162 2256 1247 2324 gatus
1268 2243 1325 2303 luit
1347 2261 1399 2322 per
1419 2242 1456 2300 l).
1476 2242 1672 2315 Fridecicum,
1693 2243 1772 2319 quod
1793 2260 1848 2302 non
1871 2243 1957 2302 veni-

1164 2354 1225 2417 ret,
1248 2355 1336 2423 prout
1358 2343 1436 2403 lecit.

1205 2444 1404 2504 lnterlaerunt
1423 2440 1534 2503 Orator
1554 2441 1652 2522 llagai
1668 2441 1786 2502 Turcae
1802 2461 1870 2501 cum
1887 2461 1958 2522 per·

1163 2546 1239 2606 sonis
1260 2563 1321 2606 xva.
1346 2548 1389 2605 vel
1413 2545 1507 2616 circa,
1528 2543 1578 2621 qui
1601 2545 1699 2604 locum
1717 2541 1884 2603 babuerunt
1902 2561 1957 2604 su-

1164 2665 1217 2726 pro
1240 2665 1343 2706 novem
1367 2645 1568 2706 collateralem
1591 2645 1729 2704 ecclesiae
1756 2643 1794 2701 orl
1822 2642 1956 2704 dextram

1165 2748 1350 2818 intrantium,
1376 2757 1459 2806 retro
1471 2789 1480 2819 ,
1502 2757 1530 2806 et
1552 2763 1641 2823 snpra
1663 2745 1790 2824 gradum
1813 2748 1841 2806 in
1865 2745 1959 2807 elroro

1165 2848 1373 2908 canonicorum
1400 2846 1437 2905 ml
1459 2847 1538 2907 illam
1569 2864 1687 2924 monum
1709 2858 1873 2926 puratum,
1906 2849 1955 2925 orti

1165 2959 1333 3008 rtvaaseruut
1354 2947 1383 3006 in
1411 2947 1552 3020 ecclesis,
1574 2965 1667 3024 usque
1688 2948 1724 3006 aa
1746 2948 1956 3026 praelationem

1166 3050 1193 3108 in
1216 3050 1300 3110 llissn
1320 3049 1418 3120 dicto,
1440 3067 1528 3125 qurum
1550 3066 1617 3107 curu
1639 3045 1768 3126 laegatus
1786 3048 1899 3110 diceret
1919 3049 1959 3108 iri

1165 3151 1201 3210 ad
1224 3150 1355 3228 Regem,
1376 3158 1405 3210 et
1438 3149 1495 3208 elixi
1527 3147 1670 3227 lilnjestuti
1691 3149 1770 3210 Suae
1793 3151 1874 3226 quod
1907 3168 1960 3209 nc·

1166 3269 1313 3329 qtrerquum
1346 3251 1513 3312 conveniret
1545 3250 1666 3311 Turcbo
1700 3251 1736 3310 ael
1763 3252 1958 3313 elevationem

1167 3351 1347 3413 Sacronreuti
1381 3353 1409 3412 in
1436 3351 1558 3411 ecclesia
1579 3369 1663 3424 esse,
1697 3354 1747 3429 qui
1778 3355 1865 3413 vellet
1887 3371 1960 3432 pro-

1167 3464 1265 3531 pterea
1294 3453 1335 3512 eis
1367 3449 1499 3510 trrondori
1533 3450 1629 3512 iacere
1651 3462 1684 3511 nt
1715 3451 1824 3512 exirent
1837 3473 1848 3526 3
1883 3453 1960 3531 quoti

1167 3555 1262 3614 statim
1286 3553 1375 3626 iecit,
1397 3563 1425 3614 et
1443 3564 1635 3614 recesserunt.
1659 3555 1859 3614 laterluernnt
1872 3557 1959 3615 etiam

1168 3656 1347 3717 coromrtioni
1381 3651 1547 3730 lmjnsmotli
1570 3657 1615 3714 lli.
1648 3655 1684 3714 l).
1719 3655 1840 3728 iulans,
1875 3675 1960 3717 soror

1169 3756 1246 3835 regis
1265 3755 1403 3835 Alplronsi
1434 3757 1587 3828 coronanti,
1608 3767 1638 3818 et
1658 3757 1748 3835 ipsios
1775 3757 1856 3836 regis
1878 3755 1960 3830 lilia,

1169 3876 1243 3935 uerae
1264 3867 1407 3918 steterunt
1428 3857 1457 3917 in
1479 3858 1574 3938 capite
1596 3859 1677 3917 navis
1695 3859 1805 3919 merline
1828 3858 1865 3916 aa
1887 3858 1961 3918 sini·

1169 3969 1260 4018 stram
1282 3960 1420 4020 ecclesiae
1436 3961 1626 4032 intrantium,
1649 3961 1730 4038 quasi
1751 3979 1841 4040 supra
1865 3961 1962 4021 tbnla·

1171 4079 1251 4119 urtam
1275 4063 1373 4138 repis,
1394 4073 1422 4120 ct
1446 4061 1535 4122 villeri
1557 4079 1614 4121 non
1636 4073 1793 4140 potuerunt
1813 4063 1882 4140 quia
1907 4061 1962 4122 ba·

1169 4160 1272 4220 bebant
1296 4181 1394 4220 coram
1410 4181 1439 4221 sc
1454 4163 1590 4240 gelasius,
1611 4174 1731 4242 propter
1752 4163 1863 4223 obitum
1886 4165 1962 4243 regis

1170 4262 1365 4333 Feralinantli,
1389 4274 1508 4341 propter
1530 4263 1607 4340 quod
1628 4264 1670 4323 eis
1691 4265 1717 4323 in
1739 4263 1893 4342 publicum
1912 4285 1963 4324 ve·

1171 4365 1233 4425 nire
1270 4381 1326 4422 non
1366 4362 1477 4424 licebat.
1516 4363 1715 4424 iuterfuerunt
1749 4365 1837 4423 etiam
1869 4365 1961 4426 eidem

1171 4464 1350 4523 corotmtioni
1385 4465 1505 4541 praelati
1542 4463 1660 4544 parati:
1693 4473 1777 4523 erunt
1811 4465 1963 4528 videlicet:

1170 4562 1263 4623 llevr.
1287 4562 1345 4621 t‘l‘.
1367 4562 1430 4623 bt).

1213 4663 1373 4722 Alexander
1407 4663 1649 4742 vlrcbiepiscopns
1681 4662 1888 4742 Neapolitanus
1928 4699 1964 4710 -

1171 4764 1315 4824 insulanus
1336 4763 1508 4823 Patrimcba
1535 4763 1731 4824 Aratiocbeuus
1757 4763 1967 4843 acchiepisco-

1171 4885 1226 4945 pns
1259 4866 1415 4942 (Ieapnunus
1448 4893 1486 4908 -·
1522 4863 1688 4941 Stephanus
1720 4865 1965 4945 Arubiepiscopus

1173 4967 1353 5026 l’ntrncensis
1374 4965 1524 5044 episcopus
1557 4963 1749 5024 Torcellsnns
1771 4998 1810 5008 -
1839 4966 1966 5027 Vincen-

1174 5067 1231 5126 tius
1255 5065 1497 5143 Arcltiepiscopns
1517 5065 1731 5126 leber-oannes
1753 5097 1790 5108 -
1818 5065 1968 5128 liubertus

1173 5167 1415 5244 Arclriepiscopus
1429 5165 1655 5226 lirindesiuensis
1673 5199 1709 5210 —
1726 5166 1888 5227 Alexander
1906 5173 1966 5228 Ar·

1175 5266 1372 5345 cbiepiseopns
1395 5266 1426 5324 S.
1449 5264 1605 5326 Severiana
1629 5299 1665 5310 —-
1690 5267 1809 5327 lllnrcns
1837 5269 1967 5330 Arcbic·

1176 5370 1311 5446 piscopos
1342 5366 1543 5444 lllregpneusis
1564 5399 1605 5411 -
1636 5365 1784 5426 Merselsus
1808 5365 1968 5448 Arentept-

1175 5489 1280 5549 scopus
1306 5467 1517 5530 Curratinensis
1538 5499 1579 5510 -
1600 5466 1645 5528 Jo.
1676 5469 1836 5547 Episcopus
1872 5469 1970 5550 Rigo-

1177 5571 1279 5632 biensis
1314 5601 1354 5613 —
1389 5565 1538 5628 Orlandus
1573 5565 1732 5648 Episcopus
1768 5566 1901 5630 Nolensis
1929 5603 1970 5616 -

1178 5671 1299 5734 loannes
1333 5667 1492 5748 Episcopus
1525 5668 1719 5730 Crotoniensis
1751 5701 1789 5714 -
1826 5668 1997 5732 Antonius'
