4492 6859
455 775 477 810 e
503 762 545 810 del
569 761 685 809 Contado
703 760 727 808 d’
740 760 850 814 artois,
868 774 882 808 a
900 761 1001 809 riserva
1019 760 1087 809 delle

481 855 503 889 ἰι
521 840 594 889 facile
613 840 646 888 da
663 840 703 888 aid
720 840 911 902 comprendere
935 842 996 901 qual
1014 840 1085 888 losse

509 921 514 950 ¹
533 921 567 968 lie
586 932 633 981 per
649 919 665 967 ι’
677 921 795 980 acquisto
820 920 862 967 del
886 919 973 979 llegno
994 918 1020 966 di
1036 917 1087 968 Na-

535 998 628 1046 ·iandio
653 1011 666 1046 a
693 1000 813 1047 rilevarsi
831 999 855 1046 la
872 1010 952 1047 scena
975 997 1084 1059 lugubre

575 1076 716 1131 all’ltalia,
741 1078 788 1125 ebe
809 1078 878 1125 nella
894 1077 1085 1125 devastazioue

583 1158 663 1205 'ziose
687 1156 830 1213 contrade,
855 1158 923 1205 nella
945 1157 1085 1214 cadnta,e

617 1234 658 1284 la.
675 1234 906 1283 ne'canibiamenti
923 1234 1085 1283 de'nalurali

642 1313 754 1361 «lusione
776 1313 817 1361 del
839 1326 937 1374 sangae
959 1326 1008 1375 per
1024 1313 1085 1362 l'in·

668 1394 746 1449 sima,
762 1393 856 1440 veniva
874 1393 906 1440 ad
923 1402 1086 1451 esserespo-

709 1482 758 1531 per
778 1471 812 1530 gli
834 1471 929 1518 occulti
946 1470 1041 1532 giudizj
1059 1469 1085 1518 di

738 1548 805 1610 degli
826 1551 945 1606 nomini,
966 1549 1085 1609 sogliono

675 1628 707 1675 cd
729 1625 867 1676 abbattute
892 1628 915 1676 le
938 1626 1084 1689 grandeaze

242 1689 301 1848 ,t

558 1784 708 1832 novimento
725 1786 768 1832 all’
780 1785 907 1841 esercito‚
925 1782 1000 1845 spedi
1017 1785 1033 1831 il
1049 1784 1084 1831 lle

494 1877 552 1912 „ssa
571 1877 584 1912 a
602 1863 710 1912 venezia
728 1875 776 1924 per
793 1864 924 1911 ricorcare
942 1864 964 1910 al
977 1862 1083 1918 Senatn,

433 1983 438 1993 .
456 1944 571 2006 prender
588 1949 662 2004 parte
680 1943 748 1990 nelle
766 1943 852 1990 vicine
874 1942 1049 1997 turbelam,
1067 1952 1084 1987 o

371 2040 401 2073 ..o
418 2026 570 2071 continuare
596 2023 620 2070 la
644 2021 730 2069 bunna
755 2023 871 2069 emicizia
896 2022 962 2069 colla
980 2019 1083 2068 Corona

312 2133 326 2152 ..
343 2103 466 2161 Francia,
483 2103 532 2149 alla
547 2103 609 2162 qual
627 2101 749 2148 riebiesta
767 2100 793 2149 lu
809 2099 835 2148 di
853 2100 944 2149 ordine
957 2099 1083 2159 pubblico

299 2183 363 2231 tatto
380 2183 516 2231 intendere
533 2182 556 2228 al
573 2182 623 2229 lie:
641 2178 737 2229 Essene
755 2180 856 2228 istilnlo
874 2179 992 2228 radicato
1008 2178 1079 2226 della

300 2260 461 2323 Repubblica
478 2259 606 2320 preterire
629 2259 655 2306 la
679 2270 744 2320 pace
770 2260 819 2306 alla
842 2269 952 2319 guerra,
969 2260 1017 2305 che
1034 2269 1083 2318 per

303 2342 356 2389 tale
373 2341 476 2400 oggetto
493 2335 650 2385 desiderare
667 2337 683 2385 il
698 2337 791 2385 Senalo
808 2340 894 2399 quiete
911 2339 961 2385 ella
976 2336 1082 2385 Francia

301 2419 465 2480 egualmente
489 2417 538 2464 cire
562 2416 704 2477 a'l’rincipi
727 2416 885 2474 dell'ltalia,
907 2429 949 2464 ma
974 2416 1037 2472 elle,
1054 2427 1084 2464 se

300 2497 372 2545 iesse
389 2497 472 2544 terma
489 2494 682 2544 deliberacione
705 2494 747 2543 del
770 2497 804 2545 lte
828 2496 854 2544 di
881 2500 975 2556 portar
993 2496 1083 2542 l'arml

299 2576 369 2624 nella
393 2574 546 2632 Provincia,
572 2585 623 2621 non
645 2573 760 2622 sarebbe
782 2578 851 2622 stata
876 2575 899 2621 la
923 2572 1084 2634 liepubblica

298 2653 404 2702 diversa
420 2652 454 2700 de
471 2651 499 2700 se
516 2650 678 2711 medesima,
692 2652 870 2700 continuando
887 2652 948 2700 nell'
961 2650 1083 2699 amicicia

299 2733 365 2782 colla
383 2731 486 2779 Corona
503 2730 529 2779 di
547 2730 654 2779 Francia
674 2750 694 2775 ·.

338 2810 464 2860 Omnibus
481 2811 656 2859 monumentis
680 2811 841 2859 coacervatis
859 2811 884 2859 in
902 2822 1000 2867 unum,
1018 2810 1083 2858 satis

299 2889 380 2951 liquet
391 2889 539 2938 Pontificem
552 2891 663 2950 primum
676 2889 863 2950 impedimenta
873 2888 1004 2938 Ludovico
1016 2889 1085 2937 Stor-

298 2971 351 3020 tiae
367 2981 420 3017 non
436 2972 608 3029 opposuisse,
625 2971 654 3016 ut
671 2980 730 3016 eum
748 2967 780 3016 ab
797 2971 918 3030 incoepto
935 2968 1083 3016 deterreret

298 3059 379 3108 snper
396 3050 510 3095 tractatu
526 3058 585 3094 cnm
602 3045 696 3095 Carolo
709 3045 776 3105 llll,
789 3048 840 3095 iano
856 3059 916 3095 eum
933 3058 974 3104 eo,
990 3058 1083 3107 quam·

297 3132 338 3175 vis
365 3139 417 3174 non
444 3127 628 3187 apertissime,
654 3126 681 3173 in
707 3124 777 3174 idem
805 3126 951 3175 laborasse.
979 3125 1030 3173 Sed
1056 3124 1082 3173 id

297 3208 382 3269 egisse
399 3205 487 3268 potius
503 3216 549 3265 per
564 3204 669 3254 indum
688 3203 724 3266 pli
738 3205 876 3267 Aropoaesi
891 3217 907 3253 a
923 3208 1006 3265 questa
1020 3215 1083 3254 ιοιι-

295 3284 475 3345 υοιιιιοιιιιιιο
492 3284 588 3344 qulbus
604 3296 673 3333 nuuc
690 3297 759 3334 nunc
776 3284 1022 3345 dicendumlquam
1033 3294 1082 3344 pro

298 3365 348 3413 illis
371 3365 404 3413 de
427 3364 603 3413 dominatione
626 3363 807 3424 expellendis,
827 3368 854 3412 ut
875 3363 1082 3413 Guicciardinius

297 3442 412 3502 asserit,
427 3453 520 3491 omnes
543 3444 617 3503 qnasi
641 3445 786 3504 scriptores
809 3456 857 3505 pro
880 3448 954 3493 certo
977 3443 1081 3493 babent.

301 3521 332 3571 Et
349 3534 443 3570 revera
460 3520 635 3570 barbarorum
653 3520 717 3571 ditia
734 3524 760 3570 in
778 3520 900 3581 ltalia,si
917 3523 1039 3572 omnibus
1056 3528 1082 3574 et

299 3602 404 3663 populis
420 3604 447 3650 et
462 3600 575 3662 Regibus
591 3601 710 3662 ingrata,
726 3602 879 3651 Alexandro
902 3602 1010 3663 Borgiae
1027 3615 1083 3650 mo·

297 3682 441 3733 lestissima
457 3692 483 3732 et
507 3682 678 3731 intolerabilis
695 3694 754 3731 esse
771 3682 904 3740 debebat,
920 3687 1011 3743 utpote
1032 3687 1083 3732 im·

300 3763 479 3824 pedimentum
497 3763 530 3809 ad
547 3763 689 3822 augendam
706 3762 839 3812 Ecclesiae
856 3766 909 3809 vim
926 3767 953 3811 et
969 3762 1083 3824 dignita·

296 3846 369 3898 tam,
385 3840 417 3888 ad
436 3841 568 3901 propriam
592 3841 714 3889 familiam
736 3841 836 3890 divitiis
854 3846 880 3890 et
896 3841 1083 3889 dominationi·

298 3921 348 3969 bus
364 3918 550 3968 extollendam.
573 3920 741 3982 Quapropter
756 3921 845 3970 faciles
862 3920 982 3982 praebuit
1003 3933 1081 3971 aures

298 3999 389 4049 ltaliae
413 3998 639 4057 Dominatoribus,
662 4002 706 4061 qni
723 4012 737 4048 a
754 4000 850 4048 Gallica
874 4000 986 4048 amicitia
1008 3999 1080 4047 illum

295 4078 432 4128 divertere
456 4079 542 4127 conati
566 4082 644 4139 snat,
660 4082 687 4128 et
708 4077 831 4141 Legatum
848 4078 991 4140 Hispanum
1013 4078 1081 4127 idem

296 4160 487 4219 exposcentem
504 4159 558 4205 votl
575 4161 723 4219 compotem
740 4158 858 4207 dimisil=
874 4159 945 4220 quod
963 4159 1038 4207 tactis
1054 4164 1081 4207 et

296 4237 471 4286 monumentis
487 4235 683 4298 comprobatur.
702 4236 810 4286 Carolus
827 4236 888 4285 vlll.
904 4237 1000 4287 trenesi
1015 4250 1081 4299 qua·

296 4314 374 4372 dam,
390 4319 419 4363 ut
436 4314 471 4363 ita
487 4314 589 4374 dicam,
605 4316 732 4377 agitatus,
747 4329 796 4378 pro
813 4329 894 4378 regno
910 4318 1080 4379 Neapolitano

295 4393 475 4455 acquirendo,
493 4406 537 4443 res
552 4406 614 4443 suas
631 4407 690 4445 cum
708 4396 829 4446 omnibus
841 4396 960 4460 Europae
976 4399 1080 4459 {tegnlis

295 4476 461 4536 composuit;
476 4474 564 4536 itaqua
581 4478 608 4522 et
623 4486 682 4523 cam
706 4474 822 4537 llispano
840 4496 850 4517 ·
870 4476 898 4524 la
913 4480 997 4537 questo
1012 4489 1081 4527 aeae

296 4555 357 4608 (sic
381 4559 562 4602 samarcam
585 4557 711 4604 cosinae
736 4558 761 4605 ln
783 4556 910 4606 canonico
923 4565 932 4615 ι
953 4557 975 4606 et
998 4557 1030 4607 lle
1054 4558 1081 4608 di

293 4629 408 4681 aroma
417 4630 505 4680 reneio
522 4632 547 4679 to
560 4631 632 4682 stato
647 4634 677 4682 da
690 4634 850 4697 Perpipaeeo
866 4648 879 4686 a
894 4635 1046 4699 ltossiplioaa
1056 4639 1083 4687 et

294 4709 328 4759 iia
342 4711 372 4759 da
393 4709 514 4772 sponna,
530 4713 553 4759 at
567 4712 717 4760 raaoaeiotli
740 4713 869 4763 l'uceiona
890 4714 930 4764 det
949 4715 1034 4777 lteparo
1054 4717 1080 4765 di

295 4789 389 4851 Nepoti
400 4810 412 4832 ι
424 4794 433 4851 l
444 4793 470 4838 in
481 4789 598 4839 Nnccotte
613 4791 639 4839 di
653 4793 725 4842 aeria
740 4793 871 4851 acalcie,
887 4794 967 4855 ιιοιι,
983 4795 1081 4844 edeltrt

295 4868 412 4931 mercati
436 4868 490 4918 enai
515 4869 614 4918 italiam
638 4883 710 4922 coena
735 4872 808 4922 latini
828 4874 1004 4934 appartenenti
1027 4873 1080 4923 olla

294 4948 381 4999 Starie
390 4949 522 5011 dattlcpno
538 4950 565 4997 ιιι
579 4949 680 5012 Nepoti.
692 4953 787 5014 Nepoti
795 4955 864 5003 litt.
876 4953 980 5016 Berger.
991 4954 1040 5003 vot.
1053 4955 1076 5005 V.

295 5039 356 5090 pap.
380 5031 418 5079 ιι.
443 5028 532 5090 operis
555 5030 597 5077 eui
621 5030 713 5081 titulus
731 5053 742 5074 ι
761 5032 890 5083 &canaba
909 5034 936 5081 di
951 5034 1080 5086 damnatio

295 5107 406 5171 Goaipar
419 5109 454 5168 υ).
467 5107 520 5157 ltax
532 5119 597 5156 vero
608 5108 738 5172 llispanus
753 5113 831 5161 tidem
847 5113 945 5163 Gallico
957 5126 1008 5163 non
1020 5127 1080 5164 ser·

296 5188 390 5245 ravit,
412 5188 463 5238 etat
479 5190 635 5238 consecutas
657 5188 736 5240 tuerit
756 5204 824 5253 quae
849 5205 990 5255 numquam
1016 5205 1080 5256 spe-

298 5280 359 5317 rare
376 5269 515 5329 potuisset.
529 5265 594 5317 Nam
609 5270 618 5327 ι
632 5272 692 5317 sunl
709 5270 791 5319 verba
807 5271 1005 5328 Gniacierdinii)
1021 5293 1032 5315 ·
1051 5273 1078 5324 ιιι

295 5358 423 5409 espresso
439 5347 507 5396 nella
523 5347 711 5408 capitolaalnna
727 5348 839 5400 formata
855 5353 937 5401 molto
953 5352 1079 5401 solenne·

296 5430 386 5476 mente
403 5438 418 5475 e
434 5438 484 5475 oon
499 5426 655 5489 giuranenli
666 5431 778 5489 prestati
794 5429 820 5478 in
837 5429 961 5491 pubblico
977 5430 1010 5478 da
1027 5442 1078 5480 nna

295 5511 371 5568 parte
387 5518 403 5555 e
419 5506 553 5557 dall'altra
570 5508 709 5569 ne’templl
726 5509 811 5568 sacri,
827 5508 876 5559 aba
887 5509 1077 5560 llerdinandoe

1156 761 1268 811 lsabella
1285 760 1317 810 ne
1334 760 1519 810 direttamente
1539 760 1573 809 ne
1593 760 1804 812 indirettamente
1820 761 1854 824 gli
1870 760 1938 811 Ara·

1156 841 1246 902 ganesi
1267 841 1433 900 quiessem,
1454 837 1599 900 pareutado
1625 849 1712 889 nuovo
1733 851 1783 889 con
1806 840 1861 889 loro
1885 850 1938 889 non

1155 923 1348 976 contemsero,
1363 918 1396 967 ne
1412 918 1438 967 in
1450 918 1529 967 modo
1541 918 1634 966 alcano
1645 930 1692 979 per
1702 917 1786 968 ditesa
1802 918 1828 967 di
1844 917 1937 979 Nepoti

1155 1011 1169 1046 a
1190 997 1267 1047 Cario
1290 997 1313 1046 si
1334 1009 1530 1060 opponessero:
1547 997 1571 1045 le
1592 997 1663 1059 quali
1688 996 1862 1059 obbligaaioni
1885 996 1936 1058 egli

1155 1090 1203 1139 per
1220 1080 1357 1135 ottenere,
1373 1074 1555 1129 conluctando
1576 1074 1645 1124 dalla
1666 1074 1769 1138 perdita
1793 1077 1866 1124 certa
1889 1086 1938 1135 per

1155 1168 1283 1218 speranza
1300 1155 1326 1204 di
1342 1155 1478 1218 guadagno
1503 1156 1623 1212 incerto,
1639 1151 1743 1203 restitui
1759 1164 1839 1202 senaa
1861 1152 1938 1202 alcun

1155 1238 1309 1296 paganaento
1326 1233 1488 1296 Perpigaano
1505 1245 1553 1283 eon
1570 1236 1638 1281 tutta
1655 1233 1679 1281 la
1699 1235 1793 1281 contaa
1810 1230 1836 1280 di
1851 1230 1938 1280 ltossi·
2032 1261 2035 1266 -

1155 1314 1254 1375 gilone,
1272 1315 1418 1375 impugnato
1430 1312 1503 1361 molti
1519 1312 1579 1360 anni
1596 1312 1701 1361 innanzi
1717 1324 1731 1360 a
1748 1309 1819 1373 bnigi
1830 1321 1878 1359 suo
1888 1322 1939 1371 pa·

1154 1394 1202 1444 dre
1218 1394 1251 1443 da
1268 1394 1395 1443 (iiovanni
1412 1393 1446 1442 lte
1464 1391 1491 1441 (ι’
1503 1394 1642 1453 magona,
1660 1391 1740 1454 padre
1756 1390 1783 1441 di
1798 1389 1939 1440 Ferdinan·

1155 1473 1204 1529 do;
1221 1486 1282 1523 cosa
1301 1472 1485 1522 molestissima
1502 1484 1516 1519 a
1534 1474 1601 1521 tutto
1619 1472 1636 1520 il
1652 1471 1739 1533 {tegno
1757 1464 1785 1520 'di
1807 1469 1937 1527 Francia,

1155 1554 1252 1615 perche
1268 1552 1355 1615 quella
1366 1552 1463 1601 conten
1482 1552 1578 1601 situata
1596 1552 1646 1600 alle
1663 1551 1744 1600 radici
1756 1548 1884 1599 de'ttonti
1896 1547 1938 1597 et·

1155 1635 1262 1691 renei,e
1279 1632 1353 1695 perd,
1370 1630 1483 1681 secondo
1501 1631 1517 1679 ι’
1529 1630 1616 1680 antica
1632 1629 1771 1688 divisione,
1781 1631 1858 1691 parte
1869 1626 1937 1678 della

1154 1712 1252 1771 Gallia,
1270 1711 1401 1773 imperiive
1419 1710 1467 1770 agli
1491 1708 1612 1770 Spagnoli
1636 1709 1652 1756 ι’
1663 1711 1768 1756 entrare
1785 1704 1812 1755 in
1827 1704 1937 1755 Francia

1154 1792 1186 1841 da
1203 1793 1288 1854 quella
1306 1793 1381 1852 parte
1400 1808 1421 1832 ·.
1446 1786 1497 1837 sed
1513 1786 1644 1848 Hispanus
1660 1799 1713 1835 non
1729 1785 1812 1835 solum
1833 1782 1937 1834 arcanis

1154 1873 1258 1919 monitis
1274 1867 1423 1917 alexandro
1439 1866 1517 1914 Sexto
1534 1865 1665 1927 persuasit
1682 1863 1805 1914 aCarolo
1816 1861 1876 1912 vill.
1892 1862 1936 1912 de·

1155 1949 1245 2006 dcere,
1262 1948 1310 1996 sed
1325 1958 1377 2009 qno
1394 1946 1471 1994 modo
1488 1948 1574 2007 potuit
1589 1945 1794 2007 bregonensinm
1811 1944 1936 1993 virtutem
1994 1999 2000 2008 ⁶

1154 2028 1249 2079 iterum
1261 2024 1407 2075 suscitavit.
1423 2025 1493 2073 lnter
1505 2028 1673 2073 monumenta
1685 2036 1704 2076 ,a
1721 2022 1853 2085 Godelroy
1865 2021 1937 2083 adje-

1154 2110 1195 2157 cta
1209 2104 1340 2155 memoriis
1352 2103 1460 2165 Philippi
1472 2102 1505 2152 de
1515 2102 1635 2152 Comines
1644 2101 1705 2165 (ool.
1716 2105 1736 2154 ι
1745 2114 1806 2164 pap.
1815 2102 1870 2152 5⁰5.
1879 2099 1936 2151 edit.

1153 2187 1211 2245 cit.)
1228 2185 1291 2233 llaec
1308 2186 1398 2232 notatu
1416 2182 1507 2245 digner

1197 2284 1207 2306 ι
1225 2264 1308 2313 lircita
1323 2262 1365 2310 des
1380 2261 1444 2320 Rapa
1461 2262 1490 2311 da
1505 2262 1605 2312 arnaco
1624 2272 1680 2310 aum
1695 2259 1798 2312 cointae
1814 2260 1843 2309 de
1859 2258 1937 2308 liona-

1153 2344 1228 2393 silloo
1244 2344 1267 2391 et
1282 2342 1312 2391 da
1328 2340 1458 2402 Cadapae
1475 2359 1497 2388 ι.

1196 2422 1269 2471 «Ces
1286 2421 1392 2469 Comtea
1409 2422 1496 2468 tarent
1513 2430 1626 2479 engagea
1643 2428 1675 2466 en
1692 2418 1937 2481 l'an1t62.aulloy

1153 2502 1239 2565 Louys
1251 2500 1293 2551 xl.
1305 2512 1353 2561 par
1367 2497 1431 2548 lean
1444 2497 1469 2547 ll.
1486 2497 1541 2559 ltoy
1558 2495 1710 2559 d'Arragon,
1721 2508 1789 2557 pour
1800 2497 1823 2545 le
1835 2508 1937 2545 somma

1153 2582 1186 2630 de
1204 2582 1269 2628 trois
1285 2591 1348 2627 cens
1366 2578 1436 2626 mille
1452 2584 1545 2625 escanz
1563 2580 1589 2625 et
1605 2588 1652 2637 par
1669 2576 1693 2624 le
1710 2574 1813 2624 Tralata
1830 2575 1863 2624 de
1874 2586 1937 2624 con·

1153 2659 1297 2709 federation
1323 2661 1397 2707 entre
1416 2658 1438 2705 le
1455 2657 1510 2719 lioy
1534 2654 1641 2705 charles
1665 2653 1724 2704 lllll.
1743 2657 1770 2704 et
1789 2652 1937 2704 ferdinand

1154 2745 1181 2790 et
1197 2739 1307 2789 isabella
1325 2751 1339 2787 a
1356 2737 1497 2787 Barcelone
1523 2748 1555 2786 en
1579 2735 1685 2785 lanvier
1701 2735 1754 2784 l'an
1771 2735 1845 2794 ates,
1861 2734 1880 2782 il
1894 2734 1937 2785 int

1153 2831 1275 2868 convena
1298 2830 1352 2879 qua
1376 2816 1401 2864 le
1424 2818 1480 2878 lioy
1496 2813 1605 2863 Charles
1632 2813 1799 2864 delaisseroit
1823 2825 1856 2862 au
1879 2812 1935 2876 ltey

1153 2896 1300 2948 ferdinand
1318 2896 1342 2944 la
1359 2896 1512 2956 possession
1529 2893 1630 2942 desdiae
1646 2891 1752 2942 Comtes
1768 2891 1783 2941 ι
1799 2891 1823 2940 la
1840 2890 1937 2953 charge

1153 2989 1203 3040 qua
1215 2976 1308 3026 lesdits
1319 2974 1467 3024 Ferdinand
1477 2977 1504 3023 at
1516 2973 1626 3023 lsaballe
1638 2987 1671 3023 ne
1688 2972 1855 3023 s'allieroient
1871 2982 1937 3022 avec

1153 3056 1191 3105 les
1202 3053 1321 3105 ennemls
1333 3053 1367 3102 du
1378 3053 1433 3115 lioy
1444 3051 1562 3111 charles,
1578 3055 1604 3102 et
1619 3051 1822 3102 observeroient
1838 3050 1876 3099 les
1892 3062 1938 3099 an·

1155 3135 1261 3184 ciennes
1283 3132 1495 3182 confederatione
1512 3136 1588 3181 entre
1605 3130 1643 3180 les
1660 3131 1729 3193 ltnys
1746 3129 1779 3180 de
1796 3128 1893 3179 France
1909 3131 1937 3179 et

1153 3213 1306 3277 d’Espagne.
1321 3212 1403 3273 Qu'ils
1415 3224 1447 3262 ne
1460 3212 1629 3260 marierolenl
1647 3211 1718 3259 leurs
1733 3208 1800 3259 flllea
1816 3219 1881 3257 avec
1897 3207 1937 3257 lea

1152 3293 1221 3357 ltoys
1232 3293 1281 3343 des
1291 3293 1415 3343 liomains
1426 3296 1451 3342 et
1462 3291 1653 3353 d'Angleterre,
1669 3301 1703 3339 ou
1719 3298 1782 3339 avec
1798 3288 1870 3339 leurs
1882 3286 1937 3346 dis,

1153 3376 1180 3420 et
1190 3376 1279 3421 autres
1292 3372 1409 3420 ennemis
1427 3369 1548 3419 declarez
1565 3368 1598 3418 du
1616 3369 1671 3433 ltoy
1686 3370 1721 3418 <le
1738 3368 1840 3418 Franco.
1855 3367 1937 3428 Qu’lls

1153 3452 1299 3501 n’auroieat
1309 3450 1471 3511 intelligence
1480 3461 1545 3498 avec
1553 3449 1665 3513 quelque
1676 3447 1765 3498 Prinos
1773 3459 1825 3510 qua
1833 3458 1864 3496 ce
1873 3446 1936 3505 lust,

1152 3542 1184 3581 an
1196 3530 1330 3593 preludice
1348 3530 1386 3578 les
1402 3541 1452 3577 uns
1469 3527 1516 3577 des
1534 3532 1633 3577 autres.
1650 3525 1680 3576 Et
1697 3538 1747 3588 que
1765 3528 1821 3575 tant
1838 3527 1863 3575 le
1880 3526 1936 3589 ling

1152 3610 1260 3659 Charias
1271 3622 1322 3672 que
1335 3620 1377 3657 ses
1389 3618 1560 3656 successeurs
1577 3606 1646 3668 lioys
1663 3604 1696 3653 de
1712 3605 1810 3654 Franoe
1826 3616 1937 3666 ponrro-

1153 3689 1207 3737 lent
1218 3688 1283 3737 taire
1296 3689 1353 3736 voir
1365 3690 1392 3734 et
1404 3688 1539 3734 examiner
1552 3684 1608 3732 lenr
1618 3684 1703 3731 droict
1715 3696 1761 3732 sur
1773 3685 1810 3731 les
1821 3682 1936 3740 Comtea,

1151 3767 1165 3817 a
1182 3779 1262 3816 cause
1280 3766 1484 3825 d'engagement,
1502 3776 1533 3811 au
1551 3765 1714 3818 autrement,
1730 3761 1794 3810 dont
1811 3762 1849 3810 les
1866 3759 1936 3809 deux

1151 3848 1221 3911 lioys
1246 3858 1274 3896 se
1298 3844 1517 3895 soubmettroient
1533 3842 1547 3890 a
1564 3842 1676 3891 arbitres
1693 3840 1726 3890 de
1744 3845 1804 3903 part
1820 3845 1847 3890 et
1862 3839 1935 3889 d'au·

1153 3930 1200 3976 tre.
1216 3925 1248 3976 Et
1264 3939 1296 3975 en
1312 3937 1357 3974 cas
1373 3936 1424 3985 qne
1441 3924 1464 3973 le
1481 3923 1536 3986 ltoy
1547 3920 1693 3971 Ferdinand
1709 3919 1893 3983 n'accornplist
1909 3919 1934 3970 la

1151 4008 1263 4055 contenn
1289 4017 1322 4053 eu
1348 4002 1466 4059 Traicte,
1487 4001 1504 4050 il
1531 4002 1696 4061 renonqoita
1716 4003 1774 4048 ιοιιι
1794 3998 1880 4048 droiet
1900 3996 1934 4047 de

1151 4085 1293 4147 propriore,
1310 4084 1343 4131 de
1359 4081 1507 4143 seigneurie
1524 4083 1551 4129 at
1568 4079 1601 4129 de
1617 4078 1769 4140 possession
1786 4077 1851 4138 qu'il
1868 4087 1935 4138 pou·

1150 4166 1203 4216 voit
1218 4164 1359 4227 pretendre
1376 4163 1458 4211 esdits
1475 4160 1591 4210 Gomtez.
1601 4160 1637 4209 Or
1648 4158 1740 4209 lesdits
1751 4156 1898 4208 ferdinand
1906 4158 1935 4207 et

1152 4245 1261 4294 isabella
1286 4241 1502 4293 contravindrent
1527 4241 1541 4289 a
1563 4252 1594 4290 ce
1610 4237 1722 4296 Tralcte,
1746 4249 1827 4301 avens
1850 4235 1934 4288 marie

1151 4325 1222 4374 leurs
1238 4322 1304 4372 dlles
1321 4335 1335 4371 a
1353 4321 1402 4370 des
1425 4322 1530 4370 Princes
1555 4319 1602 4368 des
1626 4318 1741 4369 blalsons
1757 4316 1937 4375 d’Austrlclre,

1150 4408 1177 4453 al
1199 4403 1385 4464 d'angleterre‚
1402 4403 1424 4449 ct
1439 4399 1468 4449 de
1488 4398 1546 4461 ptos
1569 4398 1698 4448 assistite
1717 4396 1769 4455 ιιοιι
1788 4397 1820 4446 da
1839 4395 1934 4458 Nuptae

1150 4478 1500 4539 contantinopolim..
1523 4477 1585 4526 vide
1610 4480 1735 4534 canina,
1755 4479 1860 4526 ιοιιιιιι
1881 4479 1931 4525 etc.

1190 4559 1306 4609 Pontilex
1331 4557 1442 4619 benigne
1458 4562 1485 4607 et
1505 4556 1618 4606 libenter
1642 4553 1870 4603 exhortationibus
1887 4552 1934 4602 lli·

1151 4640 1249 4703 spaniei
1266 4639 1342 4700 liegis
1365 4636 1496 4699 acceptis,
1517 4638 1602 4685 anania
1623 4647 1684 4683 cum
1705 4630 1933 4694 arragonensibus

1149 4718 1320 4771 concordavit
1332 4731 1384 4766 non
1396 4718 1489 4772 solum,
1502 4715 1550 4765 sed
1560 4714 1694 4775 Principes
1710 4716 1737 4762 et
1747 4712 1873 4761 Civitates
1885 4711 1935 4760 lta·

1151 4801 1200 4850 liae
1218 4798 1251 4848 ed
1267 4808 1359 4860 pacem
1372 4796 1405 4844 ed
1416 4795 1521 4844 loedere
1533 4795 1600 4842 inter
1611 4805 1640 4842 sa
1657 4790 1777 4841 omnibus
1795 4801 1931 4852 argumen-

1150 4883 1183 4930 tis
1200 4879 1310 4941 impulit.
1326 4877 1480 4928 Notavimus
1502 4874 1641 4936 superius,
1657 4875 1743 4921 castra
1760 4882 1774 4919 a
1792 4869 1930 4919 Franciaco

1149 4959 1212 5009 Cibo
1230 4958 1341 5020 virginio
1358 4954 1391 5003 de
1407 4953 1505 5004 Ursinis
1523 4950 1638 5011 vendita,
1656 4947 1842 5011 indignationis
1863 4947 1932 4999 Pon·

1149 5038 1225 5088 tiliois
1241 5047 1347 5085 causam
1364 5034 1448 5083 tuisse
1464 5033 1641 5095 praecipuam,
1658 5032 1684 5078 et
1700 5029 1771 5077 litam
1790 5029 1859 5079 ultra
1876 5039 1931 5077 mo·

1148 5117 1210 5167 dum
1227 5115 1381 5166 excrevisse
1393 5112 1426 5163 ob
1437 5112 1591 5173 denegatam
1603 5121 1706 5158 manum
1717 5106 1786 5158 tiliae
1802 5107 1929 5157 naturalis
2023 5109 2026 5114 '

1148 5197 1274 5260 alphonsi
1290 5196 1367 5244 Ducis
1384 5191 1538 5246 Calabriae,
1554 5189 1605 5239 tilio
1622 5192 1700 5239 etiem
1723 5190 1803 5238 notlao
1824 5185 1930 5236 Poetili-

1148 5278 1193 5326 eis.
1213 5275 1264 5324 Sed
1281 5286 1350 5331 curn,
1366 5274 1524 5334 tempestato
1540 5271 1689 5330 ingruente·
1702 5267 1736 5317 ad
1751 5267 1854 5315 mitiora
1871 5276 1930 5314 eon·

1147 5356 1204 5405 silla
1221 5356 1354 5416 Principes
1370 5350 1533 5413 Neapolitani
1549 5348 1749 5405 discessissent,
1760 5346 1845 5396 omnia
1861 5344 1929 5394 lilino

1149 5437 1255 5484 mntata.
1269 5454 1279 5475 ·
1292 5429 1445 5493 composesl
1456 5428 1511 5489 (sie
1520 5424 1725 5477 Guicciardinins
1736 5424 1826 5473 attere
1837 5433 1929 5472 omnes

1148 5526 1206 5563 enm
1224 5525 1256 5563 eo
1274 5512 1440 5567 annalistae)
1457 5506 1615 5567 tinelmente,
1631 5503 1700 5567 dopo
1717 5504 1790 5555 varie
1810 5499 1929 5553 didiaolla

1649 5598 1678 5644 36
