4492 6859
291 686 351 747 tut
757 669 1044 736 PON'llFlchUS
1061 663 1287 730 tdnucud'tu
1307 662 1467 729 duravi.-

293 822 406 892 Gallus,
427 823 577 897 putantes,
598 831 661 875 rem
683 825 797 892 gratam
818 813 916 874 lacere
934 806 1076 870 Camera-

294 923 350 994 rio,
371 919 527 999 impetuose
549 916 641 995 magis
656 932 744 993 uuam
759 914 890 995 iuridice
909 912 1076 974 electionem

292 1024 381 1103 mam
402 1018 439 1079 ad
459 1016 661 1080 camerarium
678 1018 772 1097 ipsum
793 1015 945 1089 dederunt,
966 1012 1078 1074 dictos·

294 1141 351 1201 qne
370 1118 514 1181 Oibciales
529 1118 680 1199 elegerunt
696 1129 797 1180 contra
813 1116 864 1197 jus
880 1127 909 1181 et
928 1117 1077 1194 antiquans

292 1221 541 1294 connsuetudinem,
550 1238 596 1292 ac,
607 1219 686 1298 quod
700 1219 824 1281 deterius
835 1230 890 1293 est,
902 1219 1078 1280 volantatem

292 1323 475 1400 reliquorum
496 1320 629 1401 capitum
651 1317 824 1399 Regionum.
847 1320 886 1382 tu
908 1319 937 1379 bi
957 1317 1077 1379 luerunt

292 1424 397 1496 electi,
419 1423 469 1500 qui
489 1422 582 1501 ningis
600 1421 677 1501 grati
696 1420 814 1483 luerunt
836 1420 1029 1491 camerario,
1048 1430 1079 1481 et

292 1526 378 1586 etiam
400 1541 457 1584 nan
478 1523 580 1584 idonei.
602 1522 641 1584 Et
662 1542 718 1585 non
739 1533 782 1585 est
804 1524 935 1597 mirum,
961 1524 986 1584 si
1014 1523 1080 1585 llo-

294 1625 370 1686 maai
382 1642 438 1686 non
448 1624 553 1686 babeat
560 1612 881 1706 jurisdictionemque
889 1626 1003 1706 ipsimet
1014 1638 1081 1687 sunt

295 1726 472 1797 cauendum
494 1744 549 1805 pro
568 1745 671 1788 eorum
692 1726 807 1808 privata
827 1729 952 1790 utilitate
976 1736 1083 1789 contra

296 1827 441 1888 civilatem
462 1836 490 1887 et
515 1825 622 1886 bonum
644 1843 797 1890 couimune
815 1827 936 1888 iaciunt.
955 1827 1082 1887 luconti-

295 1930 370 1989 nenti
381 1946 440 2007 quo
451 1927 507 1988 luit
520 1939 665 2001 mortuus,
676 1928 784 1990 mirans
795 1929 851 1989 luit
862 1930 890 1988 in
907 1929 996 1992 Urbe.
1009 1927 1082 1989 Nam

297 2029 345 2089 ubi
367 2029 473 2105 prius,
493 2027 619 2089 durante
651 2028 740 2109 ipsius
774 2028 951 2102 infirmitate,
973 2027 1083 2091 indnita

296 2130 426 2191 facinora
459 2128 565 2190 debant
591 2130 620 2190 in
647 2129 728 2192 Urbe
759 2142 788 2191 et
817 2142 925 2201 extra,
957 2131 1083 2192 homines

295 2232 409 2311 quidem
428 2230 622 2292 caedebantur
642 2241 671 2290 et
691 2230 913 2303 occidebantur,
934 2242 962 2292 et
982 2231 1084 2291 disro·

297 2332 452 2404 babantur,
472 2330 659 2391 incontinenti
680 2329 734 2391 luit
758 2330 855 2391 sedata
885 2349 947 2402 rea,
968 2342 1000 2392 ut
1020 2341 1085 2411 post

298 2430 364 2507 ejus
384 2441 508 2491 mortem
542 2440 622 2492 tanta
648 2429 737 2492 suerit
765 2431 847 2508 quies
868 2432 897 2493 in
918 2431 1020 2504 Urbe,
1051 2443 1085 2493 ut

298 2549 396 2591 omncs
416 2532 603 2593 mirarentur.
625 2529 683 2592 Sed
704 2550 808 2610 parum
829 2531 956 2593 durarit.

340 2633 393 2695 llic
424 2632 475 2693 Sd.
508 2631 694 2705 cardinales,
720 2644 876 2711 antequam
908 2633 1085 2695 deducerent

299 2732 364 2811 ejus
381 2751 489 2814 carpus
518 2752 553 2793 es
576 2733 688 2794 Palatio
707 2743 851 2796 soenrunt
872 2734 972 2807 simul,
992 2734 1095 2795 colla-⁴

299 2846 419 2914 quantes
433 2833 469 2895 de
483 2831 652 2894 admissione
672 2837 740 2895 nasi
760 2833 936 2906 cardinalis,
952 2833 1086 2895 videlicet

301 2936 354 2998 dlii
375 2935 490 2996 Domini
510 2934 632 2995 Roberti
652 2935 688 2996 de
709 2934 819 2997 Sancto
839 2935 1005 3007 Severino,
1035 2936 1085 3013 qui

301 3056 353 3116 per
371 3035 492 3115 aliquos¹
502 3036 561 3098 dics
577 3044 644 3098 ante
654 3047 773 3098 steterat
787 3055 855 3099 cuns
870 3038 1012 3098 Fracasso
1022 3032 1085 3113 ejus

301 3137 393 3197 tratre
412 3136 489 3218 apud
511 3136 650 3198 Sanctum
664 3138 847 3200 Anastaslum
863 3147 945 3201 extra
966 3136 1085 3197 Portam

302 3236 403 3299 Sancti
423 3237 508 3299 Pauli
539 3256 608 3298 cum
629 3238 729 3299 uiuitis
759 3250 789 3302 et
814 3237 930 3301 inlinitis
948 3240 1087 3304 militibus

301 3336 453 3398 balistariis
473 3348 502 3399 et
522 3337 689 3418 peditibus,
710 3350 739 3401 et
760 3340 882 3402 instabat
909 3361 965 3422 pro
981 3342 1088 3404 Cardi-

303 3439 401 3498 nalalu
422 3438 475 3498 sibi
492 3441 634 3520 promisso
649 3440 687 3498 ab
706 3441 872 3503 innocentio
890 3456 919 3503 et
938 3453 1001 3505 tola
1017 3443 1089 3505 col·

304 3540 404 3618 legi03
426 3556 512 3616 quem
545 3537 728 3600 incontinenti
761 3538 925 3620 Collegium
951 3541 1089 3615 admisit,

303 3638 430 3716 lecitque
447 3656 515 3699 eum
535 3638 740 3713 (laudibilem,
761 3638 854 3702 dando
874 3642 902 3702 ci
926 3643 1088 3722 cappellum

304 3739 442 3812 rubeum,
459 3749 488 3800 et
510 3740 606 3799 locum
622 3741 652 3799 in
666 3738 855 3815 Consistoria,
877 3740 997 3803 instante
1011 3743 1090 3803 Fra·

305 3858 389 3904 casso
408 3836 471 3916 ejus
490 3841 582 3902 tratre
600 3858 669 3902 cum
689 3842 768 3903 bulla
790 3843 938 3922 praedicta
967 3844 999 3905 in
1024 3861 1090 3904 ma·

306 3962 346 4005 uu
356 3942 412 4029 (l).
423 3944 486 4026 lpse
499 3955 596 4005 autem
606 3956 649 4005 est
660 3943 840 4025 bomoaptus
852 3947 943 4024 tnagis
956 3945 992 4005 ad
1007 3963 1090 4008 arma

307 4064 394 4125 quam
418 4046 456 4107 ad
476 4045 590 4119 Sacra,
611 4056 723 4107 statura
745 4065 874 4127 magnus.
897 4046 935 4108 tu
956 4064 1012 4107 non
1033 4046 1090 4109 luit

305 4146 488 4228 Episcopus,
509 4164 603 4225 neque
623 4146 869 4219 Protoaotarius,
899 4146 948 4231 sed
977 4156 1090 4208 tantum

307 4248 507 4309 subdiaconus.
529 4246 568 4308 Et
588 4256 707 4307 vocatus
727 4246 783 4307 luit
802 4245 963 4308 cardinalis
987 4247 1090 4309 Sancti

308 4348 449 4411 Severini.
489 4347 528 4409 Et
568 4348 753 4410 incontinenti
790 4359 855 4427 post
899 4358 1092 4430 partaverunt

307 4466 414 4529 carpas
433 4451 588 4511 innocentii
610 4451 637 4510 in
658 4448 776 4512 ecclesia
798 4449 898 4511 Sancti
919 4449 1008 4511 Petri.

349 4550 402 4610 Die
416 4548 480 4623 28,
495 4549 567 4611 bora
586 4550 687 4629 qasinta
702 4550 804 4623 stactis,
819 4550 953 4631 vignola,
968 4550 1019 4629 qui
1036 4548 1091 4611 luit

307 4650 578 4724 Vicecamerarius,
597 4649 710 4730 auiugit
729 4669 748 4710 a
781 4652 846 4712 loco
877 4651 926 4712 ubi
956 4661 1044 4725 erat,
1063 4662 1090 4712 et

307 4751 429 4812 contulit
449 4769 480 4812 se
500 4751 537 4811 ad
557 4750 692 4813 Castrum
714 4751 875 4824 lletrallae‚
896 4764 925 4815 et
943 4752 999 4815 boc
1021 4753 1091 4832 quia

310 4852 469 4927 intellexit,
490 4850 654 4913 Romanam
688 4852 834 4933 Populum
854 4856 929 4916 velle
948 4865 1047 4935 petere
1075 4874 1092 4916 a

307 4955 438 5035 Collegio
468 4964 502 5015 ut
537 4952 573 5016 de
601 4953 688 5034 gean
709 4955 739 5015 in
760 4951 824 5033 ejus
843 4955 938 5017 cilicio
966 4966 1021 5018 stet
1055 4956 1091 5016 ud

307 5056 497 5138 synditalum.

351 5157 405 5219 Die
425 5158 520 5237 prima
538 5154 678 5235 augusti,
698 5154 828 5236 Populus
848 5155 998 5217 Romanus
1019 5175 1092 5237 por·

311 5259 384 5320 rexit
402 5260 430 5317 in
449 5256 587 5318 Sacristia
602 5254 701 5318 Sancti
714 5256 794 5317 Petri
809 5256 941 5339 capitula
953 5258 1093 5338 collegio,

312 5380 385 5438 quse
406 5365 486 5443 petiit
505 5364 664 5427 observari.
686 5361 724 5423 Et
742 5362 860 5422 luerunt
877 5362 961 5432 lecta,
979 5369 1008 5420 et
1027 5358 1094 5419 data

311 5474 378 5523 sunt
397 5463 470 5525 bona
495 5462 583 5525 rerba
610 5483 662 5543 per
683 5462 957 5526 vicecancellarium
979 5461 1094 5546 ingno-

312 5561 388 5623 miuc
407 5563 535 5645 omnium
556 5561 764 5627 cardinalium.

352 5761 387 5818 ll)
403 5757 467 5807 vide
484 5769 551 5818 quac
567 5757 686 5809 diximus
701 5760 726 5809 in
743 5758 911 5811 adnotatione
928 5771 984 5822 pag.
1001 5760 1052 5811 tta

1833 661 1937 746 (ssu)

1189 798 1297 860 &mm
1319 796 1365 857 die
1379 795 1496 857 intrarit
1506 794 1617 858 Urbem
1631 793 1749 874 midam
1762 794 1873 857 Frater
1887 793 1936 856 bl·

1145 900 1200 960 bus
1211 896 1269 983 (2),
1284 898 1335 977 qui
1356 908 1423 957 sunt
1437 894 1513 977 apud
1526 894 1676 958 eremum
1690 892 1820 958 Sanctae
1833 892 1937 955 llariae

1146 998 1253 1072 Norae,
1269 1015 1355 1078 quem
1371 997 1505 1058 dixerunt
1515 993 1602 1057 luisse
1615 994 1726 1057 iactum
1741 993 1937 1065 Cardinsleu,

1148 1098 1316 1161 instantibus
1327 1097 1451 1172 Venetis,
1464 1115 1515 1177 per
1529 1097 1741 1170 lnnoccntinm,
1752 1096 1885 1158 nondum
1894 1107 1937 1157 ta·

1148 1217 1212 1261 men
1230 1208 1293 1260 erat
1313 1197 1431 1279 adeptus
1445 1199 1608 1278 cappellum
1622 1197 1747 1260 rubeum
1759 1193 1819 1281 (3).
1837 1195 1877 1258 Et
1888 1197 1938 1259 lait

1146 1310 1246 1380 recept
1361 1300 1400 1359 im
1421 1317 1438 1358 a
1460 1296 1659 1360 cardimlibus
1690 1297 1721 1358 in
1740 1296 1938 1360 cardinalatu.

1147 1398 1187 1460 Et
1215 1398 1244 1459 di
1356 1397 1438 1471 luit,
1471 1397 1550 1476 quod
1581 1399 1676 1478 ipsum
1697 1398 1811 1460 lecerat
1844 1401 1939 1461 sasire

1148 1497 1308 1561 Cardinalis
1328 1496 1430 1559 Sancti
1462 1496 1543 1559 Petri
1574 1496 1610 1559 ad
1635 1498 1759 1561 Vincula
1781 1515 1845 1559 una
1875 1518 1940 1561 cum

1150 1597 1368 1679 Sancti-ingeli
1390 1617 1445 1679 pro
1462 1617 1521 1672 co,
1542 1598 1610 1677 quia
1632 1617 1686 1681 per
1704 1600 1868 1662 Ascanium
1883 1620 1939 1663 cu-

1151 1711 1249 1761 ratum
1274 1700 1329 1760 luit
1348 1698 1449 1761 venire
1471 1698 1653 1762 cardinalem
1675 1699 1776 1761 Sancti
1799 1701 1941 1777 severim

1150 1814 1180 1863 et
1203 1814 1325 1864 vocatus
1351 1800 1407 1862 luit
1440 1800 1612 1863 Patriarcba
1638 1802 1773 1865 Venetus.
1812 1802 1855 1864 lit
1880 1816 1941 1867 erat

1151 1902 1239 1964 bomo
1270 1921 1377 1983 parrae
1410 1914 1561 1978 staturae,
1591 1914 1622 1965 et
1649 1907 1752 1967 aetatis
1784 1907 1944 1987 nonaginta

1152 2004 1279 2083 quinque
1299 2020 1453 2065 annorum.
1476 2002 1514 2064 Et
1531 2016 1596 2066 erat
1616 2004 1687 2067 adeo
1705 2023 1822 2080 scum,
1844 2018 1879 2069 ut
1901 2009 1944 2070 sis

1151 2115 1245 2184 posset
1267 2104 1346 2183 loqui
1367 2114 1418 2163 aut
1445 2104 1620 2180 ambulare,
1648 2117 1678 2167 et
1710 2106 1787 2170 adeo
1809 2108 1942 2171 morebu

1153 2216 1251 2285 caput,
1274 2215 1306 2265 ut
1327 2223 1441 2287 semper
1461 2204 1610 2268 rideretur
1630 2224 1768 2271 annuere.

1194 2305 1247 2367 Die
1264 2305 1294 2365 6.
1316 2308 1444 2387 augusti,
1465 2305 1634 2369 cardinales
1645 2326 1746 2371 omues
1760 2311 1947 2373 intraveram

1152 2403 1308 2479 conclave,
1319 2405 1398 2485 quad
1417 2416 1480 2467 erat
1493 2407 1570 2487 apud
1589 2409 1733 2489 palatium
1748 2410 1855 2473 Sancti
1866 2411 1947 2474 Petri

1153 2507 1182 2567 in
1210 2509 1346 2588 cappella.
1369 2507 1408 2568 Et
1427 2508 1548 2569 luerunt
1566 2510 1623 2584 istl,
1645 2510 1781 2574 videlicet
1805 2513 1946 2577 Vicecan·

1154 2608 1301 2681 cellarius,
1318 2606 1534 2687 Neapolitanus,
1553 2608 1652 2671 Sancti
1666 2610 1745 2674 Petri
1760 2612 1800 2673 ad
1816 2614 1947 2690 Vincula,

1153 2706 1295 2780 Senensis,
1306 2707 1545 2788 Portugailensis,
1560 2707 1703 2784 Sabellus,
1720 2710 1756 2775 de
1769 2712 1946 2790 comitibus,

1153 2808 1188 2868 dn
1204 2806 1357 2882 columna,
1369 2807 1671 2884 Ursinusliscanius,
1691 2809 1824 2874 Sanctae
1838 2812 1947 2876 blaciae

1155 2908 1182 2968 in
1203 2908 1350 2982 Portica,
1372 2908 1470 2970 Sancti
1498 2910 1619 2989 ingeli,
1647 2911 1748 2973 Sancti
1769 2911 1946 2989 crumnis,

1154 3009 1328 3085 llecunatus,
1349 3010 1515 3085 aleriensis,
1537 3011 1660 3076 Sanctae
1686 3012 1869 3090 inurens,
1888 3015 1945 3079 be·

1154 3121 1344 3184 neventanus,
1365 3109 1566 3185 Florentium,
1589 3112 1693 3174 Sancti
1715 3113 1869 3189 Severini,
1889 3114 1947 3175 Pa·

1154 3212 1285 3274 triarcba
1297 3214 1433 3287 Vuretus,
1444 3212 1618 3288 Parmensis,
1631 3214 1784 3277 leunensis
1801 3228 1832 3279 et
1849 3215 1948 3279 Sancti

1156 3314 1285 3393 Georgii.
1758 3315 1762 3325 “

1196 3413 1249 3476 llic
1270 3423 1366 3475 tamen
1386 3413 1580 3494 praecedenti,
1602 3416 1704 3494 quinta
1722 3416 1858 3495 augusti,
1879 3433 1947 3496 pec·

1156 3513 1247 3578 lectae
1268 3515 1386 3575 luerunt
1412 3516 1549 3593 exequiae
1570 3516 1735 3578 iunocentii.
1754 3516 1795 3578 Et
1810 3517 1854 3578 sic
1871 3516 1947 3578 finita

1156 3614 1211 3677 latit
1232 3613 1297 3694 ejus
1318 3616 1479 3676 memoria:
1498 3626 1527 3679 et
1553 3613 1618 3696 ejus
1640 3617 1700 3678 rita
1721 3636 1738 3678 a
1760 3620 1863 3680 multis
1894 3618 1947 3678 luit

1155 3717 1335 3798 approbata,
1355 3736 1390 3778 ea
1417 3717 1496 3797 quod
1516 3718 1574 3779 iuit
1605 3718 1749 3780 numanus
1772 3732 1804 3782 ct
1823 3730 1946 3781 ,amator

1156 3818 1249 3898 pacis,
1266 3827 1296 3879 et
1318 3818 1479 3879 construxit
1503 3817 1614 3881 Romae
1633 3820 1726 3880 multa
1748 3815 1947 3902 aediliciali).

1161 3992 1272 4006 -ο

1197 4087 1233 4149 (2)
1259 4083 1287 4134 iu
1311 4086 1403 4137 codice
1420 4098 1479 4137 mco
1503 4085 1611 4148 oecon
1631 4084 1732 4151 (mter,
1748 4086 1804 4138 sica
1825 4086 1948 4138 ttcsacss

1157 4163 1233 4216 Albus
1249 4163 1333 4213 dabis
1349 4167 1401 4215 etc.

1199 4244 1234 4303 (t)
1251 4242 1948 4307 Videsuperadnotpitt.Hiscratltapbeuscerar·

1157 4320 1207 4371 dus
1219 4320 1539 4381 Patriarcbsvenetcs,ds
1549 4334 1603 4385 qno
1614 4322 1682 4373 Patr.
1691 4323 1787 4386 Dslpte.
1796 4323 1814 4373 l.
1822 4328 1946 4387 tum-tt·

1198 4402 1236 4465 (l)
1245 4400 1390 4453 innocentii
1398 4400 1457 4453 vill.
1469 4404 1594 4454 memoria
1606 4402 1678 4467 apud
1687 4398 1813 4465 posteros
1824 4418 1880 4455 non
1890 4417 1949 4468 per·

1158 4480 1265 4532 duravit
1281 4481 1420 4544 damnatae
1435 4495 1515 4543 nam,
1531 4483 1653 4534 omnibus
1671 4484 1755 4535 terme
1771 4486 1947 4549 scriptoribus

1159 4559 1228 4611 idem
1257 4559 1451 4620 sentientibus,
1476 4561 1503 4611 ln
1528 4574 1561 4612 eo
1585 4563 1665 4611 insita
1689 4560 1820 4625 quaedam
1843 4563 1947 4613 bonitas

1158 4641 1354 4702 praecellebat,
1371 4653 1404 4690 cx
1421 4653 1472 4704 qua
1497 4641 1594 4690 malum
1618 4653 1728 4704 reguum
1750 4642 1877 4693 derivare
1900 4655 1947 4694 aon

1158 4723 1272 4782 poterat.
1299 4719 1336 4770 De
1360 4722 1427 4771 actis
1451 4721 1477 4771 ia
1501 4719 1689 4785 Hieronymum
1716 4721 1947 4782 alteramenta

1158 4798 1268 4849 Domum
1285 4800 1482 4863 creponensem
1491 4799 1533 4849 bic
1544 4796 1639 4850 iterum
1652 4800 1722 4863 loqui
1733 4800 1836 4861 inutile,
1845 4814 1906 4852 cum
1918 4804 1941 4852 ia

1158 4878 1321 4940 praelatione
1346 4884 1372 4930 ct
1395 4880 1423 4929 in
1447 4878 1591 4942 appendice
1608 4878 1641 4928 ds
1658 4880 1708 4929 boc
1725 4880 1791 4929 satis
1815 4891 1947 4944 superque

1159 4957 1256 5008 dictum
1289 4958 1335 5007 stt.
1360 4956 1398 5008 De
1423 4958 1479 5021 ejus
1504 4959 1558 5007 rita
1583 4962 1644 5021 post
1666 4957 1862 5019 Pontificatum,
1884 4959 1949 5009 Scri·

1158 5041 1251 5100 ptores
1268 5037 1339 5087 illum
1351 5039 1508 5101 praesertim
1520 5042 1679 5088 accusarunt
1695 5038 1730 5088 de
1745 5041 1867 5101 pacantis
1882 5040 1947 5089 dono

1160 5119 1276 5180 acceptis
1293 5130 1307 5167 a
1324 5118 1468 5167 'furcarum
1482 5118 1653 5179 Imperatore,
1670 5120 1697 5167 ct
1713 5118 1747 5169 da
1764 5118 1848 5167 nimio
1860 5128 1948 5169 amora

1160 5195 1186 5246 iu
1201 5196 1285 5256 lilios;
1302 5196 1335 5247 de
1351 5208 1462 5260 quorum
1487 5209 1598 5247 numero
1621 5201 1647 5248 et
1669 5198 1839 5248 maternitate
1861 5196 1947 5261 turpia

1159 5275 1352 5327 disseruerunt.
1360 5275 1396 5325 De
1408 5276 1525 5338 pecuniis
1535 5289 1550 5326 a
1560 5275 1701 5333 Baiasetbc
1710 5276 1811 5337 missis,
1822 5276 1949 5326 Barcbsr·

1160 5355 1222 5405 duna
1239 5360 1266 5405 et
1282 5356 1347 5405 alios
1364 5356 1422 5404 loco
1439 5366 1487 5405 suo
1505 5356 1693 5415 refutavimuss
1709 5356 1768 5414 scd,
1782 5360 1815 5407 ut
1832 5354 1948 5406 abunda·

1161 5448 1229 5496 mus,
1245 5437 1422 5486 testimoniam
1439 5434 1589 5486 lalcssurae
1606 5436 1715 5497 adicere
1732 5435 1800 5487 libet
1816 5448 1900 5499 super
1912 5446 1949 5484 ar·

1162 5520 1296 5577 ramento,
1311 5525 1371 5565 cuns
1389 5517 1482 5564 auctor
1497 5527 1551 5565 aon
1567 5515 1603 5567 ait
1618 5525 1680 5578 erga
1697 5526 1764 5565 suae
1774 5516 1873 5566 aetatis
1888 5514 1949 5564 Pon·

1162 5593 1243 5644 titlces
1259 5597 1401 5656 suspectae
1417 5577 1486 5643 ndei.
1497 5593 1637 5645 flaccilla:

1194 5693 1204 5715 ·
1219 5672 1265 5723 Dia
1276 5672 1409 5736 trigesima
1420 5672 1483 5723 dicti
1494 5674 1594 5725 mensis
1604 5671 1949 5725 novembriainsbasalator

1161 5754 1244 5818 ungu
1260 5752 1363 5804 Tuscae
1379 5753 1513 5817 ingressus
1529 5755 1570 5805 est
1587 5751 1699 5815 llrbesu,
1718 5754 1761 5804 cul
1777 5752 1888 5806 obstan
1904 5753 1949 5804 trit
