4492 6859
292 663 406 751 tasas)

296 816 382 875 mate,
397 814 426 864 et
446 801 548 863 comes
561 800 632 860 alias
646 798 774 877 ejusdem
796 802 826 860 in
846 817 978 862 sermone
998 799 1085 861 latiuo

294 908 427 984 scriptas3
440 903 544 981 quibus
558 902 752 981 praesentatis,
767 900 928 962 cardinalis
938 900 974 960 ad
988 902 1085 960 locum

296 1022 382 1064 suum
409 1003 576 1063 inter‘alios
590 989 780 1073 cardinales,
805 1000 907 1063 Comes
924 1019 995 1062 aero
1017 1019 1085 1060 enm

295 1105 359 1163 aliis
380 1094 698 1163 sexversusoaaehum
712 1100 957 1189 Presbyterorum
980 1100 1089 1162 cardi·

296 1205 406 1265 nalium
429 1204 465 1263 ad
482 1204 579 1263 locam
602 1214 771 1264 consuetum
791 1213 982 1263 ιιιιιιιιιιιιι.
1009 1201 1090 1262 Pro·

297 1308 354 1366 lata
367 1297 401 1366 ex
412 1294 487 1385 ¹pos't
504 1323 556 1384 per
575 1302 744 1365 Pontllieem
766 1302 974 1365 commissionis
988 1304 1091 1382 signa-

300 1395 502 1477 tura'‚·lectae
529 1390 655 1464 suerunt
674 1405 774 1465 literae
794 1403 981 1465 credentiaies
1002 1403 1090 1481 Regis

297 1506 464 1575 Francius,
493 1515 525 1564 ιιι
555 1504 720 1583 praefertur
748 1511 956 1583 praesentatae,
978 1504 1089 1585 primae

297 1625 351 1684 per
374 1608 409 1666 lt.
442 1606 475 1665 P.
498 1607 532 1666 D.
559 1593 738 1684 Stephanum
759 1592 935 1683 ‘episcopum
957 1602 1090 1663 Mauris-

296 1724 412 1767 neusem
439 1694 597 1785 vulgares,
617 1691 718 1765 deiude
737 1722 789 1783 per
817 1702 1024 1765 ΒιιιιιιιιΙιιιιι
1053 1701 1088 1764 D.

296 1806 480 1869 Laidoricum
502 1806 618 1868 Griium
633 1805 892 1885 Archiepiscopum
907 1803 1092 1866 Beneventa-

296 1926 368 1968 num
379 1893 567 1968 secretarium
587 1894 622 1967 S.
639 1891 764 1967 Domini
776 1904 873 1966 Nostri
897 1906 1011 1979 latinae,
1023 1907 1092 1983 qni-

297 2007 351 2068 bus
372 2009 462 2081 lectis',
477 1992 618 2069 Oratores
636 1995 775 2089 praedicti
795 1989 999 2086 praestiterunt
1019 2005 1093 2067 obe-

298 2096 433 2169 dientiam
452 2107 484 2168 8.
507 2106 631 2167 Domino
650 2105 755 2169 Nostro
778 2106 891 2168 nomine
913 2104 1003 2186 Regis
1023 2105 1094 2180 sui,

298 2217 388 2287 prout
405 2217 600 2268 antecessores
628 2201 757 2283 ejusdem
779 2207 850 2267 alias
875 2207 1091 2285 praestiterant.

298 2308 396 2387 Super
418 2293 528 2383 quibus'
550 2315 606 2366 etc.
630 2305 730 2366 erravi
762 2306 917 2385 superius,
939 2302 1092 2365 scribendo

299 2407 377 2486 quod
396 2403 558 2467 cardinalis
579 2405 816 2485 audegavensis,
836 2406 911 2466 iacta
935 2405 1093 2476 societate,

299 2526 368 2567 eum
383 2505 559 2567 Oratoribus
574 2525 666 2585 usque
684 2504 721 2566 ad
738 2492 889 2567 cameram
898 2504 1092 2585 Apostolicam

303 2609 415 2668 venerit
426 2608 462 2665 ad
474 2624 617 2667 cameram
633 2593 792 2685 paramenti
804 2590 908 2665 ibidem
919 2603 1028 2682 Papam
1036 2590 1094 2662 ¹en·

304 2719 431 2787 pectans,
446 2706 514 2783 quia
529 2702 592 2783 jum
613 2704 691 2784 Papa
711 2702 920 2782 iuterim'quod
943 2704 1007 2783 ipsc
1029 2702 1094 2763 illos

300 2808 470 2879 associavit,
493 2808 570 2866 renit
591 2805 627 2865 ad
646 2806 744 2865 aulam
775 2802 943 2866 consistorii
959 2848 967 2875 ,
983 2804 1011 2862 in
1037 2819 1095 2880 qua

300 2909 362 2986 ipse
383 2905 545 2967 cardinalis
565 2923 633 2967 cum
645 2893 819 2966 Oratoribus
837 2904 985 2977 veniendo,
1009 2905 1094 2964 iure-

300 3009 344 3067 nit
361 3004 553 3079 l’ontidcem3
583 3016 613 3066 et
633 3005 801 3067 cardinales
815 3004 878 3083 jam
901 3004 1094 3066 reverentiam

299 3108 410 3168 iecisse.
432 3107 512 3167 Fecit
529 3107 620 3185 igitur
640 3125 676 3167 ex
696 3116 766 3165 tunc
781 3118 810 3166 et
826 3108 884 3185 ipse
901 3106 1094 3166 reverentiam

301 3220 332 3269 et
346 3210 468 3269 accessit
483 3209 559 3268 inter
569 3209 641 3269 alios
656 3207 824 3268 cardinales
833 3208 870 3267 ad
887 3208 985 3267 locum
999 3210 1095 3265 suum.

301 3312 365 3370 Alia
377 3310 474 3370 omnia
486 3320 550 3369 aeta
570 3319 637 3367 sunt
657 3327 738 3368 more
752 3308 848 3381 solito,
858 3318 887 3369 et
903 3319 992 3388 prout
1004 3309 1095 3384 supra

302 3422 449 3483 notantur.
470 3410 566 3470 Finito
580 3408 771 3481 Consistorio,
786 3421 815 3470 et
836 3410 967 3470 osculato
982 3426 1035 3488 per
1049 3407 1096 3466 ia·

303 3513 395 3572 milies
417 3509 580 3572 Oratorum
602 3508 749 3571 Pontidcis
770 3510 862 3589 pede,
884 3493 1023 3570 Pontiiex'
1044 3526 1095 3570 re-

304 3611 357 3671 diit
379 3611 414 3670 ad
436 3629 581 3672 cameram
602 3628 698 3685 suam,
711 3610 825 3672 comite
845 3608 948 3672 Dellini
965 3608 1096 3669 limbribs

304 3713 440 3792 pluvialis
461 3711 554 3791 Papae
576 3712 717 3774 deferente
729 3732 740 3784 3
762 3712 922 3773 orationem
939 3709 1007 3771 iecit
1032 3710 1095 3789 epi·'

304 3834 410 3894 scopus
430 3813 622 3890 Auruiceusis.

347 3916 432 3977 Faria
451 3926 526 3975 sexta
536 3960 544 3987 ,
556 3930 648 3976 xrtrt.
665 3914 733 3973 dieti
755 3912 858 3973 mensis
873 3910 1026 3982 februarii,
1041 3910 1096 3969 luit

305 4017 455 4096 pubiicum
477 4013 685 4074 consistorium
706 4015 733 4073 in
756 4015 848 4092 prima
877 4013 943 4073 aula
963 4009 1097 4090 majore,

307 4116 440 4176 videlieet
462 4113 559 4193 palatii
581 4114 732 4191 praedicti,
752 4114 781 4173 in
804 4132 863 4192 quo
885 4112 949 4172 lili.
966 4111 1098 4184 inchri-

305 4228 353 4277 sto
375 4216 474 4275 Patres
495 4213 610 4273 Domini
632 4213 758 4274 Thomas
776 4213 973 4287 Menerensis,
994 4224 1022 4276 et
1041 4212 1095 4275 Jo-

306 4318 415 4378 hannes
437 4315 635 4375 Duuelmeasis
655 4316 779 4395 episcopi
801 4327 831 4376 et
857 4315 1098 4396 Turcopellerios

307 4418 457 4479 Rodianus
486 4413 626 4477 Oratores
645 4417 732 4495 llegis
753 4419 872 4496 angliae
893 4420 1098 4497 praestiterunt

307 4518 497 4580 obedientiam
509 4519 622 4580 nomine
639 4515 780 4596 ejusdem,
795 4537 848 4599 per
866 4519 1099 4598 praedecessores

307 4639 377 4682 suos
398 4621 538 4699 praestari
559 4619 674 4678 solitam
697 4618 729 4679 8.
750 4619 786 4681 D.
808 4618 862 4693 tt,
883 4620 1014 4699 praelato
1035 4621 1100 4698 epi-

308 4709 396 4799 scopa
416 4720 612 4794 Dunelmensi‚
626 4720 651 4781 si
673 4733 751 4783 recte
771 4721 899 4795 memini,
914 4731 1040 4782 oratore.
1057 4719 1095 4782 Hi

310 4835 370 4883 tres
389 4820 533 4883 Oratores
548 4841 605 4883 non
627 4824 746 4883 luerunt
766 4841 783 4883 a
805 4824 921 4883 familiis
942 4821 997 4883 88.
1016 4821 1052 4882 Ι).
1064 4820 1099 4883 tl.

310 4936 338 4984 et
361 4923 396 4983 ll.
418 4923 453 4982 D.
482 4921 682 4983 cardinalium
705 4923 819 5001 publice
839 4923 945 5002 recepti
969 4933 998 4983 et
1018 4940 1101 4982 asso·

311 5025 377 5084 ciati
400 5033 433 5082 ut
453 5022 514 5094 aiii,
535 5022 675 5102 quiajam
692 5022 740 5082 diu
753 5024 820 5084 ante
843 5023 962 5083 inerunt
978 5022 1006 5082 in
1020 5021 1101 5084 Urbe

311 5142 367 5204 pro
388 5123 515 5200 negociis
535 5118 664 5198 ejusdem
685 5122 785 5202 Regis,
807 5122 834 5182 in
856 5140 913 5202 qua
936 5124 1034 5185 literas
1050 5142 1100 5184 re·

311 5226 374 5303 gius
390 5234 566 5301 acceperuut
586 5241 641 5301 pro
661 5207 827 5301 hujusmodi
844 5223 1002 5285 obedientia
1013 5242 1102 5304 prae·

312 5323 424 5383 stando.
438 5320 477 5382 Et
495 5323 562 5402 quia
580 5323 644 5384 ilex
662 5324 782 5403 Angliae
804 5326 832 5385 iu
851 5326 911 5384 suis
933 5325 1024 5384 literis
1045 5341 1101 5384 no·

314 5425 442 5486 minabat
462 5444 492 5485 se
510 5423 620 5503 Regem
641 5423 782 5487 Franciae
803 5439 832 5488 et
861 5425 1003 5505 Angliae,
1023 5422 1102 5482 linita

313 5527 443 5588 mationa
463 5524 662 5605 praestationis
682 5525 870 5598 obedientiae,
893 5538 926 5587 ut
937 5525 1102 5605 praefertur

313 5628 402 5698 lacta,
413 5638 442 5687 et
458 5629 640 5706 responsione
659 5647 711 5707 per
727 5627 896 5690 Pontificem
915 5627 991 5698 data,
1002 5626 1103 5685 insur-

315 5730 389 5790 rexit
402 5747 476 5790 unus
485 5748 520 5791 ιιι
535 5729 622 5809 Regis
633 5729 819 5791 Francorum
830 5726 1017 5803 Oratoribus,
1029 5744 1102 5807 pro·

786 661 1066 728 constrictius
1087 655 1313 723 lliliOCEb'Tll
1329 656 1480 724 octavi.
1901 651 1945 716 oa

1157 796 1289 859 testando
1310 798 1403 876 ipsum
1430 792 1541 872 Regem
1562 791 1684 871 Angliae
1705 806 1761 852 nou
1779 808 1839 851 esse
1854 789 1951 851 Fran·

1159 898 1221 959 cias
1241 906 1296 958 etc.
1319 915 1355 956 ae
1376 893 1411 957 de
1432 891 1547 970 injuriis
1574 902 1629 953 etc.
1656 892 1701 953 ta
1732 890 1809 970 qnod
1839 888 1955 967 Orator,

1161 998 1249 1077 ipsius
1271 996 1358 1076 Regis
1378 994 1501 1075 angliae
1517 992 1657 1071 quaedam
1678 1011 1771 1073 pauca
1783 991 1949 1071 replicavit,

1159 1100 1258 1177 sieque
1278 1096 1487 1160 consistorium
1509 1095 1695 1157 terminatam
1716 1106 1770 1167 est,
1793 1094 1848 1154 88.
1862 1093 1899 1155 D.
1912 1092 1949 1155 tl.

1158 1199 1229 1259 nibil
1250 1198 1287 1258 ad
1308 1196 1476 1276 hujusmodi
1497 1194 1661 1258 Oratorcm
1689 1196 1879 1257 altercatione
1898 1215 1950 1258 re·

1158 1299 1322 1379 spondente.

1202 1400 1350 1461 Dominica
1376 1397 1512 1469 meando,
1527 1413 1560 1458 x.
1578 1398 1673 1470 lunae,
1690 1396 1742 1458 87.
1759 1395 1828 1457 dieti
1849 1396 1951 1457 mensis

1159 1501 1312 1573 februarii,
1329 1499 1367 1560 li.
1378 1498 1411 1562 Ρ.
1426 1499 1465 1561 D.·
1479 1499 1622 1561 lohannes
1642 1501 1792 1581 episcopas
1807 1498 1951 1560 Bellieen·

1161 1603 1200 1662 sis
1222 1600 1331 1663 Orator
1352 1602 1444 1663 Du'cis
1469 1600 1630 1663 Sabaudiae
1651 1601 1811 1662 celebrarit
1835 1601 1950 1662 Missam

1163 1705 1308 1785 publicam
1329 1703 1357 1763 lu
1380 1701 1685 1784 cappella'praedicta‚
1702 1704 1780 1786 Papa
1795 1714 1952 1784 praesente.

1161 1804 1200 1866 m
1216 1822 1283 1866 cum
1298 1814 1431 1865 oratores
1449 1802 1565 1864 ῡιιιιιιι
1585 1803 1745 1867 Sabaudiae
1756 1817 1785 1868 et
1798 1803 1951 1866 Mediolani

1160 1906 1190 1967 lu
1214 1923 1338 1966 camera·
1349 1903 1501 1985 Papagalli
1519 1905 1727 1986 iterumsaper
1743 1904 1952 1988 praecedentia,

1160 2007 1222 2069 sire
1241 2006 1290 2086 qui
1309 2006 1420 2087 primus
1430 2023 1532 2067 eorum
1546 2005 1646 2068 Missae
1657 2007 1816 2080 interesset,
1831 2007 1953 2067 conten-'s

1161 2105 1275 2180 decent,
1287 2105 1414 2169 Oratore
1433 2105 1524 2167 Ducis
1545 2104 1698 2168 Mediolani
1716 2118 1859 2169 asserente
1874 2105 1952 2186 quod

1162 2208 1233 2271 haee
1264 2208 1414 2270 Dominiea
1441 2208 1535 2287 ipsum
1567 2209 1726 2288 tangebat,
1754 2219 1786 2269 ut
1817 2209 1953 2269 interesse

1163 2310 1252 2391 possit
1269 2308 1375 2398 ,juxta
1394 2309 1526 2371 ordinem
1544 2307 1579 2368 de
1597 2310 1745 2371 alternatis
1766 2308 1879 2369 clebus
1899 2328 1954 2370 re-

1163 2411 1344 2491 niendo‘per
1368 2411 1424 2472 88.
1446 2409 1482 2471 D.
1505 2407 1540 2472 N.
1562 2409 1678 2483 datum,
1698 2422 1729 2473 et
1747 2410 1810 2471 aliis
1831 2427 1954 2490 respon·

1163 2509 1294 2573 dentibus
1305 2511 1390 2596 'quod
1406 2531 1454 2572 eos
1468 2510 1604 2573 iuteresse
1621 2510 1736 2573 deceret
1755 2531 1810 2592 pro
1825 2529 1860 2571 eo
1876 2509 1955 2589 quod

1161 2615 1310 2693 episcopus
1338 2612 1502 2673 bellicensis
1522 2613 1651 2692 ipsorum
1676 2625 1763 2693 caput
1792 2614 1953 2675 celebraret

1163 2711 1219 2774 88.
1241 2711 1333 2773 Ι).’·Ν.
1356 2711 1515 2783 mandarit,
1530 2711 1607 2791 qaod
1627 2726 1732 2775 neutra
1750 2732 1818 2795 pars
1832 2711 1869 2772 ad
1883 2730 1955 2793 cap-

1163 2816 1268 2900 pellam
1284 2803 1416 2887 ·renirct,
1435 2811 1513 2891 quod
1533 2823 1563 2874 et
1584 2814 1640 2875 luit
1660 2813 1845 2875 observatum
1864 2824 1892 2874 ct
1908 2805 1956 2873 (1ῐὲ

1164 2899 1376 2993 ctum'pro²ea
1398 2912 1441 2975 die
1463 2924 1585 2973 tanturn.
1908 2929 1911 2936 ’
1945 2917 1950 2936 ¹

1208 3011 1338 3075 Sibbat'o
1355 3011 1421 3074 di.
1462 3014 1568 3073 mensis
1602 3013 1699 3073 martii
1734 3012 1763 3073 in
1791 3030 1862 3075 sero
1886 2997 1954 3096 88.

1162 3114 1303 3176 Dominus
1324 3125 1420 3174 noster
1444 3114 1472 3172 in
1492 3112 1639 3191 quandam
1654 3113 1855 3192 gravissimam
1870 3108 1955 3173 taaiv'

1164 3198 1299 3275 'mitatem
1322 3213 1436 3287 lucidit,
1454 3231 1512 3292 qua
1528 3212 1737 3294 principalibus
1750 3197 1958 3274 mensibusla·

1164 3308 1349 3398 paracliti).
1938 3323 1941 3332 “

1166 3437 1170 3445 ·
1188 3411 1368 3486 Dominus,
1390 3412 1488 3490 quinta
1508 3411 1604 3485 lunae,
1625 3410 1677 3472 20.
1687 3412 1785 3472 martii
1807 3410 1957 3491 praedicti,
2013 3491 2017 3498 .

1164 3513 1200 3576 lt.
1219 3510 1252 3575 in
1267 3510 1399 3600 'cbristo
1419 3522 1500 3592 pater
1511 3510 1651 3572 Dorulaus
1667 3509 1829 3596 Stephanus
1844 3501 1959 3591 episcu-

1164 3622 1220 3698 pus
1241 3613 1448 3700 Maurianensis
1481 3613 1639 3674 celebravit
1666 3611 1782 3674 Missam
1810 3595 1956 3693 publicam

1166 3718 1195 3779 iu
1217 3710 1345 3798 cappella
1365 3715 1525 3795 praedicta,
1540 3714 1619 3796 Papa
1645 3714 1775 3787 absente,
1793 3726 1822 3777 et
1843 3713 1958 3774 babitus

1083 3829 1086 3840 '
1165 3831 1208 3881 est
1221 3809 1326 3881 'sermo
1346 3835 1427 3877 more
1446 3818 1540 3877 solito.
1553 3817 1637 3877 Missa
1660 3815 1751 3889 linita,
1772 3826 1956 3877 accesserunt

1165 3919 1203 3989 ad
1221 3909 1392 3979 Pontificem
1414 3917 1443 3974 in
1466 3915 1541 3976 lecto
1562 3916 1592 3975 in
1611 3933 1727 3977 camera
1748 3933 1822 3988 sua,
1842 3916 1870 3974 in
1900 3933 1958 3994 qua

1166 4003 1294 4082 dormire
1315 4018 1398 4089 solet,
1414 4012 1568 4092 jacentem,
1586 4013 1746 4089 infirmum,
1761 4016 1885 4093 quadam
1905 4033 1957 4076 sun

1167 4133 1244 4184 reste
1265 4136 1352 4197 supet·
1375 4119 1509 4189 camisia,
1527 4117 1564 4176 ad
1585 4116 1705 4178 brachia
1728 4128 1840 4178 tantum
1866 4119 1958 4179 resti·

1167 4208 1241 4295 turn,
1252 4230 1352 4280 omnes
1370 4216 1537 4279 cardinales
1558 4236 1593 4278 ac
1609 4217 1711 4281 Comes
1725 4215 1829 4280 Delini
1844 4216 1954 4281 Orator

1167 4322 1256 4401 Regis
1281 4310 1424 4381 Francius
1446 4316 1642 4399 supradictus,
1663 4312 1823 4380 ιΙοζΜιιΙιι
1846 4320 1957 4401 collega

1170 4442 1250 4485 meus
1274 4429 1396 4500 et·ego‘,'
1410 4431 1450 4493 et,
1466 4415 1585 4500 'praeter
1608 4433 1732 4483 secretos
1754 4422 1959 4498 cubicularios,

1168 4526 1266 4586 nullus
1283 4513 1358 4584 alius
1367 4543 1378 4597 3
1393 4518 1499 4601 qdib'us
1512 4513 1664 4585 'coram'se
1685 4524 1858 4606 constitutis,
1879 4521 1960 4587 l'on·

1167 4626 1238 4687 'tlier
1259 4613 1430 4686 manu's'ua
1451 4621 1570 4686 dexteru
1592 4641 1692 4685 rosam
1720 4635 1817 4686 tenens
1842 4626 1960 4686 tradidit

1210 4876 1245 4943 (ιι
1275 4894 1294 4947 ι,
1312 4874 1403 4940 Mense
1431 4876 1518 4925 martii
1534 4875 1594 4925 anai
1611 4875 1684 4931 titi,
1700 4885 1759 4923 cum
1780 4871 1960 4924 infirmaretur

1171 4955 1286 5017 graviter
1301 4939 1503 5012 'innocentium
1520 4953 1587 5002 adeo
1603 4957 1632 5002 ut
1649 4952 1687 5001 da'
1700 4953 1757 5013 elus
1773 4956 1858 5001 morto
1885 4950 1961 5000 dubi·

1172 5036 1285 5089 teretur,
1303 5031 1434 5095 Virginius
1451 5030 1566 5098 Ursinus
1578 5035 1604 5081 et
1621 5031 1714 5079 Paulus
1731 5035 1757 5080 et
1774 5031 1817 5078 alii
1830 5031 1869 5080 sui
1886 5041 1961 5080 eom·

1172 5111 1265 5174 plicas,
1277 5113 1412 5174 'ceperunt
1429 5116 1537 5173 pontem
1553 5111 1678 5171 Mallium,
1693 5112 1799 5171 pontem
1816 5108 1959 5167 salariam,

1172 5194 1200 5240 et
1216 5190 1429 5260 Nomentanum,
1445 5201 1512 5252 quos
1536 5202 1584 5254 per
1604 5188 1775 5260 quamplures
1792 5187 1850 5238 dies
1866 5199 1958 5238 eorum

1171 5268 1278 5318 nornine
1305 5272 1448 5319 tenuerunt
1465 5272 1491 5317 et
1508 5266 1710 5316 custodirerunt
1723 5300 1733 5325 ,
1748 5270 1774 5314 et
1790 5269 1961 5316 tentaverant

1174 5337 1283 5410 insup'er
1300 5331 1390 5398 subilli
1408 5347 1513 5409 ingenio
1529 5335 1743 5408 capars'portus,
1761 5344 1886 5395 videlicet
1902 5335 1963 5395 lila-

1175 5424 1463 5485 miolam.·l’motaaam,
1477 5424 1610 5474 Salariam*
1620 5430 1646 5474 et
1663 5422 1825 5473 viminalem.
1835 5423 1891 5473 'Sed
1901 5435 1961 5474 erim

1173 5505 1418 5569 desperatlasseat
1435 5505 1468 5555 ds
1485 5509 1570 5554 morte
1586 5502 1745 5561 innocentii,
1762 5502 1833 5551 ultro
1848 5504 1907 5553 titos
1922 5503 1961 5552 ιιι

1174 5588 1304 5649 miseruut
1315 5589 1348 5650 ιι,
1354 5586 1577 5647 retrocesserunt.
1589 5604 1600 5623 ·
1613 5582 1758 5632 lurmanas
1773 5582 1804 5644 ta
1813 5579 1884 5638 Dior.
1893 5585 1963 5644 apua

1172 5663 1337 5725 liccsauuat,
1358 5662 1457 5726 Corpus
1474 5660 1593 5714 illatoris.
1609 5660 1674 5712 med.
1691 5660 1768 5722 oeci,
1783 5663 1844 5713 tom.
1861 5661 1891 5722 ll,
1904 5672 1965 5725 pop.

1173 5745 1243 5798 assa.
1277 5743 1280 5750 '
1390 5739 1393 5744 '
1553 5757 1555 5762 ·
