4492 6859
361 645 420 707 tto
832 647 1117 712 ronutrtctros
1139 646 1363 711 tuttoetstttu
1382 646 1536 711 ocrsvt.

312 813 317 820 ·
357 791 582 855 {ariminensis
608 790 765 853 celebravit
784 792 905 876 ,Missam
926 792 1081 855 solemnem
1118 792 1148 851 in

356 891 477 957 metata
512 892 610 953 Sancti
642 890 752 953 llicolai
782 893 963 956 incarcere
992 891 1151 955 Tulliano,

362 996 409 1054 cui
431 995 623 1055 interfuerunt
649 994 800 1057 duodecim
822 995 998 1068 cardinales,
1020 996 1152 1057 videlicet

361 1096 631 1167 vicecancellarius,
648 1094 748 1156 Sancti
769 1095 849 1158 Petri
870 1096 906 1157 ad
930 1095 1059 1168 Vincula,
1073 1095 1150 1155 San-

358 1207 421 1257 ctae
443 1195 551 1256 liar-iae
570 1197 599 1254 in
617 1194 753 1269 Portica,
768 1196 866 1257 Sancti
887 1197 1002 1275 Angeli,
1014 1197 1149 1275 episcopi,

360 1298 391 1359 8.
418 1298 593 1370 Clementis,
615 1298 786 1370 tunnensis,
807 1299 1048 1370 Beneventanus,
1078 1297 1149 1356 Ale·

359 1397 470 1470 riensis,
492 1398 617 1459 Sanctae
631 1399 796 1458 Anastasius
811 1442 819 1471 ‚
837 1398 1017 1479 presbyteri,
1037 1396 1150 1457 Senen-

359 1501 415 1572 sis,
435 1499 469 1560 de
490 1498 642 1569 Columna,
663 1508 692 1559 et
722 1498 757 1558 de
779 1498 911 1572 Sabellis,
933 1498 984 1576 qui
1010 1499 1147 1559 ultinnrm

358 1602 454 1661 iocum
487 1599 662 1680 occupabat,
693 1619 761 1661 cum
787 1612 860 1661 esset
877 1601 921 1661 sui
944 1599 1149 1660 Cardinaiatns

357 1698 489 1772 ecclesia,
500 1699 620 1760 diaconi.
642 1700 727 1760 Dicta
742 1712 792 1762 est.
808 1745 836 1760 ..
856 1702 950 1762 oratio
970 1710 999 1762 et
1011 1699 1105 1761 Credo
1118 1709 1147 1759 et

358 1803 438 1862 nulla
453 1800 487 1862 de
507 1800 704 1863 Adventu...
727 1801 819 1863 dictae
834 1812 938 1865 essent.
959 1801 992 1862 ln
1013 1799 1080 1875 line,
1101 1819 1146 1863 rne

357 1912 487 1982 petente,
513 1900 679 1963 cardinales
713 1913 918 1964 concesserunt
942 1902 1144 1982 indulgentiam

355 2002 589 2067 centnmdierum
601 2001 728 2076 cuilibet,
735 2022 822 2082 quam
832 2003 1026 2084 pronunciavi
1037 2003 1092 2063 sub
1100 2001 1145 2062 his

356 2103 461 2165 verbis:
470 2127 486 2158 ι
494 2101 558 2162 iili.
571 2105 599 2162 in
611 2102 730 2165 Christo
741 2103 842 2164 Patras
853 2114 882 2164 et
889 2102 1017 2175 Domini,
1028 2101 1144 2164 Domini

352 2204 518 2265 cardinales
539 2203 587 2264 bic
609 2212 782 2282 praesentes,
797 2203 928 2264 videlicet
949 2203 1070 2283 quilibet
1090 2223 1143 2265 11·

353 2324 435 2378 rum,
453 2306 502 2363 dat
523 2314 553 2364 et
570 2303 703 2364 concedit
724 2305 856 2365 omnibus
878 2305 927 2366 lric
948 2304 1144 2386 praesentibus

353 2415 468 2467 centum
498 2403 558 2463 dies
592 2402 786 2484 indulgentiae
815 2407 843 2466 in
872 2406 966 2467 iorma
997 2405 1144 2467 Ecclesiae

353 2516 496 2567 consuete.
510 2500 600 2565 Orate
616 2503 709 2567 Deum
728 2525 783 2586 pro
803 2507 880 2567 lelici
901 2518 978 2567 statu
993 2506 1142 2568 Ecclesiae

353 2606 499 2667 Romanae
511 2639 560 2663 -.
582 2606 648 2667 ntia
674 2606 826 2668 observata
847 2619 915 2668 sunt
942 2625 1026 2669 more
1047 2609 1141 2669 solito.

353 2707 517 2769 Cardinales
535 2706 671 2768 sederunt
686 2708 714 2768 in
735 2721 817 2788 parte
834 2710 979 2771 Ecclesiae
1001 2709 1030 2769 in
1050 2726 1143 2771 cornu

351 2806 525 2888 Evangelii,
545 2806 673 2870 Praelati
693 2809 722 2869 in
740 2808 795 2871 alia
812 2821 895 2890 parte
923 2811 964 2870 illi
992 2811 1144 2890 opposita,

352 2908 486 2969 videlicet
507 2907 535 2967 in
556 2926 650 2968 cornu
670 2907 816 2989 Epistolae
837 2910 891 2970 sub
916 2911 1043 2971 tribuna.
1065 2910 1146 2973 Can·

355 3018 432 3069 tores
453 3008 597 3087 cappellae
612 3018 725 3070 nostrae
744 3008 812 3071 lruic
831 3010 931 3073 llissae
951 3011 1144 3073 interlnerunt

355 3126 436 3170 more
459 3108 544 3170 solito
562 3121 701 3171 canentes.

396 3209 532 3282 Sabbata,
554 3210 690 3288 vigesima
717 3222 822 3288 quarta
854 3210 1022 3285 decembris,
1046 3211 1144 3292 vigilia

353 3308 516 3371 111111
537 3307 623 3370 un.
640 3308 910 3384 sanctiones.
927 3295 1145 3374 nournusna-

352 3421 411 3471 ster
433 3419 551 3489 paratus
575 3408 605 3468 in
627 3427 741 3470 camera
763 3409 912 3490 Papagaiii
933 3430 1016 3473 more
1037 3415 1145 3487 solito,

353 3509 432 3571 renit
451 3507 488 3567 ad
511 3508 661 3569 Basilicam
695 3509 795 3569 Sancti
822 3510 926 3586 Petri,
947 3510 1145 3574 cardinalibus

354 3628 422 3670 cum
444 3627 548 3668 eorum
568 3610 663 3689 cappis
683 3609 936 3689 praecedentibus,
956 3622 985 3674 et
1011 3614 1145 3693 praelatis

354 3708 442 3770 ctiam
454 3708 482 3766 in
493 3708 589 3787 cappis
602 3709 695 3788 ipsum
711 3712 906 3789 sequentibus,
925 3714 965 3773 uti
982 3714 1071 3777 donec
1082 3728 1145 3776 sta-

354 3819 400 3869 ret
412 3808 552 3887 vesperae
564 3809 678 3889 papales
689 3821 744 3872 etc.
767 3811 838 3873 Dedi
860 3811 894 3875 de
919 3815 1053 3876 mandato
1066 3816 1144 3877 San·

355 3909 461 3971 ctitatis
469 3909 546 3970 Suae
559 3909 587 3969 in
598 3909 701 3972 eisdem
715 3913 838 3993 vesperis
850 3915 946 3976 locum
957 3916 1037 3977 illus.
1050 3915 1145 3979 Lant-

351 4013 455 4091 grario
484 4011 597 4072 Hessiae
620 4012 687 4089 qui,
721 4012 805 4075 lunaa
827 4015 1011 4078 decimanona
1042 4016 1143 4095 liujus,

352 4113 475 4175 llomam
492 4114 579 4184 renit,
601 4112 629 4173 in
651 4114 736 4192 plano
762 4118 826 4177 solii
853 4136 941 4199 supra
966 4118 1145 4180 111111111-

291 4203 297 4217 ‘
355 4233 437 4276 scum
454 4214 526 4275 (ubo
540 4213 630 4274 blicam
656 4214 692 4275 ad
711 4214 856 4278 dexteram
879 4218 983 4298 Papae,
1001 4229 1030 4280 et
1051 4219 1143 4285 Sorae

352 4315 464 4378 Ducem
483 4315 512 4374 in
533 4313 631 4378 eodem
655 4318 739 4397 plano
759 4316 796 4376 ad
817 4317 960 4380 sinistram
984 4320 1088 4401 Papae,
1108 4322 1143 4385 de

352 4417 469 4497 speciali
481 4416 679 4478 commissione
694 4415 859 4479 Sanctitatis
874 4418 961 4480 Suae:
975 4422 1030 4480 alia
1045 4423 1141 4482 omnia

352 4515 505 4576 observata
524 4525 590 4575 sunt
612 4535 693 4578 more
711 4519 802 4578 solito.

397 4614 570 4690 Dominica,
592 4615 728 4695 vigesima
750 4619 849 4696 quinta
871 4620 940 4681 dicti
961 4622 1066 4683 mensis
1087 4621 1142 4683 de-

353 4716 489 4791 cembris,
501 4717 555 4778 SS.
577 4717 717 4780 Dominus
737 4715 853 4793 Noster,
873 4731 991 4801 paratus
1010 4742 1044 4784 es
1060 4742 1142 4786 more

353 4819 463 4892 solito,
498 4818 533 4881 de
574 4837 688 4880 camera
721 4820 870 4900 Papagalli
904 4824 1142 4902 processionalem

354 5044 412 5084 rum
436 5039 491 5084 tum
511 5038 569 5083 erat
585 5034 612 5084 iu
628 5035 741 5086 solidum
765 5040 878 5103 conjugii
902 5040 1010 5103 gerendi
1032 5041 1140 5093 decreta

356 5112 484 5171 lacultas,
499 5119 578 5175 prout
594 5101 700 5173 dejure
717 5115 773 5166 lieri
794 5117 926 5179 debebat,
944 5124 970 5169 et
987 5121 1008 5169 si
1026 5120 1141 5183 legitimo

354 5193 439 5254 aliqua
457 5198 628 5255 procuratore
653 5198 846 5250 matrimonium
863 5205 965 5263 gastum
983 5200 1092 5263 luisset,
1109 5204 1143 5252 il·

356 5271 401 5321 lud
418 5272 585 5325 nibilominus
607 5288 656 5337 pro
672 5289 724 5326 non
748 5278 932 5329 ratihabitione
952 5280 1075 5331 intirmari
1098 5283 1140 5334 lex

356 5352 448 5401 statuit
471 5364 582 5416 cumque
617 5355 735 5406 instituta
760 5359 786 5407 in
807 5371 838 5408 eo
860 5362 963 5422 negotio
985 5363 1083 5412 omissa
1103 5363 1142 5412 io·

361 5430 1141 5504 vmmmnmmmmmmammmnfflammm·

355 5508 455 5558 diosior
477 5518 648 5574 occurreret,
670 5527 748 5578 qnam
771 5520 898 5579 virginem
916 5533 931 5568 a
952 5519 1051 5571 Franco
1073 5522 1140 5587 lisga

355 5587 427 5648 duci,
442 5602 551 5641 rrxorem
569 5593 656 5643 duxit:
673 5594 770 5658 quibus
786 5597 891 5660 quidem
909 5600 1007 5663 nuptiis
1020 5602 1140 5664 religiose

355 5667 496 5719 celebratis
519 5671 633 5734 accidit,
649 5678 678 5726 ut
694 5674 826 5729 Britonurn
853 5681 968 5732 omnium
986 5681 1142 5734 assensione

353 5761 406 5813 par
422 5748 492 5798 iacta
508 5749 542 5800 ait
560 5770 581 5797 ·.

1875 754 1877 757 y
1897 648 2010 734 aaran

1220 790 1345 851 tblaram
1366 790 1420 852 snb
1438 791 1615 853 baldachino
1635 787 1741 851 babens
1761 789 1790 849 in
1812 791 2008 871 caplts‚venit

1219 892 1255 952 ad
1281 892 1432 954 basilicam
1453 893 1670 973 supradictam,
1700 892 1816 956 illesam
1844 894 2004 955 solemnem

1219 992 1426 1054 celebraturus.
1448 993 1582 1054 Primum
1600 992 1739 1052 baculum
1751 993 1921 1053 Baldaclrini
1936 1014 2009 1074 por-

1218 1095 1290 1152 tavit
1320 1091 1515 1172 lantgravius
1547 1093 1683 1166 1111111,
1705 1094 1786 1154 11111
1810 1094 1870 1155 dax
1893 1096 2009 1168 Sorae,

1218 1194 1273 1252 alia
1303 1194 1351 1252 aiii
1381 1211 1464 1255 more
1495 1196 1588 1255 solito.
1612 1193 1647 1253 tt.
1673 1194 1814 1256 Doaninus
1842 1197 2009 1258 Cardinalis

1217 1292 1369 1353 Alerieosls
1400 1293 1437 1352 ad
1469 1294 1621 1354 basilicam
1654 1294 1830 1372 praedictam
1872 1298 2010 1360 veniendo

1218 1391 1286 1452 distr
1310 1392 1400 1465 mibi,
1433 1391 1509 1453 Daci
1531 1392 1624 1453 Sorae
1645 1392 1783 1470 injuriam
1803 1394 1868 1457 deri
1890 1415 1947 1476 pro
1973 1417 2008 1458 eo

1216 1492 1296 1568 qnod
1312 1490 1508 1571 Lantgravios
1522 1495 1616 1573 ipsum
1632 1496 1817 1573 praecederet
1832 1541 1840 1566 ,
1856 1514 1927 1556 cum
1943 1498 2009 1559 bus

1216 1592 1333 1671 dignior
1355 1604 1427 1653 assat
1446 1591 1642 1673 bantgravi03
1665 1597 1809 1676 respondi,
1828 1598 1929 1677 ipsum
1945 1599 2012 1660 Du-

1216 1712 1278 1754 cem
1302 1693 1446 1755 titularem
1476 1713 1537 1756 esse
1569 1706 1599 1757 et
1631 1697 1714 1775 quasi
1745 1699 1774 1757 in
1807 1700 1904 1777 patria
1935 1719 2012 1772 sna,

1216 1792 1428 1874 bantgravlum
1466 1813 1537 1855 vero
1573 1795 1736 1877 Principem
1773 1798 1949 1872 larensem,
1983 1814 2012 1861 et

1216 1894 1294 1973 quod
1316 1892 1371 1954 SS.
1394 1894 1535 1954 bomiora
1561 1894 1665 1956 Noster
1686 1897 1728 1956 ita
1747 1894 1813 1957 lieri
1834 1899 2008 1958 mandaris·

1215 2004 1267 2054 sat.
1305 1992 1465 2073 beplieavit
1484 1994 1664 2068 Cardinalis,
1698 1996 1892 2058 sanctitatem
1914 1998 2010 2060 Suam

1214 2111 1303 2174 super
1333 2092 1389 2155 boc
1407 2094 1482 2156 lorte
1500 2114 1557 2156 non
1578 2097 1664 2159 inisse
1684 2097 1758 2160 bene
1791 2100 2012 2176 informatam,

1213 2205 1243 2256 et
1258 2196 1337 2273 quod
1352 2213 1449 2255 111111
1470 2205 1543 2257 esset
1562 2196 1689 2258 odicium
1709 2198 1904 2260 sanctitatem
1915 2200 2010 2262 81111

1214 2296 1242 2355 11
1266 2293 1433 2371 hujusmodi
1455 2298 1607 2377 diligenter
1627 2299 1784 2361 informare
1800 2300 1928 2372 ‚deinde
1943 2322 2012 2363 exe·

1213 2401 1264 2476 qui
1286 2415 1361 2475 quaa
1380 2397 1538 2459 mandaret.
1553 2398 1683 2461 Primam
1704 2419 1810 2478 aquam
1826 2402 1908 2465 dedit
1930 2401 2012 2465 Ora·

1213 2508 1260 2558 tor
1281 2497 1372 2559 Ducis
1398 2498 1570 2571 Mediolani,
1592 2500 1747 2561 secandam
1768 2498 1883 2563 Orator
1913 2504 2009 2566 vavra-

1213 2599 1344 2671 tlarnm,
1373 2600 1489 2660 tertiana
1511 2600 1581 2660 clare
1599 2600 1699 2662 debuit
1725 2602 1904 2664 Franciscus
1936 2605 2007 2666 Cibo

1213 2695 1288 2759 dlius
1309 2698 1424 2777 Papae,
1450 2701 1518 2777 quia
1539 2699 1661 2761 Domirm
1693 2701 1805 2763 atdetto
1831 2704 1916 2764 socio
1945 2723 2008 2766 arao

1211 2814 1242 2857 se
1262 2800 1390 2878 placente
1405 2799 1441 2858 ad
1462 2800 1592 2881 hoc,per
1612 2820 1664 2862 nos
1683 2802 1739 2862 init
1759 2805 1946 2877 nominatus,
1960 2805 2008 2865 sed

1212 2898 1271 2978 ipse
1289 2900 1462 2962 Franciscus
1488 2900 1798 2980 recusavi13sicejos
1829 2906 1897 2966 loco
1930 2906 2008 2967 dedit

1213 3001 1345 3064 blarcbio
1377 3004 1485 3063 binalis
1498 3025 1509 3077 ς
1539 3016 1673 3082 quartam
1706 3005 1786 3066 dedit
1807 3004 2007 3086 Lantgravius

1214 3103 1330 3165 llessiae
1353 3105 1548 3185 supradictus.
1574 3106 1833 3168 vicecancellarius
1854 3108 2006 3168 11111111-

1212 3214 1306 3280 stans,
1331 3206 1463 3267 Senensis
1479 3206 1548 3267 dixit
1565 3206 1770 3286 Evangelinm
1792 3207 1870 3270 dlins
1884 3209 2006 3271 Comitis

1212 3307 1356 3381 Pitiliani,
1390 3309 1604 3383 subdiaconus,
1623 3310 1805 3389 Epistolam,
1826 3312 1879 3390 qui
1914 3313 2002 3372 etiam

1214 3411 1352 3489 imposuit
1367 3410 1553 3490 chyrotecam
1576 3412 1603 3470 in
1622 3413 1735 3472 sinistra
1747 3429 1834 3471 manu
1851 3413 2006 3475 Pantilicis

1214 3527 1281 3570 cum
1303 3522 1469 3590 paramenta
1494 3512 1648 3590 acciperet.
1668 3512 1830 3592 Episcopm
1845 3513 2005 3575 Perusinus

1212 3613 1387 3672 secretarius
1409 3613 1503 3692 Papae
1524 3612 1596 3672 dixit
1619 3612 1811 3692 Evangelium
1839 3631 2007 3693 grassum,

1212 3720 1241 3771 et
1263 3707 1403 3773 Dominus
1423 3712 1600 3775 Laurentius
1621 3715 1706 3774 etiam
1727 3716 1904 3775 secretarius
1936 3715 2005 3776 dixit

1213 3811 1370 3891 Epistoiam
1405 3833 1551 3894 graecam.
1585 3815 1677 3874 Finita
1699 3813 1806 3887 Missa,
1826 3814 1907 3895 Papa
1929 3814 2005 3876 dedit

1212 3914 1441 3978 benedictionem·
1470 3928 1623 3994 antequam
1660 3916 1766 3977 diceret
1793 3918 1930 3980 Placeat
1950 3930 2003 3979 etc.

1213 4016 1459 4077 vicecancellario
1480 4018 1521 4076 sic
1541 4017 1703 4088 ordinante,
1723 4029 1751 4077 et
1771 4019 1857 4089 male,
1877 4020 2004 4097 11111-

1213 4118 1351 4177 lnntatem
1375 4134 1466 4177 meam
1495 4129 1524 4177 et
1553 4116 1700 4179 Romanae
1724 4118 1872 4179 Ecclesiae
1898 4120 2002 4181 111111-

1213 4238 1281 4279 vare
1303 4219 1410 4289 noluit;
1434 4229 1528 4278 tamen
1550 4220 1640 4290 vinci,
1656 4237 1710 4299 pro
1727 4237 1764 4280 eo
1781 4219 1860 4296 quod
1881 4219 1912 4279 in
1927 4222 2005 4283 libro

1212 4318 1331 4391 blissali,
1345 4338 1395 4399 per
1416 4320 1527 4380 obitum
1550 4321 1695 4398 quondam
1716 4320 1877 4382 cardinalis
1902 4321 2002 4383 Ande-

1210 4422 1341 4499 gavensis
1365 4420 1562 4501 cappellaniae
1592 4439 1668 4482 nunc
1688 4440 1739 4501 per
1761 4423 1871 4483 dicturn
1893 4422 2002 4484 Domi·

1210 4539 1279 4580 num
1312 4521 1449 4583 Nostrum
1481 4522 1608 4596 donato,
1625 4540 1660 4583 ex
1689 4540 1749 4600 qno
1769 4523 1855 4583 Pont.
1880 4523 2000 4584 blissam

1210 4622 1329 4694 dixerat,
1340 4622 1380 4684 sic
1396 4634 1561 4703 repperitur
1582 4635 1750 4685 annotatum
1763 4627 1861 4686 datur
1871 4627 2003 4688 benedi·

1210 4725 1275 4785 clio
1294 4744 1361 4786 carn
1379 4726 1588 4807 inclulqcntiia
1597 4727 1769 4805 plenariis.
1783 4772 1791 4786 .
1805 4772 1812 4786 .
1826 4746 1878 4805 per
1890 4726 2002 4787 Roma·

1210 4843 1279 4885 nnm
1287 4826 1439 4885 lionainnm
1452 4826 1632 4886 cardinalem
1644 4826 2002 4897 SenensemVicecaneel·

1211 4926 1283 4986 laria
1295 4926 1323 4984 id
1337 4928 1430 4987 lacere
1443 4928 1555 4988 nolente
1572 4927 1697 5007 publice.
1714 4928 1849 4989 Sanctiss.
1861 4928 2002 4989 Dominus

1210 5025 1312 5088 Noster
1345 5039 1415 5089 tunc
1441 5029 1565 5089 ascendit
1588 5030 1625 5087 ad
1654 5029 1778 5103 salium,
1809 5030 1858 5090 ubi
1887 5030 2002 5109 accepit

1209 5128 1363 5208 Regnum,
1390 5132 1453 5191 sire
1474 5130 1610 5202 thiaram3
1630 5140 1659 5191 ct
1677 5132 1706 5190 11
1726 5131 1792 5191 sede
1813 5132 1925 5202 adera,
1946 5149 2001 5209 ap-

1210 5242 1341 5309 portante
1362 5233 1415 5292 sibi
1436 5232 1560 5293 llomina
1580 5231 1709 5312 Gasparc
1726 5230 1838 5292 blondo
1859 5232 1999 5293 Gamerae

1209 5332 1387 5412 apostolicae
1415 5335 1530 5395 Clerico
1563 5350 1657 5394 ensem
1691 5352 1760 5393 cam
1781 5335 1915 5413 cappello
1947 5330 2000 5394 de·

1208 5453 1294 5516 super
1313 5439 1415 5514 posito,
1436 5446 1464 5495 et
1483 5435 1626 5496 conducto
1646 5454 1698 5514 per
1720 5454 1765 5495 me
1796 5453 1896 5495 coram
1919 5434 1997 5494 San·

1209 5540 1305 5597 ctitate
1316 5537 1388 5607 Sua,
1404 5533 1437 5595 de
1457 5536 1544 5616 ipsius
1558 5536 1696 5597 mandato
1716 5534 1895 5615 [cantgravio
1912 5554 1998 5616 prae·-

1208 5639 1285 5699 dicto
1306 5656 1406 5699 coram
1427 5655 1462 5697 11
1491 5638 1641 5718 genuflexo
1673 5638 1819 5699 Sanctitas
1846 5637 1908 5699 Sua
1931 5638 2001 5715 legit

1207 5757 1241 5805 ex
1262 5740 1337 5803 libro
1358 5739 1459 5815 rerba,
1475 5756 1549 5820 quac
1570 5741 1660 5804 solent
1682 5738 1805 5803 bomani
1820 5738 1999 5812 Pontldaes3
