4492 6859
296 634 358 698 soo
600 591 602 595 ’
785 630 1070 701 eonrurcsrus
1091 626 1315 698 mamnom
1336 587 1465 698 saxn.

338 767 478 850 negatus,
499 778 616 851 accepta
637 769 735 847 mitra,
754 771 922 850 procumbit
942 772 972 833 in
992 772 1083 834 taldi-

297 872 391 935 storio
413 874 443 932 in
465 891 524 951 qno
544 872 660 935 sedebat
680 874 717 934 ad
740 875 831 936 altare
852 893 964 936 versus.

338 973 504 1036 Scabellum
527 975 643 1054 ponitur
677 994 731 1054 pro
763 975 931 1036 cantoribus
963 976 991 1037 in
1026 974 1083 1037 line

297 1075 483 1155 presbyterii,
503 1065 671 1156 conposito
693 1076 779 1148 libro,
801 1077 860 1137 duo
881 1087 1013 1136 cantores
1037 1074 1084 1134 di-

299 1186 369 1235 cunt
392 1176 526 1238 laetanias
538 1221 549 1251 ,
570 1178 632 1238 aliis
655 1177 820 1237 cantoribus
841 1177 869 1236 in
891 1174 1011 1256 pristino
1031 1195 1085 1236 eo·

299 1293 368 1335 rum
389 1277 455 1338 loco
476 1279 690 1339 remanentibus
706 1286 734 1337 et
750 1276 817 1356 ipsis
836 1275 1083 1356 respondentibus.

384 1375 490 1438 Sancte
511 1378 598 1439 Petro

384 1477 489 1539 Sancte
510 1479 600 1539 Paule

384 1577 490 1640 Sancte
508 1579 639 1641 ianuarii
674 1629 686 1657 Ι

342 1678 427 1740 Dicto
444 1680 474 1740 in
489 1680 622 1742 Laetanin
644 1698 678 1747 ut
695 1690 877 1771 obsequium
896 1698 965 1762 etc,
985 1687 1084 1766 surgit

277 1842 280 1848 ,
301 1774 429 1857 legatus
444 1799 510 1840 eum
531 1782 640 1856 mitra,
661 1798 690 1848 et
710 1801 830 1868 accepto
849 1790 878 1848 in
897 1790 1012 1849 sinistra
1029 1787 1085 1845 ba-

301 1879 370 1939 culo
383 1882 537 1959 pastorali,
552 1894 630 1945 stans
649 1908 750 1949 versus
766 1890 804 1949 ad
819 1890 929 1969 Regem
949 1900 1085 1969 prostra-

300 1988 375 2052 tum,
394 1980 464 2041 dicit
485 1982 514 2042 in
534 1996 622 2046 cantu
641 1985 788 2063 Laetania,
811 2002 846 2052 ut
865 1992 945 2052 borso
966 2001 1020 2050 etc.

341 2078 421 2140 Idem
439 2082 572 2157 faciunt,
592 2096 620 2146 et
642 2087 740 2149 dicunt
759 2092 880 2170 praelati
904 2108 1002 2150 omnes
1017 2107 1084 2149 cum

300 2182 393 2241 mitris
411 2184 606 2247 insulsioris
624 2189 777 2267 genuflexu
797 2203 859 2251 tum
880 2190 1007 2270 Legatos
1026 2190 1083 2249 ite·

300 2299 369 2342 rum
401 2284 588 2362 procumbit,
615 2298 649 2346 ut
676 2288 773 2368 prius,
800 2301 829 2351 et
851 2291 971 2351 laetania
995 2288 1086 2370 perli-

301 2384 389 2442 citur.

341 2480 436 2543 Finita
457 2486 586 2561 laetania,
601 2490 697 2568 surgit
712 2488 859 2569 lsegatus,
881 2492 1007 2572 deposita
1028 2492 1085 2552 mi·

302 2592 371 2656 tra,
397 2594 426 2644 et
452 2595 529 2647 stans
555 2607 655 2649 sersus
687 2590 723 2650 ad
755 2592 864 2671 Regem
901 2603 1083 2674 prostratum

302 2681 372 2744 dicit
393 2687 566 2765 intelligibili
589 2708 660 2751 voce
682 2691 825 2770 legendo,
844 2704 874 2753 et
893 2713 931 2753 ne
950 2712 1008 2754 nos
1028 2703 1083 2754 etc.

301 2799 370 2844 cum
392 2786 454 2844 aliis
474 2797 504 2846 et
523 2787 636 2848 duabus
659 2791 848 2852 orationibus.

343 2883 421 2943 ldem
441 2887 522 2964 plane
544 2891 666 2967 praelati
685 2910 783 2952 omnes
803 2894 831 2953 in
849 2894 909 2954 suis
933 2894 1005 2954 locis
1025 2894 1085 2953 sine

302 2982 399 3042 mitris
414 2985 554 3062 genuflexi
570 2988 679 3050 dicunt.
701 2991 752 3051 llis
772 2992 865 3066 dictis,
889 2994 1017 3074 Legatos
1038 3014 1087 3054 se·

303 3083 345 3176 dit
358 3098 476 3165 accepta
492 3088 579 3148 mitra
593 3102 647 3150 etc.
661 3091 772 3153 Coram
788 3091 900 3173 Legato
914 3112 1003 3174 super
1018 3112 1087 3155 cus·

302 3187 398 3248 sinum
419 3189 615 3267 genuflectunt
627 3209 736 3253 omnes.
753 3192 879 3254 Praelati
899 3214 998 3256 omnes
1018 3214 1087 3257 cum

303 3288 397 3348 mitris
430 3289 620 3351 circumstant
656 3292 684 3352 in
718 3294 838 3356 modum
871 3314 996 3359 coronae
1024 3307 1089 3377 post

306 3388 424 3469 Regem.

346 3489 479 3551 lludatur
502 3491 657 3554 brachium
678 3495 813 3557 dextrum
835 3496 943 3577 Regis,
964 3510 992 3561 et
1012 3498 1088 3560 inter

307 3593 439 3671 scapulas
452 3594 609 3671 ampliatur
624 3597 709 3657 restis
721 3598 870 3677 superior,
884 3601 1010 3661 solvitur
1020 3602 1088 3674 alia,

310 3691 475 3771 diploidus,
496 3702 526 3753 et
547 3695 672 3756 camisia.

348 3794 507 3873 Accolptus
527 3792 622 3874 Papae
653 3805 719 3858 cnm
743 3817 811 3860 raso
832 3801 887 3861 olei
908 3801 1089 3864 cathecumi-

310 3912 415 3954 norum
435 3906 489 3956 stet
510 3913 526 3955 a
548 3895 653 3958 dextris
670 3897 782 3979 Legati.
866 3917 869 3922 ·

345 3992 485 4054 Dominus
505 3994 702 4060 bernardinus
724 4000 870 4063 Gambara
899 4002 1090 4065 subdiaconus

304 4094 487 4175 Apostolicus
508 4116 575 4157 cum
597 4116 682 4159 vasca
714 4112 743 4162 et
768 4103 898 4166 bombice
924 4115 979 4166 stet
1000 4126 1089 4186 prope

307 4191 417 4253 dictum
439 4199 614 4279 accolytum.

347 4294 487 4376 Legatus,
508 4300 640 4380 depositis
658 4302 812 4365 cirothecis
826 4315 856 4367 et
869 4306 998 4387 incoepta
1019 4328 1090 4370 ora-

305 4400 381 4459 tione
401 4398 485 4462 Deus
503 4401 565 4461 Dei
580 4403 681 4481 filius,
704 4414 732 4464 et
753 4423 845 4485 usque
866 4405 903 4465 nd
924 4408 1013 4469 rerba
1036 4412 1090 4471 be-

306 4500 517 4561 nedictionem
534 4502 683 4583 infundat
695 4504 833 4567 inclusive
849 4508 1025 4582 continuata,
1044 4512 1091 4569 in-

307 4598 399 4659 tincto
419 4602 524 4679 pollice
545 4603 661 4666 dextero
680 4606 707 4666 in
732 4607 790 4667 olio
810 4608 1089 4687 cathecuminorum,

306 4698 420 4781 inungit
441 4701 591 4764 brachium
609 4706 740 4768 dextrum
762 4708 850 4791 liegis
874 4711 947 4773 inter
965 4710 1091 4788 junctu·

306 4819 371 4863 ram
387 4822 489 4866 manus
503 4818 532 4867 et
545 4806 635 4867 cubiti
649 4809 685 4868 ab
701 4812 776 4873 intra
798 4814 825 4873 in
847 4813 966 4875 modum
981 4815 1090 4886 crucis,

306 4916 334 4965 et
355 4906 486 4970 bombice
507 4908 628 4990 desuper
650 4914 743 4991 posita
765 4933 798 4974 ac
820 4915 906 4976 inscia
929 4935 981 4995 per
1002 4935 1090 4995 prae·

306 5006 418 5067 dietum
435 5007 647 5071 bernardinum
664 5012 762 5091 ligata,
778 5014 890 5093 inungit
905 5014 1004 5075 eodem
1024 5016 1091 5094 pol·

307 5106 361 5170 lice
388 5128 457 5170 eum
488 5113 553 5171 oleo
583 5112 730 5192 praedicto
761 5115 895 5175 eumdem
928 5131 1027 5194 regem
1061 5117 1090 5175 in

310 5209 431 5271 modam
463 5211 568 5274 Crucis
588 5214 663 5276 inter
683 5217 837 5294 scapulas,
866 5226 895 5276 et
930 5216 1088 5278 bombicem

307 5311 431 5393 desuper
452 5317 557 5394 ponit3
577 5315 739 5395 religantur
760 5317 901 5390 camisia,
921 5317 1088 5397 diploidus,

307 5424 336 5474 et
363 5432 454 5493 parra
481 5415 567 5475 vestis
593 5434 627 5477 ac
653 5418 708 5477 alia
730 5416 851 5497 desuper
877 5429 1036 5498 aptantur,
1061 5433 1087 5482 et

308 5512 378 5572 dum
405 5517 558 5596 praemissa
580 5516 659 5590 lacit,
674 5515 801 5597 lsegatus
828 5515 900 5577 nibil
928 5517 1018 5591 dicit,
1040 5520 1087 5580 sed

309 5618 470 5696 praemissis
485 5616 633 5696 expeditis,
647 5618 796 5679 continuat
808 5617 914 5679 dictam
928 5622 1087 5683 orationem

310 5736 401 5797 usqne
421 5718 459 5778 ad
479 5716 564 5780 linem
574 5761 584 5793 ,
595 5730 664 5780 tanc
681 5718 748 5781 dicit
768 5720 854 5780 allam
868 5721 911 5781 illi
925 5731 1087 5800 sequentem

745 1485 817 1565 (bis
840 1485 1002 1565 dicotur).

1836 630 1947 714 (ern)

1155 772 1300 847 videlicet,
1314 771 1516 853 Omnipotens
1529 769 1717 850 sempiterne
1732 767 1823 830 Deus
1837 772 1848 827 l
1867 766 1945 828 idem

1154 872 1254 934 dicunt
1285 891 1382 933 omnes
1413 871 1532 952 praelati
1560 872 1642 950 plane
1667 880 1763 929 tamen
1794 868 1946 947 legendos

1156 975 1261 1052 quibus
1282 973 1387 1047 dictis,
1403 973 1524 1053 praelati
1546 972 1598 1051 ipsi
1620 969 1656 1028 ad
1670 987 1722 1029 sua
1744 969 1812 1028 loca
1836 986 1943 1027 reser-

1154 1084 1264 1134 tuntnr.

1194 1174 1296 1235 Finitis
1317 1174 1501 1235 orationibus
1522 1158 1689 1253 praedictis,
1710 1155 1812 1248 surgit
1831 1168 1909 1239 Rex,
1923 1178 1951 1227 et

1154 1272 1282 1355 Legatos
1304 1276 1384 1335 lavat
1409 1294 1513 1334 manus
1535 1293 1603 1335 cum
1625 1272 1752 1332 medulla
1787 1271 1898 1350 panis,
1925 1280 1952 1330 et

1160 1376 1297 1454 extergit:
1320 1376 1513 1453 tumetipse
1536 1376 1640 1452 surgit:
1662 1382 1843 1432 amoventur
1868 1368 1952 1428 ambo

1153 1475 1313 1537 faldistoria
1325 1519 1334 1549 ,
1356 1487 1384 1536 et
1404 1474 1483 1534 aliud
1505 1475 1701 1534 faldistorium
1727 1489 1798 1530 curn
1824 1468 1952 1529 scabello

1154 1587 1181 1638 et
1197 1576 1310 1638 duobus
1327 1578 1446 1637 cussinis
1460 1575 1580 1656 ponitur
1599 1576 1627 1633 in
1651 1575 1737 1653 plano
1757 1590 1866 1631 sersus
1885 1590 1952 1630 cor·

1154 1696 1192 1737 nu
1204 1677 1354 1757 Evangelii
1367 1676 1544 1756 competendi
1558 1675 1694 1734 distantia
1713 1675 1843 1753 aprima
1858 1669 1952 1749 gradu

1154 1780 1265 1852 altaris,
1283 1778 1414 1838 videlicet
1426 1778 1504 1837 circo
1516 1776 1603 1856 palmi
1617 1791 1681 1836 xri.
1697 1773 1743 1834 rel
1758 1789 1813 1833 xv.
1829 1770 1882 1829 ubi
1896 1769 1953 1830 Res

1154 1879 1323 1959 genuflectit
1344 1878 1380 1938 ad
1402 1897 1493 1938 cornu
1514 1875 1666 1956 Evangelii
1683 1892 1802 1935 sersus.
1824 1871 1953 1950 Legatos

1155 1991 1234 2039 stans
1248 1989 1314 2040 ante
1328 1978 1464 2039 ultimum
1486 1972 1613 2056 gradum
1633 1976 1763 2046 altaris,
1788 1973 1863 2033 lacit
1885 1990 1952 2031 con·

1154 2083 1303 2144 sessionem
1332 2102 1400 2144 cum
1434 2082 1574 2143 ministris
1595 2084 1655 2140 suis
1678 2079 1848 2158 majoribus
1878 2075 1950 2157 apud

1154 2203 1220 2247 eum
1242 2185 1407 2266 genuflexis.

1217 2285 1355 2347 Cantores
1374 2285 1473 2344 dicunt
1492 2283 1645 2344 introitum
1667 2294 1697 2345 et
1715 2282 1845 2362 praelati
1864 2283 1946 2341 etiam

1154 2386 1214 2446 bini
1234 2397 1262 2447 et
1282 2386 1342 2446 bini
1365 2386 1393 2445 in
1421 2385 1481 2445 suis
1502 2386 1573 2445 locis
1605 2394 1712 2445 stantes
1739 2384 1945 2444 contessionem

1154 2485 1264 2545 dicunt.

1196 2587 1285 2647 Facta
1308 2588 1495 2660 consessione,
1507 2584 1640 2667 Legatus
1658 2585 1771 2647 accedit
1791 2585 1832 2646 ad
1853 2588 1950 2657 altare,

1154 2690 1305 2749 osculatur
1327 2689 1400 2749 illud
1432 2690 1461 2748 in
1483 2689 1599 2764 medio,
1630 2699 1660 2748 et
1692 2688 1893 2767 Evangelium
1914 2707 1945 2748 ex

1157 2786 1234 2848 libro
1245 2788 1485 2867 Evangeliorum3
1506 2789 1626 2868 imponit
1648 2789 1947 2860 incensum‚incensat

1155 2891 1269 2963 altare,
1293 2890 1398 2968 accipit
1413 2889 1532 2948 mitram
1554 2890 1581 2948 in
1598 2906 1690 2949 cornu
1711 2888 1889 2968 Epistolae,
1907 2890 1950 2948 ubi

1157 2989 1346 3064 incensatur,
1367 3001 1396 3050 et
1418 2989 1477 3068 ipse
1498 2989 1644 3050 descendit
1665 2988 1701 3048 ad
1732 2990 1950 3061 faldistorium

1158 3092 1229 3172 legit
1259 3093 1438 3163 lntroitusn,
1460 3090 1653 3170 llyrieleyson
1674 3100 1703 3151 et
1730 3090 1906 3169 proceditur
1925 3093 1949 3149 in

1157 3192 1242 3253 blissa
1270 3211 1361 3272 usque
1377 3191 1412 3252 ad
1426 3210 1542 3253 rersum
1567 3191 1653 3270 primi
1674 3191 1823 3275 Allelujo
1852 3193 1945 3252 inclu-

1158 3294 1230 3354 sire.

1200 3394 1273 3467 Rex,
1289 3395 1365 3456 lacta
1382 3393 1567 3467 confessione,
1586 3395 1694 3473 surgit,
1711 3404 1740 3456 et
1759 3393 1798 3454 ab
1820 3394 1885 3453 aliis
1903 3412 1947 3452 as·

1157 3497 1283 3557 sociatus
1316 3495 1430 3554 duobus
1462 3496 1520 3554 suis
1551 3494 1749 3555 assistentibus
1774 3538 1783 3567 ,
1819 3494 1948 3554 videlicet

1158 3596 1344 3676 Neapolitano
1360 3606 1390 3655 et
1406 3595 1602 3667 Antiochensi,
1624 3597 1711 3655 intrat
1735 3595 1762 3654 in
1787 3593 1947 3656 sacristiam

1158 3715 1252 3770 suam,
1273 3695 1345 3756 sedit
1365 3698 1394 3755 in
1415 3693 1500 3769 sede,
1524 3695 1586 3757 sire
1608 3696 1636 3756 in
1656 3695 1822 3757 faldistorio
1845 3696 1945 3756 ibidem

1158 3798 1212 3858 sibi
1234 3808 1359 3877 parato:
1381 3796 1477 3859 sedent
1498 3808 1526 3858 et
1559 3798 1602 3857 illi
1632 3796 1691 3857 duo
1722 3797 1890 3857 assistentes
1920 3798 1946 3857 in

1159 3885 1218 3957 suis
1251 3897 1382 3958 scabellis
1425 3899 1465 3959 eis
1499 3899 1569 3958 illuc
1602 3899 1772 3981 apportatis.
1810 3898 1948 3958 Dominus

1159 3998 1357 4059 bernardinus
1386 3998 1579 4058 subdiaconus
1611 4000 1796 4078 Apostolicus
1828 3999 1949 4077 extergi

1139 4099 1291 4162 -bombiec
1311 4099 1467 4161 brachium
1503 4100 1611 4180 Regis,
1645 4112 1673 4161 et
1702 4102 1778 4162 inter
1801 4105 1948 4181 spatulas:

1160 4205 1310 4282 reponitur
1331 4202 1463 4263 bombice
1497 4204 1525 4262 in
1547 4202 1634 4262 bacili
1657 4203 1761 4263 ibidem
1796 4213 1903 4283 parato
1919 4215 1946 4263 et

1162 4304 1198 4363 ad
1221 4302 1450 4364 comburendum
1471 4313 1609 4383 portat03
1632 4314 1659 4364 et
1679 4314 1800 4383 aptatur
1822 4304 1949 4373 camisia,

1160 4403 1327 4484 diploidus,
1348 4416 1376 4466 et
1397 4423 1489 4485 parra
1518 4406 1612 4466 restis.

1202 4506 1394 4584 imponuntur
1413 4504 1486 4583 Regi
1502 4506 1612 4584 caligae
1634 4504 1668 4565 de
1686 4506 1819 4565 setonino
1836 4522 1948 4564 creme·

1159 4606 1222 4666 sino
1249 4616 1280 4665 et
1300 4604 1428 4664 sandalia
1451 4605 1487 4665 de
1508 4604 1692 4667 dansasebino
1714 4605 1783 4666 stbo
1805 4617 1947 4665 resanata

1161 4705 1216 4767 diis
1237 4706 1334 4767 astreis
1352 4716 1380 4765 et
1401 4708 1544 4785 argenteis
1565 4708 1626 4766 sine
1648 4708 1760 4785 perlis,
1783 4716 1813 4765 et
1844 4706 1948 4785 absque

1160 4807 1303 4888 lapidibus
1328 4805 1470 4886 pretiosis.

1204 4908 1308 4985 Surgit
1330 4907 1413 4979 lies,
1433 4919 1462 4968 et
1485 4918 1563 4968 veste
1581 4926 1697 4987 magna,
1714 4907 1852 4971 videlicet
1865 4928 1949 4988 supe·

1161 5011 1250 5080 riore,
1271 5009 1398 5080 exuitur;
1419 5007 1550 5067 induitur
1570 5020 1646 5069 reste
1671 5010 1758 5089 longa
1778 5009 1813 5070 de
1836 5028 1950 5071 crenu-

1160 5111 1221 5171 sinc
1242 5109 1336 5171 talietd
1357 5107 1474 5170 suliulta
1490 5128 1557 5170 curn
1580 5109 1700 5170 manicis
1721 5110 1835 5171 strictis
1854 5122 1883 5172 et
1900 5111 1948 5169 de·

1159 5230 1245 5291 super
1261 5212 1390 5291 cingitur
1399 5209 1574 5271 —llocbeto
1588 5212 1674 5290 longo
1685 5229 1779 5291 usque
1792 5210 1830 5272 ad
1843 5213 1948 5273 collum

1159 5314 1238 5395 pedis
1251 5346 1289 5358 -
1301 5311 1452 5374 Tunicella
1464 5311 1529 5371 alba
1543 5311 1579 5373 de
1593 5312 1753 5375 brocatello
1772 5315 1863 5393 plano
1881 5332 1948 5374 aen·

1159 5414 1227 5476 dato
1249 5414 1369 5474 sullultn
1396 5430 1465 5472 cum
1486 5413 1604 5473 manicis
1632 5414 1743 5473 strictis
1770 5412 1944 5475 bothonatis.

1159 5515 1241 5578 Stolo
1261 5516 1351 5578 rubea
1367 5514 1498 5577 broceati
1512 5516 1578 5578 auri
1601 5515 1683 5577 riceii
1700 5516 1729 5576 in
1743 5526 1946 5577 transversam

1157 5618 1194 5679 ab
1211 5619 1333 5680 bumero
1354 5617 1472 5680 sinistra
1485 5619 1540 5679 sub
1555 5616 1676 5679 brachio
1695 5616 1800 5680 dextro
1821 5614 1947 5695 conjun-

1159 5730 1216 5783 cta.
1230 5720 1426 5800 -blanipulo
1438 5720 1472 5783 de
1482 5719 1583 5783 eodem
1593 5719 1732 5782 broecato
1742 5719 1780 5781 ad
1791 5719 1946 5783 brachio·
