4492 6859
229 625 345 709 (ιιιι)

228 762 424 822 manentibus.
448 761 531 822 Tunc
555 762 704 824 intrarunt
723 784 774 843 per
793 765 1022 835 consistorium,

228 861 268 921 ad
286 861 442 922 secundam
464 863 561 921 aulam
577 863 765 935 divertentes,
775 865 892 924 circiter
908 875 1025 923 centum

229 961 347 1032 Mauri,
365 960 475 1037 singuli
494 961 625 1038 singulos
640 964 763 1022 annulos
783 982 900 1041 grossos
916 965 1026 1023 ferreos

230 1059 269 1117 ad
289 1060 398 1119 collum
416 1059 561 1131 habentes,
578 1061 663 1138 longa
677 1061 798 1121 cathena
812 1072 841 1121 et
855 1062 923 1122 sune
937 1061 1024 1122 simul

231 1159 340 1237 legati,
362 1159 427 1237 pari
447 1158 547 1218 habitu
569 1178 668 1219 ourrres
690 1160 793 1231 induti,
814 1179 889 1238 quos
908 1171 1026 1221 secutus

229 1269 277 1318 est
300 1258 418 1335 quidam
436 1256 547 1318 Orator
569 1260 655 1337 Regis
676 1261 830 1340 Hispaniae
844 1272 873 1321 et
888 1261 1025 1339 Reginae,

229 1360 283 1436 qui
306 1376 406 1419 coram
428 1357 483 1417 SS.
506 1359 541 1418 D.
565 1358 599 1419 Ν.
622 1360 963 1438 genuflexus,oseulatus
983 1373 1025 1422 est

227 1455 298 1533 ejus
310 1457 410 1536 pedem
430 1468 545 1517 tantum
566 1470 595 1519 et
614 1462 804 1539 praesentavit
825 1461 926 1521 literas
938 1480 1025 1541 prae·

227 1555 360 1626 satorum
374 1557 462 1636 Regis
476 1567 505 1618 et
525 1558 663 1636 Reginae,
686 1560 803 1637 vulgari
815 1561 934 1640 hispano
947 1562 1026 1620 scri-

228 1668 305 1734 ptas,
326 1674 399 1733 quas
417 1655 453 1716 R.
475 1657 507 1717 P.
529 1656 564 1716 D.
587 1659 780 1718 Antoniottus
801 1661 1026 1739 episcopushu·

228 1757 343 1828 aiensis,
361 1755 512 1829 Datarius,
525 1757 639 1836 publice
656 1760 740 1837 legit,
757 1761 933 1821 continentes
948 1761 1025 1837 quod

228 1857 352 1934 praelati
368 1856 428 1917 Rex
445 1867 474 1917 et
495 1857 606 1936 Regina
627 1860 778 1921 mittebant
795 1861 893 1920 Sanct.
910 1861 941 1920 S.
955 1878 1024 1921 cen·

618 668 621 673 -
698 627 981 693 PORTlFlCATUS
1001 626 1226 691 antiochum!
1246 626 1399 692 oculta.
1825 628 1885 698 ’99

1098 764 1241 825 dationem
1265 764 1415 835 huminis,
1446 776 1480 825 ut
1506 768 1627 845 quisque
1656 768 1774 830 donnum
1801 789 1884 832 suam

1097 864 1204 924 rediret
1211 884 1221 934 ;
1241 864 1318 942 Papa
1333 884 1402 925 rero
1421 867 1565 942 equitavit
1585 869 1621 927 ad
1635 868 1770 930 Castrum
1783 870 1883 931 Sancti

1095 962 1199 1040 Angeli
1222 971 1250 1021 et
1273 963 1311 1022 ibi
1333 983 1367 1024 eo
1395 964 1439 1025 die
1462 967 1607 1024 remansit.
1629 966 1702 1026 Νιιιιι
1723 966 1779 1027 hoc
1800 986 1883 1030 mane

1094 1060 1209 1118 eumad
1225 1061 1369 1121 Palatium
1378 1066 1759 1139 equitaremus‚associaturi
1772 1067 1881 1146 Papam

1094 1158 1130 1216 ad
1143 1159 1281 1218 Sanctum
1295 1158 1545 1237 Gregorium,non
1564 1175 1628 1222 erat
1644 1182 1720 1241 aqua
1737 1165 1765 1223 in
1782 1167 1881 1243 aliquo

1095 1256 1160 1317 loco
1175 1277 1226 1336 per
1247 1258 1335 1330 riam,
1351 1269 1379 1317 et
1396 1277 1464 1319 eum
1480 1260 1513 1320 de
1532 1245 1643 1322 Palatio
1659 1281 1725 1322 curn
1742 1263 1881 1326 Pontifice

1093 1358 1301 1432 equitaremus,
1319 1376 1394 1434 aqua
1409 1370 1476 1418 erat
1490 1378 1578 1438 supra
1593 1362 1667 1419 viam
1687 1363 1764 1421 circu
1783 1363 1883 1442 hospi-

1094 1456 1151 1515 tale
1173 1454 1272 1514 Sancti
1293 1455 1441 1515 Michaelis
1462 1458 1491 1515 in
1510 1458 1622 1536 Rurgo,
1644 1462 1725 1537 quasi
1747 1459 1782 1518 ud
1805 1480 1882 1539 genu

1093 1553 1258 1631 equicola
1273 1574 1342 1614 vero
1358 1555 1531 1615 redissemus
1547 1556 1581 1617 de
1596 1557 1707 1618 Sancto
1725 1558 1884 1638 Gregorio,

1093 1670 1168 1729 aqua
1197 1652 1323 1711 sstrtninis
1355 1662 1419 1712 erat
1449 1654 1529 1713 eirea
1565 1657 1716 1716 ecelesiam
1748 1659 1779 1716 S.
1806 1658 1882 1719 Celsi

1093 1753 1151 1809 alta
1174 1751 1258 1827 quasi
1279 1752 1424 1827 usquead
1447 1771 1554 1832 eorpus
1568 1755 1647 1831 equi,
1665 1765 1694 1815 et
1713 1754 1797 1816 hodie
1812 1773 1882 1815 are·

1095 1849 1137 1908 vit
1158 1869 1215 1928 pet:
1237 1861 1327 1910 totam
1357 1852 1432 1911 diem
1455 1853 1496 1912 ita
1509 1896 1518 1926 ,
1540 1855 1618 1930 quod
1639 1866 1723 1934 pratu
1752 1856 1881 1934 undique

228 1966 295 2017 turn
328 1957 468 2030 Mauros,
489 1959 563 2020 inter
584 1959 656 2019 alios
687 1971 792 2021 aestate
823 1962 966 2039 praesenti
996 1962 1023 2021 in
1058 1932 1062 2050 Ι
1094 1950 1395 2029 θῦθΡθΙἮθΓῑῑιθῑΡθΙ·
1411 1961 1501 2012 ῑθῑιῐῑ]
1518 1952 1731 2030 Πιιιθΰιιῦιῑθ
1746 1956 1883 2016 Castrum

230 2060 366 2130 emeris,
385 2078 472 2137 quam
495 2070 596 2120 eontra
617 2060 729 2138 Regem
747 2060 890 2120 Granum
911 2060 1025 2121 habuc.
1057 2052 1061 2131 ι
1093 2053 1274 2129 praedictum
1297 2072 1363 2113 cum
1386 2073 1490 2133 magno
1517 2057 1625 2135 impetu
1647 2058 1754 2118 lluctus
1783 2069 1881 2118 trans-

229 2168 513 2238 runt‚captos,quos
527 2159 694 2219 sanctitatis
706 2158 864 2220 Suaedono
875 2160 979 2219 dabant
995 2172 1024 2221 et
1057 2136 1062 2228 Ι
1095 2151 1236 2210 versando
1268 2154 1361 2211 crevit
1389 2152 1461 2213 adeo
1481 2157 1560 2233 quod
1578 2157 1613 2215 ad
1636 2176 1726 2216 unum
1749 2166 1881 2238 patmum

228 2261 426 2337 pluresalias,
448 2270 588 2338 quatenus
610 2260 761 2320 Sanctitati
778 2260 855 2320 Suae
876 2263 1023 2340 placeret,

228 2362 353 2422 daturos
386 2361 549 2424 offerebant.
586 2359 684 2420 lectis
717 2361 820 2434 literis,
845 2357 955 2420 Orator
977 2363 1023 2422 ille

228 2462 328 2539 aliqua
350 2460 438 2520 rerba
460 2459 626 2540 genuflexus
655 2478 755 2519 coram
777 2460 914 2523 Pontidce
935 2481 1025 2539 expo·

228 2561 300 2619 suit.
321 2558 450 2620 Pontifex
472 2561 631 2640 respondit.
654 2560 802 2620 Venerunt
819 2560 918 2621 deinde
935 2561 1025 2619 sami·

228 2661 288 2721 liae
321 2658 484 2721 Oratorunr
516 2661 751 2741 praedictorum,
771 2661 972 2720 Romanorum
994 2674 1024 2722 at

228 2761 382 2839 Hispaniae
402 2760 528 2839 Regum,
545 2762 580 2821 ad
599 2764 732 2822 osculum
756 2761 833 2840 pedis
852 2761 957 2840 Papae,
974 2763 1023 2838 qui

229 2859 331 2920 deinde
362 2861 491 2921 surrexit
518 2873 547 2923 et
578 2862 663 2922 rediit
691 2864 727 2921 ad
752 2880 896 2922 cameram
915 2905 922 2931 ‚
943 2861 1024 2922 dicto

232 2960 386 3020 Bernardo
416 2960 451 3021 de
484 2961 624 3041 Solahym
651 2961 777 3022 Oratore
799 2962 921 3020 caudam
953 2962 1024 3039 plu·

231 3059 314 3117 vialis
334 3058 428 3137 Papae
447 3077 531 3119 more
557 3062 642 3120 solito
664 3062 819 3121 deserente.
846 3063 908 3122 lloc
940 3080 1024 3121 mane

229 3156 266 3217 R.
290 3158 323 3218 P.
345 3158 380 3217 D.
404 3157 547 3219 lohannes
568 3160 721 3239 episcopus
735 3161 936 3231 l'ornaeensis,
958 3161 1025 3219 hla-

233 3259 327 3335 gister
345 3257 456 3318 Domus
473 3258 577 3318 Palatii
599 3259 770 3339 Apostolici,
785 3262 819 3321 de
841 3263 975 3321 mandato
990 3262 1021 3322 S.

232 3359 261 3420 D
304 3357 339 3418 Ν.
372 3358 484 3438 Papae,
504 3377 573 3419 cum
594 3360 743 3436 aliquibus
773 3360 963 3420 cubiculariis
994 3371 1023 3420 et

229 3459 380 3521 scutiferis
401 3458 507 3538 Papae,
528 3459 681 3519 associavit
703 3460 868 3538 praedictos
883 3457 1024 3519 Oratores

228 3581 264 3622 ex
285 3560 371 3620 domo
390 3577 496 3620 eorum
519 3559 689 3619 residentiae
711 3577 802 3636 usque
823 3560 858 3618 ad
879 3560 1022 3632 Palatium

228 3660 430 3722 adCameram
442 3661 638 3739 Apostotieam
659 3660 708 3718 ubi
730 3670 932 3738 expectas-unu
949 3659 1022 3719 idem

227 3764 316 3823 etiam
328 3760 458 3822 lecerunt
469 3760 669 3838 superioribus
690 3759 919 3820 annisOratores
936 3758 1024 3837 Regis

228 3860 371 3920 Franciae
385 3878 441 3938 pro
457 3857 618 3919 obedientia
638 3859 810 3937 praestanda
826 3858 916 3928 missi,
937 3877 1025 3936 prae·

228 3968 275 4019 ter
298 3960 447 4038 antiquam
471 3959 708 4019 consuetudinem
721 3980 731 4031 ς
755 3959 844 4019 eredo
871 3968 965 4017 tamen
995 3958 1022 4015 id

227 4068 329 4119 actum
349 4078 411 4119 esse
426 4057 463 4117 ad
485 4057 607 4137 praelati
629 4059 755 4138 episcopi
772 4057 963 4118 Tornacensis
977 4058 1024 4116 in·

227 4159 381 4231 stantiam,
402 4160 454 4237 qui
489 4157 533 4217 his
553 4157 655 4218 mediis
676 4159 791 4236 plaeere
825 4156 937 4215 studuit
960 4154 1023 4215 Ro·

229 4278 385 4320 manorum
406 4270 435 4318 et
455 4258 639 4318 Francorum
662 4256 812 4335 Regibus,
830 4256 858 4314 in
891 4272 1019 4332 quorum

231 4358 368 4421 dominiis
388 4357 517 4418 Ecclesia
539 4366 568 4416 et
589 4356 733 4415 Dioecesis
752 4354 1023 4415 Tornacensissitae

228 4469 327 4529 suut,
357 4453 443 4533 eujus
467 4444 613 4517 Ecclesiae
644 4454 849 4534 possessionem
880 4454 954 4515 idem
987 4454 1023 4514 D.

229 4558 427 4618 Tornacensis
444 4556 571 4616 nondum
594 4554 702 4615 habere
716 4555 820 4633 potuit.

273 4658 357 4720 Foris
382 4667 509 4736 quarta,
535 4673 598 4716 xtt.
628 4656 747 4728 martii,
765 4655 871 4715 testum
892 4655 923 4714 S.
946 4654 1025 4715 Gre-

229 4756 311 4837 gorii
327 4755 432 4841 Pppae,
449 4756 481 4816 S.
504 4757 539 4815 D.
560 4755 594 4815 Ν.
617 4756 647 4814 in
671 4773 753 4815 mane
769 4754 887 4814 indutus
903 4754 1023 4826 amictu,

229 4856 311 4928 alba,
331 4855 461 4935 cingulo,
481 4857 554 4915 stola
575 4854 690 4914 violatia
712 4864 741 4912 et
763 4853 886 4932 desuper
914 4871 1023 4932 capuc-

230 4957 300 5016 cino
320 4954 399 5028 albo,
420 4954 654 5033 praecedentibus
675 4954 769 5031 ipsum
790 4952 974 5024 officialibus,
995 4965 1023 5013 et

230 5073 333 5127 cruce,
351 5063 380 5115 et
401 5055 588 5132 sentientibus
611 5056 704 5133 ipsum
725 5053 940 5124 cardinalibus,
960 5056 1024 5131 epi·

233 5155 328 5236 scopia
345 5155 558 5226 assistentibus,
577 5153 687 5225 deinde,
703 5155 767 5213 aliis
782 5155 926 5233 praelatis,
944 5171 1024 5214 more

230 5257 319 5318 solito
333 5257 476 5333 equitavit
490 5254 526 5313 ad
545 5257 753 5315 rarorrasterium
770 5254 869 5313 Sancti
889 5253 1023 5331 Gregorii

232 5359 315 5418 circa
336 5356 536 5435 Septisolium,
550 5355 600 5414 arbi
619 5356 732 5414 audivit
743 5355 862 5413 *Missam
877 5362 932 5414 etc.
950 5353 1022 5411 Data

231 5457 427 5517 benedictione
449 5455 525 5535 Papa
549 5455 631 5514 rediit
653 5454 688 5512 ad
708 5455 849 5512 Palatium
872 5471 906 5511 eo
922 5449 1023 5512 ordine

232 5575 294 5634 quo
315 5566 431 5617 venerat
458 5566 486 5616 et
516 5573 584 5614 cum
603 5563 675 5614 esset
701 5549 786 5628 juxta
815 5550 963 5613 ecclesiam
991 5549 1023 5610 S.

234 5654 312 5716 Celsi
327 5654 402 5716 dedit
419 5655 560 5716 licentiam
576 5653 777 5713 Cardinnlibus
791 5662 913 5732 propter
936 5651 1023 5710 inun-

1094 2266 1162 2307 uum
1181 2250 1299 2318 dimidio
1318 2253 1360 2311 rel
1386 2254 1465 2312 viroa
1488 2256 1563 2314 venit
1584 2258 1730 2333 usquead
1751 2259 1881 2336 signum,

1076 2347 1129 2417 ,ιιι
1152 2348 1229 2425 quad
1248 2350 1330 2422 alias,
1351 2368 1426 2410 atino
1441 2351 1564 2412 lubilaei
1579 2356 1700 2432 proximi
1715 2356 1834 2426 effluxit,
1852 2367 1883 2417 et

1092 2458 1234 2519 venerat,
1268 2449 1367 2527 quod,
1395 2450 1525 2511 domibus
1556 2452 1629 2512 Rev.
1657 2454 1691 2512 D.
1719 2454 1883 2515 Cardinalis

1092 2546 1265 2618 Parmensis,
1280 2559 1348 2609 tuuc
1364 2549 1518 2628 Papiensis‚
1533 2552 1608 2610 intra
1623 2570 1740 2612 murum
1756 2554 1880 2632 positum

1091 2657 1134 2705 est
1148 2657 1176 2705 et
1188 2646 1216 2705 in
1228 2647 1317 2726 spatia
1331 2647 1455 2708 divisum
1463 2672 1473 2722 ;
1493 2661 1575 2710 nocte
1598 2670 1668 2711 raro
1683 2655 1810 2728 sequenti
1826 2652 1879 2712 de·

1092 2748 1197 2818 crevit,
1218 2746 1257 2805 ita
1280 2747 1357 2823 quod
1378 2748 1422 2808 die
1443 2766 1513 2809 xrrr·
1531 2748 1616 2827 hujus
1638 2768 1735 2810 omnes
1752 2753 1814 2810 viae
1841 2754 1882 2811 li·

1092 2843 1179 2906 berae
1200 2846 1329 2916 luerunt,
1349 2858 1381 2904 ut
1397 2848 1487 2924 prius.

1134 2945 1196 3003 lloc
1218 2962 1303 3017 anno,
1322 2963 1389 3004 cum
1411 2964 1462 3023 per
1484 2950 1673 3008 astronomos
1702 2947 1778 3007 lacta
1808 2962 1883 3010 esset

1092 3044 1258 3116 calculatio,
1278 3056 1307 3103 et
1329 3026 1476 3122 repertum
1496 3048 1569 3106 tnale
1585 3048 1688 3107 sestam
1708 3047 1834 3109 Paschae
1849 3049 1879 3109 (i.

1093 3141 1181 3219 hujus
1195 3141 1206 3224 (
1220 3143 1355 3224 aprilis)
1367 3145 1525 3217 celebrari,
1547 3146 1595 3204 alii
1608 3146 1731 3207 dicentes
1742 3167 1794 3226 per
1811 3151 1879 3208 istos

1092 3255 1235 3316 erratum,
1245 3245 1410 3315 noluerunt,
1418 3241 1501 3318 juata
1513 3244 1638 3305 debitum
1650 3265 1769 3305 cursum
1784 3248 1880 3319 lunae,

1091 3343 1196 3403 festum
1214 3340 1377 3419 hujusmodi
1394 3342 1444 3401 30.
1460 3344 1556 3403 martii
1575 3345 1716 3405 celebrari
1733 3356 1880 3423 oportere3

1092 3454 1217 3503 attamen
1229 3443 1350 3521 proponi
1365 3442 1496 3502 lecerunt
1510 3443 1625 3520 quidam
1639 3444 1694 3504 SS.
1706 3443 1741 3503 D.
1755 3443 1789 3503 Ν.
1802 3445 1881 3521 quod

1092 3557 1211 3621 propter
1232 3560 1365 3602 errorem
1380 3543 1497 3615 calculi,
1517 3543 1620 3602 lestum
1637 3542 1815 3621 praedictum
1828 3543 1879 3603 30.

1092 3643 1190 3702 martii
1213 3642 1355 3703 celebrari
1377 3643 1534 3701 mandaret.
1556 3642 1613 3702 Sed
1636 3642 1756 3719 quiade
1776 3662 1880 3703 errore

1093 3736 1270 3817 hujusmodi,
1292 3743 1315 3801 si
1337 3742 1509 3813 emuniuit,
1531 3740 1585 3800 SS.
1609 3742 1643 3800 D.
1665 3740 1698 3800 Ν.
1725 3742 1804 3802 tarde
1825 3742 1880 3803 luit

1091 3843 1242 3913 avisatus,
1271 3840 1402 3901 videlicet
1422 3843 1500 3901 circa
1533 3841 1658 3900 medium
1690 3842 1881 3918 quadragesi-

1093 3959 1178 4012 mae,
1203 3944 1295 4000 visum
1318 3952 1361 3999 est
1383 3943 1477 4018 potins
1496 3940 1653 4012 tollerare,
1674 3940 1751 4016 quod
1769 3939 1880 3998 Pascha

1092 4042 1122 4100 6.
1146 4038 1357 4110 celebraretur,
1379 4056 1469 4115 quum
1491 4056 1587 4109 error,
1599 4040 1697 4116 paucis
1713 4051 1812 4108 notus,
1831 4059 1879 4097 es-

1091 4152 1134 4201 set
1152 4140 1267 4200 demum
1287 4137 1431 4209 omnibus,
1453 4156 1539 4215 quam
1561 4139 1631 4197 illud
1651 4139 1829 4216 anticipare,
1851 4150 1880 4199 et

1092 4238 1341 4317 quadragesimam
1361 4248 1515 4316 propterea
1535 4236 1717 4310 abbreviare3
1731 4237 1778 4314 qui
1793 4256 1879 4299 error

1092 4352 1185 4400 tamen
1207 4339 1338 4398 omnibus
1360 4339 1416 4397 t'uit
1436 4339 1610 4398 manifestus.

1133 4440 1218 4502 Peria
1240 4441 1322 4500 tertia
1345 4438 1484 4511 Paschae,
1505 4440 1535 4498 8.
1559 4440 1661 4499 mensis
1681 4439 1802 4517 aprilis,
1823 4438 1879 4499 88.

1038 4610 1041 4615 ,
1092 4542 1128 4601 D.
1151 4541 1185 4601 Ν.
1205 4559 1286 4600 neore
1301 4549 1437 4599 consueto
1458 4550 1577 4617 paratus
1600 4539 1676 4599 venit
1691 4538 1727 4596 ad
1741 4540 1881 4617 capellam
1924 4534 1926 4538 ’

1093 4640 1234 4718 majorem
1251 4684 1259 4713 ,
1279 4639 1328 4699 ubi
1362 4639 1398 4698 R.
1429 4637 1464 4697 D.
1498 4637 1656 4699 Cardinalis
1685 4637 1882 4698 Uliabonensis
1932 4702 1937 4708 ,

1093 4744 1251 4804 celebrarit
1275 4742 1400 4800 otlicium
1424 4757 1504 4798 more
1525 4751 1676 4809 consueto,
1691 4749 1720 4798 et
1746 4738 1880 4798 nonfuit
1906 4762 1910 4769 ·

1092 4862 1210 4915 sermo;
1232 4853 1261 4901 et
1282 4842 1350 4917 quia
1372 4839 1407 4897 R.
1432 4839 1467 4897 D.
1487 4838 1646 4899 cardinalis
1668 4838 1699 4897 S.
1728 4836 1805 4897 Petri
1841 4836 1878 4894 ad

1092 4945 1215 5004 Vinettla
1241 4942 1356 5019 scripsit
1377 4940 1459 5000 hodie
1480 4958 1514 4999 ex
1541 4936 1670 4999 Ostiense
1702 4939 1815 4997 civitate
1848 4954 1880 4995 se

1093 5046 1215 5106 Romam
1237 5042 1416 5112 rediturum,
1439 5040 1536 5117 plures
1555 5058 1588 5099 ex
1607 5038 1670 5096 RR.
1691 5037 1752 5096 DD.
1772 5035 1879 5095 Cardi-

1093 5145 1215 5215 nalibus,
1229 5153 1347 5221 peraeto
1364 5140 1501 5220 prandio,
1517 5140 1686 5217 equitarunt
1711 5137 1735 5197 ci
1751 5136 1875 5195 obviam.

1092 5244 1165 5304 Νιιιι
1193 5242 1256 5300 RR.
1276 5240 1339 5299 DD.
1362 5239 1637 5308 vicecancellarius,
1660 5235 1877 5315 Neapolitanus,

1093 5346 1123 5403 8.
1146 5342 1264 5414 ιιιιιι,
1290 5341 1321 5400 S.
1345 5340 1470 5417 Aregeli,
1492 5350 1519 5397 et
1544 5338 1579 5397 de
1606 5338 1687 5396 Faxo
1714 5334 1881 5396 Cardinales

1092 5453 1279 5522 expectarunt
1301 5442 1395 5519 ipsum
1418 5440 1444 5497 in
1467 5436 1642 5497 lilonasterio
1653 5436 1684 5494 S.
1700 5435 1783 5494 Pauli
1799 5446 1880 5495 extra

1093 5545 1202 5607 Urbem
1222 5543 1258 5601 ab
1282 5542 1352 5601 hora
1376 5556 1431 5600 xx.
1455 5540 1498 5599 vel
1521 5542 1609 5598 eirca.
1633 5536 1696 5595 RR.
1718 5536 1781 5600 DD.
1803 5535 1878 5596 Car·

1093 5645 1200 5708 ditmles
1231 5640 1440 5712 Ulixhoaensis,
1462 5638 1732 5710 Rachanateuensis,
1753 5637 1785 5698 S.
1811 5638 1880 5698 ete-
