4492 6859
227 650 340 733 (arsa)

232 788 318 867 quasi
338 786 438 865 grisei,
458 785 544 847 etad
565 786 708 845 sinistram
731 784 820 863 nigri,
840 794 1020 872 antepectus

227 889 355 948 formant
377 886 515 958 bardoni,
533 898 562 946 et
581 904 676 965 panno
698 887 790 946 rubeo
810 888 935 946 excisam
962 883 1019 942 ltn-

229 987 329 1047 bentes
351 997 466 1046 vestem.
492 986 537 1045 Ει
556 986 657 1046 eodem
687 1003 783 1064 panno
794 1027 803 1057 ,
824 987 884 1044 sine
904 984 1020 1056 forma,

229 1087 296 1147 θυι
319 1097 426 1146 vestem
446 1085 577 1145 babebat.
599 1087 676 1146 lnter
697 1098 835 1163 pontem,
855 1095 884 1143 et
905 1094 1019 1161 portam

231 1186 427 1265 praedictam,
449 1197 582 1263 receptus
611 1185 665 1245 luit
694 1186 759 1244 θυι
780 1203 797 1242 a
818 1183 932 1242 lannilils
952 1181 1017 1241 ltlt.

231 1285 293 1344 DD.
308 1286 521 1356 cardinalium,
532 1300 560 1344 ct
573 1283 747 1344 Oratoribus
761 1284 874 1361 Regum
888 1280 1019 1359 Angliac,

229 1386 398 1464 Hispaniae,
417 1384 610 1464 Neapolitani.
632 1385 812 1463 Durrgariae,
834 1384 969 1455 Scotiae,
990 1394 1019 1442 et

228 1487 373 1547 Bnemiae.
392 1503 426 1548 ac
440 1487 565 1546 aliorum
585 1485 817 1564 Principatuum,
838 1484 887 1561 qui
909 1496 970 1543 turn
990 1484 1018 1541 in

232 1586 314 1648 Urbe
334 1599 430 1659 erant,
452 1604 533 1647 more
555 1599 692 1647 cornaleto
698 1608 709 1657 ;
731 1604 857 1663 quorum
879 1587 969 1661 aliqui
990 1585 1018 1644 in

228 1687 339 1758 latino,
364 1688 413 1745 elii
440 1688 468 1745 in
492 1688 607 1765 vulgari
635 1686 731 1747 italico
761 1704 828 1744 suas
861 1685 1019 1745 oblationes

232 1785 374 1846 iecerunt.
398 1784 527 1863 Singulis
547 1786 692 1864 respoudit
713 1786 779 1844 θυι
800 1787 828 1844 in
851 1785 947 1844 italico
974 1784 1019 1844 his

231 1885 330 1945 verbis
350 1895 463 1945 tantum
484 1887 601 1946 dicens:
630 1887 718 1946 Gran
750 1889 849 1946 arverne}
879 1907 899 1946 υ
920 1887 1016 1947 Mons.

230 1986 296 2045 anio
316 1985 600 2047 Reverendimimo.
615 1985 735 2063 Et-quia
755 2006 860 2064 magns
874 1988 1019 2047 contentio

231 2097 297 2145 erat
325 2085 400 2146 inter
431 2085 685 2157 llerlordiensem,
716 2087 957 2158 Duaelmensern,
989 2098 1019 2147 et

230 2183 442 2246 [nemorensem
463 2188 611 2264 episcopos
625 2183 767 2246 Oratores
788 2189 832 2247 lli.
846 2188 934 2265 Regis
955 2190 1017 2246 hn-

229 2289 307 2363 gliae
338 2305 372 2346 ex
404 2303 483 2357 una,
504 2298 533 2347 et
559 2287 819 2347 Protbonotarium
844 2289 878 2348 de
904 2288 1017 2349 llledina

229 2382 388 2446 Oratorem
400 2385 487 2464 Regis
497 2386 700 2464 Hispaniarum
711 2407 798 2466 super
810 2389 1018 2468 praecedentia,

231 2485 264 2545 8.
287 2486 324 2545 θ.
347 2485 382 2546 n.
404 2487 552 2546 tnandavit
569 2487 648 2563 quod
669 2487 753 2548 hodie
773 2507 828 2567 pro
855 2490 1018 2567 receptione

231 2587 353 2666 prceiati
370 2586 478 2659 Dacis,
499 2588 625 2666 episcopi
646 2590 794 2658 venirent,
815 2601 844 2648 et
863 2607 919 2647 non
940 2590 1018 2649 Pro·

232 2688 415 2747 thoanterlus
435 2688 621 2765 praedictus:
644 2687 672 2745 in
695 2690 821 2766 vesperis
842 2700 938 2747 autern
966 2708 1017 2748 re-

231 2788 309 2846 niret
320 2786 571 2858 Prothouotarius‚
586 2786 793 2865 quoepiscopis
807 2787 851 2845 die
868 2790 1018 2847 Ascensio·

233 2887 277 2946 nis
292 2886 429 2965 episcopi,
447 2904 504 2946 noa
520 2885 760 2945 Prothonotarius
766 2908 777 2956 3
791 2898 820 2945 et
834 2889 875 2945 sic
886 2887 1020 2967 deinceps

232 3004 291 3045 uno
312 2990 450 3058 veniente,
470 2988 545 3045 allus
566 2996 728 3045 remaneret
748 2997 829 3044 extra
850 2988 1018 3065 cappellam.

231 3086 316 3147 Unde
334 3086 475 3165 praedicti
497 3088 624 3165 episcopi
645 3104 712 3145 cum
734 3087 797 3144 aliis
815 3088 875 3145 suis
900 3089 1020 3165 collegis

231 3187 398 3264 praefatum
420 3185 531 3246 Ducem
552 3203 605 3245 suo
638 3204 720 3244 more
741 3199 934 3264 receperunt;
956 3199 1020 3265 post

233 3304 314 3362 quoa
337 3286 441 3348 comes
468 3286 617 3346 Tottdillae
644 3304 712 3345 cum
741 3284 964 3345 Prothonotarlo
985 3286 1021 3347 de

234 3386 348 3447 dledina
369 3388 528 3466 praedicto,
549 3404 646 3446 secum
663 3387 797 3447 babentes
811 3389 890 3446 ultra
903 3400 1019 3448 centum

233 3489 343 3566 pedites
350 3488 483 3566 hispanos
493 3499 631 3559 arnmtos,
641 3498 872 3566 supervenerunt
887 3507 942 3566 pro
952 3488 1021 3547 dieti

234 3588 326 3647 Ducis
348 3590 430 3665 regio
456 3588 569 3646 tramitae
591 3591 767 3666 receptione3
794 3606 867 3665 quoa
894 3588 1020 3649 videntes

234 3688 359 3766 praelati
393 3689 516 3767 episcopi
548 3699 777 3766 retrocesserunt
807 3708 862 3768 pra
888 3689 1022 3749 scandalo

232 3790 389 3861 evitand03
410 3792 466 3863 alc,
484 3791 584 3850 ordine
602 3790 686 3850 solito
706 3791 743 3849 ad
773 3803 887 3869 portam
914 3790 1019 3869 Populi

236 3905 410 3969 perventum
431 3904 484 3965 est,
505 3909 521 3949 a
543 3909 601 3969 qua
629 3909 685 3951 non
714 3894 797 3970 longe
824 3892 933 3949 tamilla
965 3891 1020 3950 88.

236 3990 273 4051 θ.
287 3990 333 4060 tl,
346 3995 418 4051 inter
434 4009 507 4068 quos
520 4003 603 4051 eram
622 3991 742 4069 praelati
760 4008 882 4059 xxrtn,
898 3990 1020 4050 eandem

232 4093 346 4152 Ducem
383 4091 540 4151 bonoribce
571 4104 767 4169 receperunt,
799 4091 1022 4152 Prothonotario

233 4193 456 4263 mediolanense,
478 4192 566 4252 Urbis
587 4192 799 4263 Gubernatore,
821 4212 876 4272 pro
890 4192 1022 4251 omnibus

233 4296 379 4371 loquente.
402 4291 492 4351 Extra
511 4304 626 4371 partam
641 4305 723 4353 erant
744 4293 807 4353 ltlt.
827 4295 889 4353 DD.
910 4294 943 4353 s.
960 4300 1023 4352 hn-

233 4396 292 4471 geli
306 4392 474 4471 Presbyter,
493 4405 522 4451 et
542 4395 681 4452 Ascanius
699 4392 859 4466 Dicconua,
878 4394 1022 4454 cnr-dina·

235 4494 287 4565 les,
308 4493 357 4570 qui
378 4496 492 4552 nomine
513 4493 627 4570 collegii
648 4492 756 4551 dictum
776 4494 886 4554 Ducem
904 4513 1023 4572 recepe-

234 4604 305 4653 runt
325 4592 381 4652 boc
400 4593 509 4652 ordine.
530 4598 783 4674 Appropinquante
811 4594 891 4655 Duce
920 4594 957 4653 ad
979 4615 1021 4668 se,

234 4693 429 4772 deposuerunt
449 4694 533 4773 pilea,
548 4708 577 4754 et
594 4695 706 4768 bireta;
729 4695 796 4754 θυι
807 4694 894 4755 etiam
913 4696 1022 4774 pileum

235 4794 385 4874 deposuit,
409 4812 465 4854 oon
487 4794 614 4855 biretum
635 4793 669 4854 de
691 4798 801 4856 velluto
823 4797 918 4874 nigro,
943 4796 1021 4873 quod

236 4894 359 4954 babebat
380 4896 409 4954 in
430 4897 533 4973 capite,
552 4896 630 4972 quod
648 4914 715 4956 eum
730 4914 798 4956 cum
817 4914 957 4974 reponere
968 4893 1023 4971 ju·

235 4994 346 5064 berem,
367 4995 513 5073 respondit
535 4997 561 5054 id
581 4998 677 5057 iacere
699 5014 754 5057 non
775 5015 857 5077 posse
869 5020 879 5070 3
907 5017 942 5058 ea
962 5016 1022 5076 quo

235 5095 402 5155 cardinales
421 5114 474 5155 sua
495 5095 586 5155 bireta
611 5115 752 5175 reponere
771 5099 848 5171 ieci3
870 5101 912 5159 sic
932 5103 1021 5160 etiam

236 5195 429 5268 cardinales,
461 5194 560 5256 biretis
590 5202 744 5276 cooperti,
764 5198 874 5259 Ducem
901 5199 938 5258 ad
964 5201 1023 5259 oris

236 5298 370 5355 osculnm
392 5307 573 5374 receperunt.
596 5297 684 5368 Tum,
704 5300 836 5358 omnibus
854 5300 948 5359 tribus
962 5301 1023 5361 sine

235 5399 374 5477 cappellis
392 5396 545 5466 stantibus,
565 5396 601 5456 lt
622 5398 658 5458 D.
685 5399 893 5460 cardinalias·
919 5400 1022 5478 Atrgeli

236 5500 443 5576 expliesvltse
472 5496 641 5576 acollegio
662 5501 779 5560 missurn
800 5520 861 5561 esse
888 5519 942 5580 pro
973 5518 1025 5559 re-

239 5602 369 5679 ceptione
382 5611 449 5670 etc,
465 5599 561 5660 italico
579 5619 710 5661 sermone
725 5603 851 5680 loquens.
869 5603 935 5662 θυι
952 5601 1021 5660 bre·

239 5702 362 5761 viasintia
378 5700 473 5761 verbis
486 5699 586 5762 eodem
604 5719 737 5763 sermone
752 5703 818 5782 ipsis
832 5704 944 5783 gratias
954 5702 1022 5781 cpite

698 644 982 710 PONTlFch'PUS
1005 641 1235 707 innocuum
1259 645 1411 709 OCTth.
1832 646 1873 707 rt

1087 783 1253 859 qualemn,
1275 801 1306 842 sc
1326 782 1532 861 cooperientes,
1548 782 1673 843 medium
1692 781 1802 843 Ducem
1821 800 1874 842 re·

1086 894 1236 961 ceperunt,
1258 894 1286 942 et
1307 901 1398 959 usqne
1419 882 1455 941 ad
1477 871 1621 943 Palatium
1646 879 1870 943 nunciaverunt.

1085 981 1323 1061 brebiepiscopus
1344 1000 1414 1042 vero
1429 984 1656 1053 Beneventanus,
1672 995 1700 1044 et
1720 986 1872 1062 episeopus

1086 1081 1281 1155 Cortonensis,
1302 1086 1351 1160 qui
1370 1085 1506 1143 continuo
1522 1083 1663 1160 usquead
1683 1094 1798 1163 portam
1813 1081 1874 1141 Pa-

1086 1181 1146 1241 latil
1168 1184 1378 1242 associaverant
1393 1182 1502 1243 Ducem
1516 1194 1546 1245 et
1561 1183 1686 1242 medium
1707 1194 1871 1255 tenuerant,

1085 1293 1324 1354 retrocesserunt,
1340 1293 1368 1342 et
1382 1282 1513 1362 depositis
1529 1283 1680 1352 mantellis,
1692 1294 1722 1342 et
1736 1283 1873 1361 cappellis

1086 1381 1275 1455 itineralibus,
1293 1395 1466 1461 acceperunt
1481 1382 1610 1442 habitum
1629 1384 1828 1444 condecentem
1843 1394 1873 1442 et

1086 1483 1113 1542 in
1134 1486 1193 1542 suis
1214 1484 1284 1543 locis
1310 1484 1384 1543 inter
1404 1485 1475 1544 allos
1495 1485 1639 1562 praelatos
1659 1482 1762 1543 Palatii
1783 1484 1872 1558 equi·

1086 1593 1195 1642 larunt.
1217 1583 1353 1642 Venimus
1374 1594 1469 1642 autem
1488 1582 1525 1641 ad
1545 1583 1688 1643 Palatium
1712 1584 1874 1660 equitantes

1085 1701 1103 1741 a
1125 1695 1210 1762 porta
1232 1682 1380 1760 usquead
1408 1684 1558 1742 ecclesiam
1584 1679 1744 1743 ll.'bla1·iae
1767 1684 1796 1742 in
1817 1682 1872 1742 Via

1085 1781 1156 1842 Lata
1178 1795 1258 1842 recta
1281 1782 1326 1840 ria
1349 1801 1400 1860 per
1421 1794 1535 1860 pontem
1554 1782 1585 1842 8.
1608 1784 1708 1862 Angeli
1725 1783 1761 1841 ad
1783 1782 1873 1841 Pala·

1085 1885 1157 1943 cum
1180 1884 1236 1943 hoc
1257 1883 1372 1944 ordine:
1396 1884 1491 1961 primo
1521 1883 1645 1942 lanviliae
1675 1882 1874 1943 cardinalium

1085 1996 1113 2043 et
1128 1984 1303 2055 Coriallum,
1317 1994 1379 2041 tum
1395 1983 1502 2041 familia
1523 1982 1622 2051 Ducis,
1637 1994 1703 2062 post
1722 1984 1785 2042 illas
1799 2001 1870 2042 ecu-

1085 2084 1160 2143 tilerl
1188 2081 1298 2163 Papae,
1326 2082 1427 2142 deinde
1454 2084 1553 2161 plures
1574 2082 1682 2141 nobiles
1702 2082 1873 2159 Magnetes,

1085 2201 1159 2260 quos
1170 2182 1236 2242 θυι
1250 2182 1285 2241 de
1299 2183 1359 2241 suis
1374 2181 1506 2252 babebat,
1517 2182 1647 2243 videlicet
1660 2182 1795 2242 hlbertus
1806 2181 1870 2241 ira·

1085 2294 1130 2344 ter
1151 2283 1241 2344 Ducis
1261 2282 1413 2354 naturalis,
1435 2280 1470 2341 D.
1492 2282 1638 2360 corrigii,
1657 2282 1693 2341 θ.
1715 2282 1749 2343 de
1769 2281 1870 2361 Carpi,

1086 2385 1120 2443 θ.
1145 2383 1321 2463 Theophilus
1342 2383 1444 2443 Comes
1468 2394 1543 2454 etc,
1563 2382 1665 2443 Comes
1682 2382 1805 2443 Joanues
1835 2381 1870 2443 de

1085 2482 1220 2560 llujano,
1241 2495 1270 2542 et
1290 2484 1389 2559 plures
1418 2482 1487 2555 alii,
1513 2494 1541 2541 et
1571 2502 1638 2544 cum
1669 2486 1710 2544 eis
1730 2483 1872 2546 Oratores

1086 2584 1152 2643 laici
1171 2582 1285 2659 Regum
1301 2581 1553 2653 ,Pranceschinus
1568 2582 1640 2643 cibo
1659 2602 1745 2662 nepos
1767 2584 1874 2662 Papae,

1086 2704 1121 2747 ex
1134 2685 1225 2744 iratre
1240 2683 1350 2743 seniore
1360 2680 1404 2763 (l)
1416 2682 1509 2761 Papae
1520 2695 1614 2756 natus,
1626 2684 1761 2757 Senator,
1771 2684 1874 2747 comm

1087 2786 1258 2856 Tondillae,
1279 2795 1308 2844 et
1328 2802 1425 2844 omues
1448 2784 1593 2861 Magnates
1604 2806 1614 2857 3
1642 2787 1797 2845 servientes
1821 2803 1876 2843 ar·

1087 2905 1213 2955 morum,
1236 2884 1401 2945 cardinales
1417 2903 1484 2944 cum
1501 2883 1791 2956 Duce,·cubernator
1807 2884 1871 2946 Ur·

1087 2989 1128 3049 bis
1157 3005 1224 3048 eum
1254 2987 1310 3046 alio
1332 2988 1460 3064 praelato
1486 2985 1611 3057 Palatii,
1638 2986 1871 3064 archiepiscopus

1086 3091 1302 3151 Beneventanus
1322 3105 1389 3147 cum
1410 3088 1610 3165 alio-praelato
1631 3086 1741 3158 Palatii,
1761 3105 1779 3144 n
1798 3086 1869 3145 sini·

1087 3196 1154 3252 stris
1186 3191 1292 3250 hahens
1319 3208 1408 3249 unum
1434 3192 1596 3268 praelatum
1622 3189 1800 3250 Oratorenrs
1829 3190 1871 3249 sic

1088 3293 1231 3371 deinceps,
1252 3303 1316 3370 post
1337 3292 1479 3370 praelatos
1500 3288 1661 3363 Oratores,
1689 3275 1743 3351 iter
1776 3291 1870 3351 conti·

1088 3403 1216 3451 nuarunt
1238 3391 1358 3469 praelati
1377 3390 1480 3449 Palatii
1510 3390 1567 3448 blni
1586 3401 1616 3451 et
1637 3389 1706 3462 blnl,
1727 3402 1790 3470 post
1808 3390 1872 3450 illos

1087 3493 1315 3570 archiepiscopi,
1335 3492 1482 3571 episcopi,
1504 3490 1726 3571 prothonotarii,
1747 3491 1872 3551 hbbates
1915 3551 1920 3564 ,

1087 3593 1290 3664 cubicularii,
1310 3605 1340 3653 et
1364 3592 1412 3651 alii
1443 3592 1532 3670 togati
1562 3590 1702 3652 Oratores
1734 3593 1823 3661 laici,
1843 3601 1872 3651 et
1973 3644 1982 3663 ,

1088 3696 1204 3766 clericl3
1225 3694 1345 3773 praelati
1365 3694 1535 3770 equitarunt
1554 3704 1619 3754 ante
1640 3692 1817 3762 Cardinales,
1838 3701 1872 3751 ut
1983 3702 1989 3715 ³

1087 3813 1176 3874 supra
1198 3793 1328 3853 diximus.
1348 3792 1410 3854 lloc
1432 3794 1532 3853 ordine
1552 3796 1736 3872 pervenimus
1756 3796 1792 3852 ad
1813 3794 1874 3853 Pa·

1088 3896 1190 3953 latium
1212 3892 1353 3971 usquead
1371 3911 1492 3971 parvam
1508 3894 1663 3972 cappellam
1676 3893 1758 3970 juxta
1774 3909 1877 3954 came-

1089 4013 1153 4054 ram
1175 3995 1333 4072 paramenti
1366 3993 1416 4052 ubl
1444 3995 1665 4071 expectavimus.
1697 3995 1814 4053 lnterim
1841 3993 1873 4053 8.

1089 4095 1125 4155 D.
1149 4094 1183 4156 ll.
1202 4095 1253 4172 qni
1271 4096 1300 4153 in
1318 4092 1385 4152 aula
1407 4094 1551 4170 lngiorum
1569 4111 1658 4172 snpra
1679 4104 1794 4173 portam
1815 4094 1876 4154 Pa·

1090 4196 1151 4256 latii
1171 4214 1238 4256 cum
1260 4192 1460 4254 cardinalibus
1478 4192 1589 4253 Ducem
1612 4195 1769 4254 venientem
1792 4193 1877 4253 vide·

1090 4308 1148 4366 ret,
1170 4296 1248 4355 venit
1268 4312 1320 4373 per
1350 4290 1469 4352 bortum
1490 4293 1525 4351 ad
1546 4311 1691 4354 cameram
1718 4298 1878 4373 paramenti

1090 4415 1158 4456 cum
1173 4393 1384 4465 Cardinallhus,
1399 4393 1447 4451 ubi
1467 4397 1578 4472 acecpit
1597 4396 1699 4455 stolam
1720 4396 1877 4474 pulchram

1088 4517 1176 4577 snpra
1209 4496 1385 4564 rochetum,
1405 4495 1504 4553 sedens
1521 4494 1551 4552 in
1565 4496 1636 4555 ‘sede
1659 4513 1733 4566 sua,
1751 4506 1779 4557 el
1800 4494 1879 4555 cnr·

1089 4598 1198 4658 dinales
1220 4614 1272 4675 par
1295 4595 1440 4654 circulum
1461 4611 1550 4672 snpra
1571 4594 1693 4655 scabella
1713 4614 1776 4666 sua,
1797 4614 1831 4655 ac
1850 4597 1874 4656 si

1089 4700 1295 4760 consistorium
1327 4695 1515 4756 celebrarent.
1547 4696 1671 4756 Vocatus
1703 4707 1745 4756 est
1777 4696 1878 4757 deinde

1090 4802 1167 4870 Dux,
1189 4799 1250 4876 qni,
1272 4795 1506 4875 praecedentibus
1527 4794 1609 4855 nobis
1629 4806 1658 4855 et
1678 4797 1795 4856 circiter
1810 4805 1878 4855 octo

1090 4900 1266 4961 Oratoribus
1286 4896 1427 4976 legcllbns
1447 4894 1535 4967 laicis,
1550 4907 1579 4956 et
1596 4896 1749 4958 cardinale
1767 4896 1799 4953 8.
1814 4896 1878 4952 hn-

1090 5002 1170 5080 geli,
1200 5017 1237 5058 ac
1267 5008 1402 5075 sequente
1433 4997 1524 5075 ipsum
1550 4996 1703 5057 Cardinale
1729 4994 1877 5066 Ascanio,

1090 5101 1215 5169 tandem,
1227 5101 1300 5159 ostio
1321 5098 1445 5168 secluso,
1462 5097 1537 5158 venit
1558 5096 1593 5155 ad
1616 5112 1762 5155 cameram
1781 5094 1879 5173 Papa-

1089 5202 1171 5279 galli‚
1190 5200 1249 5271 nbi,
1270 5198 1354 5259 iactis
1371 5198 1463 5258 tribus
1484 5198 1512 5255 in
1532 5196 1624 5256 dehita
1639 5196 1772 5254 distantia
1790 5213 1878 5255 reve·

1089 5302 1199 5371 rentiis,
1219 5300 1346 5378 deposito
1367 5298 1507 5376 cappello,
1524 5297 1617 5357 bireto
1635 5308 1729 5357 manen
1751 5306 1877 5370 retento,

1089 5400 1211 5463 accessit
1230 5400 1265 5458 ad
1281 5397 1460 5468 Pontificem,
1479 5395 1565 5473 cnjus
1581 5398 1681 5475 pedem
1700 5396 1877 5476 genuflexus,

1090 5502 1192 5562 deirlde
1214 5518 1348 5570 manum,
1379 5510 1440 5558 tum
1463 5516 1495 5557 os
1515 5498 1663 5558 osctrlatus
1687 5508 1750 5569 est,
1777 5497 1878 5559 deinde

1090 5603 1196 5663 iterum
1219 5598 1384 5679 genuflexus
1414 5618 1444 5659 se
1474 5598 1622 5659 excusavit
1647 5598 1725 5675 quod
1749 5597 1875 5658 biretum

1090 5721 1148 5765 non
1169 5702 1345 5782 deponeret,
1365 5699 1513 5777 qaia-noa
1540 5707 1656 5778 passam
1686 5698 1766 5759 valui
1790 5698 1877 5758 etiam
