4492 6859
293 638 405 723 (arm)
426 694 428 698 ,

298 789 424 849 cumque
445 770 559 832 nomine
574 771 731 850 rrurrcupati
751 788 923 849 gravamen,
945 786 1090 847 quacum-

299 890 356 948 que
371 870 492 943 ratione,
512 871 557 932 vel
580 887 666 930 causa
689 871 847 950 imponam,
867 870 913 931 vel
928 869 965 928 ab
985 868 1089 932 eisdem

298 970 498 1031 cardinalibus
513 988 567 1048 pro
580 970 719 1043 ecclesiis,
736 980 767 1030 et
781 970 970 1043 monasteriis,
988 968 1091 1047 quibus

297 1089 346 1132 eos
371 1069 488 1151 praefici
512 1068 575 1153 (l),
592 1082 622 1132 et
637 1069 780 1132 beneficiis
801 1069 975 1149 quibuslibet
994 1070 1091 1131 eccle·

297 1169 429 1243 siasticis,
445 1172 480 1233 de
498 1171 604 1251 quibus
618 1172 658 1232 eis
673 1191 728 1253 pro
746 1184 875 1252 tempore
896 1170 1043 1252 provideri
1062 1173 1090 1231 in

298 1270 416 1331 titulum
439 1274 485 1333 vel
504 1271 703 1333 commendam
725 1273 881 1351 continget,
893 1272 949 1333 sub
968 1283 1091 1332 amiata-

297 1390 365 1431 rnm
389 1369 447 1455 (2),
467 1391 519 1432 sen
545 1370 705 1433 mediorum
727 1371 879 1432 tractuum
899 1372 1090 1447 minutorum,

296 1476 498 1546 servitiorum,
513 1491 563 1533 seu
578 1472 636 1534 alio
649 1491 835 1550 quocumque
854 1475 978 1547 nomine,
991 1473 1030 1532 nil
1044 1468 1090 1554 (3)

297 1575 410 1653 penitus
429 1576 552 1654 exigam,
566 1586 617 1635 aut
630 1573 666 1633 ab
682 1576 723 1637 eis
737 1573 824 1635 etiam
842 1584 943 1653 sponte
963 1573 1089 1633 oderen-

297 1678 385 1749 tibus,
399 1690 428 1738 et
441 1676 619 1739 solventibus
634 1677 736 1755 recipi,
753 1694 805 1737 seu
819 1676 894 1754 exigi
911 1675 1027 1744 faciam,
1045 1673 1089 1731 vel

296 1780 461 1856 perusinam
481 1794 599 1856 quoquo
620 1776 706 1837 modo
725 1775 844 1849 directe,
867 1775 913 1835 sel
934 1773 1072 1833 indirecte
1077 1792 1088 1844 3

296 1878 507 1956 privilegioque
534 1894 638 1937 eornm
664 1876 773 1948 omnia,
791 1887 821 1935 et
844 1876 956 1954 singula
976 1875 1090 1944 illaesa,

296 1977 521 2054 qualiacumque
547 1978 625 2049 sint,
643 1975 844 2049 conservabo,
868 1987 898 2037 et
925 1976 948 2034 si
976 1974 1089 2050 aliquae

295 2076 481 2156 obligationes
496 2077 524 2136 in
538 2075 660 2138 Camera
676 2077 852 2156 Apostolica,
869 2076 980 2135 ratioue
1001 2092 1090 2151 prac-

295 2178 441 2238 dictarnm
457 2187 642 2248 annatavum,
660 2178 855 2256 reperiantur,
876 2194 923 2238 eas
945 2176 974 2235 in
996 2185 1088 2234 totum

295 2278 405 2339 aboleri
426 2276 593 2349 laetamen
614 2276 733 2337 cassari.
1083 2269 1092 2281 '

336 2380 419 2449 ltcm,
430 2395 498 2438 cam
509 2376 676 2439 Cardioales
688 2377 812 2439 Sanctae
823 2376 971 2437 Romanae
982 2374 1089 2437 Eccle-

294 2480 354 2540 siae
364 2478 478 2539 assidue
491 2478 624 2538 assistant
637 2495 752 2538 summo
770 2476 915 2552 Pontifici,
929 2488 958 2539 et
968 2475 1089 2557 proinde

294 2578 417 2640 debeant
434 2577 605 2658 specialibus
627 2578 850 2657 praerogativis,
874 2589 903 2639 et
929 2577 1089 2657 privilegiis

294 2679 434 2758 gaudere,
447 2697 481 2739 ex
495 2696 572 2739 nunc
588 2678 716 2739 concedo
730 2679 797 2758 ipsis
808 2677 1010 2738 Cardinalibus
1025 2677 1089 2756 ple-

294 2780 407 2839 nariam
437 2791 467 2840 ct
497 2779 619 2840 liberam
649 2778 862 2859 dispositionem
893 2779 1026 2838 omnium
1062 2788 1090 2838 et

293 2878 479 2957 singulorum
501 2880 755 2950 monasteriorum,
772 2880 969 2958 prioratuum,
991 2878 1090 2955 digni·

294 2989 401 3054 tatum,
414 2992 632 3059 personatuum,
643 2979 924 3041 administrationum
936 2990 966 3040 et
977 2979 1090 3040 adicio·

294 3099 375 3154 rum,
388 3082 623 3155 canonicatuum,
638 3092 666 3143 et
682 3080 923 3160 praebendarum,
944 3082 1088 3141 aliorum·

294 3200 352 3259 que
368 3181 574 3244 beneficiorum
592 3184 855 3245 ecclesiasticorum
871 3202 939 3245 cum
961 3200 1046 3254 cura,
1059 3191 1090 3241 et

293 3286 356 3346 aine
370 3302 454 3357 cura,
465 3284 501 3344 ad
516 3286 710 3358 collationem,
729 3286 936 3365 provisionem,
951 3301 1089 3363 praesen·

294 3386 444 3460 tationem,
467 3388 649 3460 electionem,
675 3386 934 3455 confirmationem,
955 3386 1089 3445 institu-

293 3490 422 3561 tionem,
439 3510 494 3553 scn
512 3492 655 3572 quamvis
671 3492 771 3555 olium
790 3492 937 3560 similem,
957 3491 1007 3552 vel
1019 3489 1089 3549 dia·

294 3593 429 3654 similem
457 3594 697 3673 dispositionem
721 3590 767 3677 (l)
786 3594 955 3655 carumdem
977 3589 1089 3652 ratidne

294 3698 484 3759 ecclesiarum
503 3707 531 3757 et
547 3697 700 3757 titulorum
721 3697 914 3759 cardinalium
929 3713 1044 3768 eorum,
1059 3704 1088 3755 et

293 3802 381 3860 etiam
402 3801 602 3872 ecclesiarum,
617 3802 872 3875 monasteriorum,
891 3802 1088 3882 prioratuum,

294 3901 480 3981 dignitatum,
498 3915 705 3983 personatuum
719 3949 728 3977 ,
742 3902 1039 3973 administrationum,
1059 3913 1088 3963 et

292 4005 469 4079 officiorum,
489 4007 673 4084 aliorumque
692 4005 900 4068 beneficiorum
913 4004 1089 4068 ecclesiasti·

294 4122 412 4178 corum,
431 4105 537 4183 quibus
557 4118 706 4185 praesunt,
721 4118 749 4168 et
770 4125 844 4186 quae
865 4106 1003 4181 obtinent,
1021 4125 1089 4167 eos·

293 4222 353 4282 que
368 4222 511 4285 pracesse,
526 4217 554 4267 et
569 4224 625 4286 pro
645 4218 775 4287 tempore
793 4208 922 4270 obtinere
940 4209 1088 4286 continget

293 4305 323 4365 in
333 4306 453 4367 titulum
465 4308 509 4368 vet
526 4307 724 4368 commendam
739 4306 784 4391 (b)
794 4328 844 4372 seu
855 4310 925 4371 alias
942 4327 1087 4388 quocum-

294 4424 354 4483 que
370 4408 440 4487 jure
459 4408 504 4469 vel
525 4409 612 4469 titulo
633 4410 853 4488 quomodolibet
880 4414 1087 4491 spectantium,

295 4507 432 4588 quodque
445 4510 640 4590 expectatum
655 4511 783 4590 gratiae,
797 4516 933 4593 speciales
952 4533 1087 4576 reserva-

295 4609 397 4681 tiones,
417 4610 550 4671 mandata
565 4611 599 4672 dc
613 4611 751 4684 uniendo,
765 4624 794 4675 et
813 4618 932 4693 quaevis
950 4615 1021 4677 aliae
1041 4615 1088 4675 di·

295 4711 473 4788 spositiones‚
493 4721 522 4770 et
540 4711 660 4789 regulae
680 4711 887 4784 cancellariae,
915 4713 1087 4794 dignitatum

296 4807 454 4888 majorum,
465 4820 494 4871 et
508 4810 722 4892 principalium,
736 4814 919 4894 aliorumque
932 4813 1088 4876 beneficio·

296 4922 417 4983 rum,et
429 4912 616 4973 familiarium
638 4912 847 4987 cardinalium,
865 4927 917 4977 aut
938 4916 1089 4976 Romano-

295 5030 364 5071 rum
376 5010 561 5086 Pontificum,
572 5030 622 5073 seu
638 5013 824 5086 eorumdem,
835 5026 886 5075 aot
902 5015 995 5077 dictae
1006 5014 1088 5077 Sedis

296 5111 486 5185 officialium,
511 5130 562 5173 seu
585 5114 655 5174 alias
673 5113 863 5193 quovismodo
881 5116 1088 5178 rescri'ationes

338 5327 375 5386 (t)
391 5326 474 5375 Duob.
491 5325 568 5376 codd.
580 5326 680 5389 ascisci.

340 5406 376 5465 (tl
393 5404 420 5454 ln
436 5404 565 5468 Rayaald.
581 5408 761 5455 annnotornm.

340 5484 376 5544 (3)
391 5483 452 5543 Nil,
467 5486 494 5534 ia
510 5482 568 5534 cod.
584 5482 638 5534 vat.
654 5482 829 5536 desideratur.

338 5562 374 5622 (t)
388 5561 485 5613 Nescio
496 5575 530 5611 aa
547 5561 647 5611 codicis
664 5562 780 5613 Vaticani
797 5564 912 5626 deiectu,
932 5566 973 5614 ret
991 5565 1088 5630 tipogr·

297 5640 392 5703 neglig.
408 5639 594 5690 desiderentur
605 5640 631 5689 in
649 5640 774 5704 baynatd.
786 5642 870 5692 verba
888 5647 982 5693 notata.

331 5720 366 5780 (5)
382 5717 533 5780 Rayualdus
551 5718 584 5768 de
600 5717 651 5769 boc
667 5728 758 5780 parag.
774 5720 838 5769 nibil
856 5721 925 5771 atiud
943 5723 1034 5773 reteri.

767 635 971 717 CONdeVE
993 634 1095 697 POST
1117 634 1267 699 sixt'utt
1290 636 1491 706 Quantum.
1911 639 1952 701 tit

1161 772 1318 849 generales,
1327 770 1388 831 sive
1397 772 1532 850 speciales
1543 771 1729 847 continentes,
1742 773 1802 835 sive
1812 773 1953 836 inducen-

1161 879 1202 930 tes
1216 871 1440 942 constitutiones,
1453 874 1539 932 etiam
1560 872 1788 952 praecedentiam
1808 874 1953 937 innovan-

1160 978 1212 1042 tes,
1230 982 1281 1030 aut
1297 970 1369 1030 alios
1384 971 1600 1049 quomodolibet
1614 974 1731 1036 effectus
1745 974 1895 1048 iacientes,
1916 976 1953 1036 ad

1159 1069 1236 1131 dicta
1261 1072 1450 1145 monasteria,
1476 1073 1637 1151 prioratus,
1657 1076 1884 1156 praeposituras,
1905 1076 1952 1135 di·

1158 1171 1292 1249 gnitates‚
1307 1182 1488 1250 personatus,
1501 1171 1774 1249 administrationes,
1794 1187 1823 1236 et
1843 1176 1952 1251 officia,

1159 1271 1364 1342 canonicatus,
1390 1281 1420 1331 et
1445 1273 1642 1351 praebendas,
1673 1275 1787 1355 aliaque
1814 1275 1952 1341 beneficia

1159 1374 1324 1433 nullatenus
1340 1392 1369 1433 se
1383 1374 1584 1446 extendantur,
1603 1374 1652 1436 sed
1666 1375 1702 1437 de
1715 1377 1782 1457 ipsis
1800 1395 1857 1457 pro
1875 1389 1952 1440 tem·

1159 1492 1230 1552 pore
1244 1472 1457 1550 quomodolibet
1470 1483 1550 1538 extra
1562 1472 1722 1536 ltomanam
1738 1476 1857 1537 Curiam
1866 1476 1951 1537 etiam

1159 1572 1333 1635 cessantibus
1351 1573 1526 1634 commendis
1552 1575 1683 1649 illorum,
1702 1593 1777 1654 quae
1802 1594 1953 1637 commen·

1159 1672 1241 1735 datae
1260 1674 1367 1745 forent,
1384 1673 1572 1747 vacantibus,
1591 1674 1759 1738 Cardinales
1778 1676 1831 1756 ipsi
1854 1676 1953 1755 dispo-

1159 1785 1238 1846 nant,
1253 1771 1370 1853 perinde
1384 1789 1419 1831 ac
1434 1773 1457 1831 si
1472 1775 1583 1851 gratiae
1597 1777 1790 1855 expectativae
1804 1775 1952 1856 speciales,

1159 1886 1187 1934 et
1204 1875 1278 1934 aliae
1299 1876 1520 1947 reservationes,
1539 1877 1711 1949 affectiones,
1726 1878 1855 1949 uniones,
1877 1894 1951 1937 cou-

1158 1974 1330 2045 stitutiones,
1349 1985 1378 2034 et
1399 1975 1532 2035 mandata
1556 1973 1723 2053 hujusmodi
1747 1994 1803 2037 nou
1824 1994 1951 2057 appare-

1159 2083 1234 2134 rent.
1254 2072 1329 2146 Cum
1354 2093 1425 2135 vera
1445 2076 1494 2135 illa
1513 2076 1541 2136 in
1556 2076 1632 2136 dicta
1651 2077 1734 2138 curia
1750 2095 1856 2139 vacare
1876 2093 1951 2137 con·

1159 2175 1264 2253 tinget,
1283 2174 1336 2234 nisi
1358 2174 1393 2236 de
1414 2194 1550 2256 expresso
1576 2195 1715 2238 consensu
1736 2177 1824 2257 ipsius
1844 2176 1951 2238 Cardi-

1159 2275 1231 2334 nelis
1252 2273 1403 2347 ordinarii,
1417 2294 1467 2336 scu
1480 2277 1718 2339 commendatarii
1733 2277 1761 2338 in
1773 2276 1950 2358 expeditione

1159 2375 1311 2436 literarum
1325 2374 1447 2455 desuper
1470 2377 1641 2452 adhibendo,
1655 2380 1715 2441 sine
1730 2397 1789 2458 qno
1802 2378 1950 2459 provisio·

1157 2495 1207 2539 nes
1225 2479 1303 2557 ipsae
1328 2477 1436 2537 nullius
1457 2478 1514 2538 sint
1536 2481 1649 2558 penitus
1670 2481 1796 2551 roboris,
1814 2480 1860 2541 vel
1883 2496 1951 2539 rno-

1158 2579 1259 2653 nnenti,
1270 2579 1404 2640 ecclesias
1419 2596 1547 2657 quoque,
1568 2582 1751 2654 monasteria,
1765 2579 1950 2661 praepositu-

1157 2697 1216 2751 ras,
1242 2677 1400 2758 prioratus,
1428 2677 1590 2756 dignitates,
1617 2691 1803 2759 personatus,
1823 2679 1949 2740 admini-

1157 2779 1321 2850 strationes,
1337 2780 1383 2839 vcl
1398 2778 1503 2851 officia,
1519 2780 1714 2853 canonicatus,
1724 2791 1753 2842 et
1763 2778 1950 2858 praebendus,

1157 2880 1307 2958 reliquave
1318 2878 1456 2942 beneficia
1469 2880 1662 2941 ecclesiastica
1675 2881 1848 2953 saecularia,
1857 2891 1888 2940 et
1896 2898 1951 2941 or·

1157 2979 1256 3039 dinnm
1271 2997 1526 3058 quorumcumque
1551 2981 1700 3059 regularia
1720 2999 1788 3042 cum
1812 2998 1899 3053 cum,
1921 2990 1951 3041 et

1157 3079 1216 3139 sina
1233 3097 1319 3152 cura,
1337 3081 1571 3158 qualiacumque,
1583 3101 1635 3162 per
1652 3081 1775 3155 obitum,
1788 3080 1952 3159 promotio·

1157 3198 1234 3253 irem,
1249 3199 1301 3242 sen
1316 3182 1449 3258 quamvis
1463 3183 1549 3241 aliam
1564 3181 1768 3253 dimissionem,
1784 3181 1831 3240 vel
1851 3178 1950 3257 dispo·

1156 3283 1288 3341 sitiouem
1313 3280 1519 3353 familiarium,
1543 3283 1748 3342 continuorum
1769 3295 1950 3341 commensa-

1157 3381 1228 3442 lium
1239 3381 1438 3442 cardinalium
1452 3381 1631 3453 eorumdeui,
1647 3401 1701 3461 pro
1722 3392 1852 3460 tempora
1862 3379 1949 3439 etiam

1156 3485 1234 3564 apud
1256 3484 1360 3545 Sedem
1383 3485 1540 3561 praelatam
1552 3484 1694 3555 vacantia,
1713 3483 1800 3543 etiam
1820 3480 1843 3540 si
1862 3478 1949 3540 iami-

1157 3588 1243 3649 liares
1269 3589 1321 3668 ipsi
1348 3587 1536 3659 decedentes,
1562 3587 1611 3648 illa
1645 3589 1673 3645 iu
1704 3587 1843 3659 titulum,
1870 3586 1950 3646 velut

1157 3690 1236 3750 unita
1252 3690 1315 3751 aliis
1330 3687 1473 3751 beneficiis
1486 3689 1687 3750 ecclesiasticis
1700 3706 1754 3767 per
1768 3705 1817 3748 eos
1828 3684 1951 3747 obtentis

1155 3791 1191 3849 ad
1215 3810 1318 3852 eorum
1345 3792 1435 3851 vitam
1456 3791 1655 3862 obtinuissent,
1671 3803 1699 3852 et
1721 3791 1772 3851 illa
1791 3790 1950 3851 obtinentes

1155 3893 1338 3972 Apostolicae
1352 3892 1434 3954 Sedis
1452 3894 1568 3965 notarii,
1584 3891 1753 3973 cappellani,
1764 3890 1952 3963 cubicularii,

1156 3994 1264 4063 nuncii,
1290 3994 1687 4072 literarumapostolicarunr
1709 3991 1947 4060 abbreviatores,

1156 4095 1333 4174 Scriptores,
1347 4111 1397 4154 seu
1412 4095 1482 4154 alins
1496 4090 1624 4169 ejusdem
1637 4091 1719 4153 Sedis
1736 4090 1883 4161 officiales,
1898 4102 1949 4150 out

1155 4193 1259 4274 quasis
1283 4194 1338 4253 alia
1362 4194 1499 4272 qualitate
1523 4191 1680 4273 (aliquam
1703 4194 1791 4253 aliam
1812 4208 1950 4252 reserva·

1156 4296 1261 4356 tiottenr
1277 4295 1453 4374 generalem,
1468 4313 1518 4355 seu
1531 4296 1694 4376 specialem,
1708 4295 1756 4355 vel
1770 4292 1948 4355 affectionem

1155 4395 1325 4477 inducente)
1336 4393 1493 4473 qualiiicati
1507 4406 1536 4456 et
1551 4394 1618 4469 mei,
1629 4407 1680 4456 aut
1694 4392 1950 4474 praedecessorum

1156 4513 1288 4557 meorum
1304 4494 1505 4555 Romanorum
1522 4496 1696 4558 Pontificum
1707 4495 1862 4555 familiares
1876 4509 1950 4553 con·

1156 4596 1240 4668 linui,
1252 4596 1457 4656 commensales
1470 4606 1554 4656 antea
1567 4596 1697 4668 tuissent,
1708 4606 1737 4657 et
1752 4594 1782 4656 in
1800 4603 1948 4673 posterum

1154 4705 1252 4766 erunt,
1263 4694 1298 4754 de
1310 4711 1447 4755 consensu
1459 4692 1619 4756 Cardinalis
1629 4714 1743 4767 corum,
1752 4693 1781 4753 in
1795 4694 1949 4753 literarum
2028 4755 2031 4761 ,

1156 4794 1278 4874 desuper
1292 4792 1480 4874 expeditione,
1494 4805 1522 4855 et
1538 4813 1595 4855 non
1613 4795 1697 4855 aliter
1713 4794 1874 4863 conseram,
1899 4801 1951 4850 aut

1156 4893 1305 4974 disponam
1331 4882 1365 4955 de
1392 4893 1509 4965 eisdem,
1526 4895 1563 4953 ita
1578 4937 1586 4964 ,
1604 4906 1637 4955 ut
1655 4894 1677 4954 si
1702 4912 1785 4955 secus
1802 4910 1901 4971 egero,
1920 4888 1949 4947 id

1156 5005 1250 5056 totum
1263 4995 1371 5055 nullius
1386 4995 1423 5053 sit
1442 4993 1566 5066 roboris,
1583 4994 1628 5056 rel
1644 4993 1778 5053 momenti
1784 5013 1794 5063 ;
1810 5002 1838 5051 et
1855 4989 1879 5049 si
1894 4987 1949 5048 be·

1156 5094 1290 5156 neiicium
1317 5092 1434 5172 aliquod
1458 5110 1563 5154 vacare
1585 5091 1857 5171 quomodocumque
1876 5103 1951 5147 con·

1156 5196 1270 5276 tigerit,
1285 5196 1347 5257 eius
1375 5193 1490 5254 collatio
1509 5190 1578 5270 jure
1595 5192 1744 5253 ordinario
1763 5189 1800 5250 ad
1821 5186 1948 5266 aliquem
2022 5260 2026 5263 ,

1156 5317 1190 5357 ex
1202 5296 1322 5357 dominis
1337 5294 1538 5356 cardinalibus
1554 5291 1736 5373 spectaverit,
1751 5300 1780 5352 et
1798 5288 1949 5369 pertinue-

1158 5399 1218 5469 rit,
1245 5398 1334 5469 rolo,
1356 5394 1433 5474 quod
1453 5393 1530 5454 illins
1564 5391 1681 5453 collatio
1700 5401 1729 5453 et
1747 5388 1874 5471 provisio
1894 5406 1961 5466 per,

1158 5499 1250 5577 ipsum
1260 5496 1408 5558 dominum
1420 5494 1605 5559 Cardinalem
1617 5492 1789 5553 collatorem
1803 5487 1853 5549 liat
1862 5486 1948 5549 etiam
1981 5483 1985 5490 ’

1159 5598 1182 5657 si
1195 5597 1266 5659 illud
1277 5595 1530 5657 obtinensalterins
1542 5590 1701 5654 Cardinolis
1714 5588 1863 5652 familiaris
1878 5605 1951 5649 con·

1161 5680 1467 5760 tinuuscontmcnsulis
1478 5693 1576 5765 inerit,
1590 5692 1624 5753 dc
1639 5690 1744 5770 quibus
1758 5689 1805 5751 tter
1819 5686 1950 5769 specialis
