4492 6859
298 632 362 694 atti

343 768 397 828 Die
417 765 502 829 tertia
523 766 694 847 septembris
726 764 817 827 tiss.
844 766 981 828 Salvator
1013 764 1089 826 lilius

306 867 425 945 quidam
436 866 515 928 'lotii
530 866 606 927 dello
623 864 715 928 Rosso
727 870 754 925 in
770 866 866 928 medio
881 866 974 946 campi
985 867 1090 927 Florae

304 962 1090 1047 insultavitDominicumlleaeaceadutum(dicimini-

301 1068 423 1139 micum,
439 1084 507 1128 cunr
519 1085 577 1144 quo
599 1077 695 1127 tamen
704 1066 758 1125 sub
770 1065 960 1144 fideijussione
974 1065 1090 1126 vivebat

303 1168 527 1247 quingentorum
566 1166 761 1239 ducatorum,
789 1166 940 1246 ipsumque
973 1164 1088 1225 duabus

303 1267 536 1348 percussionibus
556 1267 696 1347 percussit
714 1279 742 1330 et
762 1267 930 1328 vulneravit
950 1266 1088 1340 letaliter;

300 1368 463 1447 exquibus
484 1378 618 1428 mortuus
643 1367 706 1428 luit.
734 1366 773 1427 Et
801 1380 904 1447 quarta
928 1368 973 1429 die
1009 1365 1088 1445 Papa

303 1468 380 1528 misit
414 1467 700 1531 Viae-Carnerarlum
722 1486 790 1528 cum
810 1468 1090 1540 conservatoribus,

300 1581 329 1630 et
358 1579 422 1631 toto
451 1570 559 1649 populo
576 1569 613 1628 ad
635 1569 836 1630 destruendam
865 1568 929 1648 ejus
949 1571 1089 1640 domum,

306 1687 426 1748 eamque
445 1669 592 1730 destruxit.
608 1668 646 1729 Et
663 1669 759 1731 eadem
777 1681 885 1748 quarta
897 1670 942 1730 die
961 1682 1090 1751 septem·

303 1770 365 1831 bris
377 1770 459 1831 atati
469 1771 664 1851 Hieronymus
682 1771 773 1832 irater
786 1770 855 1832 dicti
877 1771 1041 1832 salvatoris
1052 1769 1090 1830 ad

303 1872 464 1931 instantiam
476 1870 545 1931 dicti
557 1869 700 1932 [lominici
710 1873 765 1933 luit
779 1890 934 1952 suspensus
947 1884 1090 1951 utsupra.

341 1971 413 2032 Item
428 1982 532 2049 quarta
548 1969 604 2042 die,
620 1972 655 2032 de
669 1991 704 2034 eo
720 1972 775 2032 luit
786 1982 933 2051 assumpta
949 1972 1089 2045 vindicta,

301 2072 379 2152 quod
398 2090 454 2134 non
474 2081 518 2132 est
536 2071 734 2143 credendum¹
754 2071 813 2132 sine
829 2071 883 2132 Dei
910 2069 1089 2150 dispositione

300 2172 482 2253 processisse.
495 2171 572 2251 Papa
579 2170 697 2230 abstulit
702 2188 822 2249 poenam
835 2167 1088 2245 alidejussoribus.

343 2272 453 2334 Eodem
468 2289 562 2332 mense
580 2269 738 2331 Alexander
758 2269 902 2330 ordinarit
923 2270 1086 2331 visitatores

300 2391 470 2443 carcerum,
497 2381 526 2431 et
552 2370 619 2432 iecit
640 2380 769 2449 quatuor
790 2370 1010 2431 Commissorios
1038 2372 1088 2448 qui

300 2471 434 2533 audirent
465 2471 595 2550 querelas
618 2473 646 2530 ln
669 2470 760 2533 Urbe.
782 2469 822 2530 Et
847 2469 991 2531 ordinarit
1015 2490 1088 2551 syn·

300 2572 427 2632 dicatum
465 2573 604 2651 Vignolae
634 2584 662 2633 et
682 2590 805 2632 suorum
828 2568 1025 2643 officialium,
1059 2584 1088 2635 et

299 2674 400 2734 statuit
411 2673 584 2734 audientiam
599 2673 627 2733 in
639 2673 685 2733 die
701 2672 803 2735 martis
815 2671 949 2734 omnibus
965 2673 1089 2750 civibus,

301 2782 361 2832 tam
381 2774 510 2833 maribus
532 2790 619 2850 quam
641 2773 781 2845 foeminis,
799 2783 828 2835 et
845 2773 955 2834 audivit
971 2775 1089 2853 ipsemet

300 2875 446 2952 querelas,
457 2884 486 2936 et
493 2870 636 2950 justitiam
648 2872 772 2934 mirabili
786 2873 871 2935 modo
880 2874 976 2935 iacere
987 2873 1087 2953 coepit.

342 2973 451 3036 Eodem
473 2992 558 3044 anno,
577 2991 672 3036 mense
697 2972 869 3047 decembris,
894 2994 1001 3055 parum
1017 2985 1083 3038 ante

300 3074 418 3135 Domini
438 3073 621 3136 Nativitatem
636 3074 700 3136 Don
712 3074 883 3137 Fridericus
903 3074 981 3137 dlius
999 3077 1088 3157 Regis

302 3174 490 3248 Ferdinandi,
512 3186 649 3254 tanquam
678 3175 870 3237 ambasciator
891 3175 999 3251 Patris,
1013 3177 1091 3240 venit

301 3275 337 3336 ad
357 3275 467 3339 Urbem
489 3276 525 3336 ad
548 3275 746 3357 praestandam
763 3277 956 3339 obedientiam
968 3290 997 3340 et
1013 3279 1089 3343 vorti

300 3377 427 3437 multum
440 3387 579 3457 ruptuose
597 3388 626 3438 et
641 3376 712 3438 bene
732 3388 861 3438 ornatus.
880 3376 918 3439 Et
934 3397 1001 3439 cum
1023 3397 1089 3438 ma·

298 3494 357 3556 gno
386 3475 498 3538 honore
530 3477 585 3537 luit
617 3487 751 3556 receptus
771 3496 788 3536 a
810 3477 954 3541 Cardinoii
988 3478 1087 3540 Sancti

299 3574 379 3637 Petri
396 3576 432 3635 ad
455 3578 597 3651 Vincula,
616 3577 666 3656 qui
687 3578 759 3640 adeo
781 3578 940 3640 honorifice
956 3591 984 3641 et
1003 3598 1088 3640 sum-

300 3686 404 3757 ptuose
421 3696 488 3740 eum
505 3679 615 3758 recepit
627 3690 656 3741 et
673 3698 726 3759 per
745 3679 856 3757 aliquot
879 3680 939 3741 dies
956 3682 1088 3757 retinuit,

299 3789 334 3839 ut
355 3782 402 3839 vix
421 3778 478 3841 dici
500 3779 604 3859 possit.
630 3780 750 3853 Fertur,
771 3780 884 3842 dictum
903 3781 1085 3843 Pridericum

297 3878 373 3941 ioter
388 3881 445 3941 alia
461 3882 565 3941 dixisse
587 3880 681 3961 Papae
702 3881 869 3943 Alexandro
888 3883 915 3942 in
937 3882 1087 3945 Consisto·

300 3984 368 4055 rio,
389 3994 423 4043 ut
442 3983 596 4044 abstineret
614 3999 631 4042 a
653 3982 859 4063 dispensatione
888 3985 1086 4060 matrimonii,

302 4102 390 4162 quam
411 4086 531 4164 petierat
557 4083 620 4145 Rex
646 4084 804 4163 Ungariae,
825 4086 878 4164 qui
901 4086 1014 4148 volebat
1036 4105 1086 4146 re-

296 4277 416 4339 cinsdem
433 4278 507 4336 voti,
530 4279 731 4341 promissionis,
749 4283 774 4329 et
796 4281 939 4341 juramenti
956 4281 1086 4331 observa·

299 4358 399 4407 tionem
417 4356 466 4406 sub
483 4357 553 4407 dicta
570 4357 738 4418 conditione,
755 4362 782 4408 at
798 4372 849 4408 noa
867 4361 931 4409 alias
957 4360 1085 4422 obligasse

298 4446 329 4483 ac
346 4436 431 4483 teneri
450 4436 583 4492 voluisse,
600 4437 731 4499 licereque
749 4437 824 4486 nobis
848 4437 881 4487 sd
897 4439 934 4487 tui
952 4439 977 4487 in
993 4438 1086 4487 Cardi-

296 4515 383 4562 nalem
401 4515 609 4575 assumptionem
622 4515 786 4577 procedere,
802 4520 878 4574 roto,
895 4518 1085 4579 promissione,

296 4594 323 4640 el
340 4592 488 4647 iuramento
517 4592 662 4653 praedictis
692 4595 796 4643 minime
823 4594 1035 4657 refragantibus,
1058 4602 1085 4646 et

297 4682 346 4732 pro
363 4670 459 4732 potiori
476 4672 579 4720 cautela
590 4671 829 4725 ed‘obstruendum
846 4686 893 4723 ora
905 4676 943 4724 sic
960 4687 1085 4724 asseren-

294 4749 377 4805 tium,
395 4747 488 4811 quide
506 4749 656 4807 hujusmodi
672 4750 856 4803 declarationis
878 4744 983 4804 uostr'ae
1000 4755 1025 4802 in
1044 4754 1083 4804 bis

299 4828 402 4878 viribus
419 4830 442 4878 ei
460 4828 611 4879 sufficientia
636 4830 720 4881 adbuc
744 4832 922 4892 haesitarent,
937 4846 985 4884 nos
1011 4835 1083 4897 ipsos

294 4907 328 4959 de
345 4908 423 4958 simili
435 4909 544 4958 consilio
556 4912 582 4958 et
599 4922 719 4970 assensu,
732 4916 758 4961 et
771 4914 931 4975 apostolicas
941 4914 1083 4976 potestatis

296 4988 478 5051 plenitudine,
505 4988 594 5052 quoad
622 4991 658 5040 tui
689 4993 893 5054 assumptionem
919 4994 1082 5055 praedictam

295 5069 447 5129 dumtaxat,
464 5082 479 5119 a
504 5074 585 5130 voto,
600 5071 778 5133 promissione
794 5075 820 5121 et
838 5072 989 5134 juramento
1005 5084 1084 5136 prae·

295 5147 391 5210 dictis,
407 5150 429 5198 si
447 5153 473 5199 et
489 5154 619 5213 quatenus
631 5149 772 5214 expediat,
789 5150 970 5209 absolvimus,
988 5163 1018 5201 ac
1035 5151 1084 5201 de·

296 5231 430 5279 cernimus
447 5227 482 5278 ad
505 5228 670 5291 probandum
694 5230 771 5292 plene
790 5229 938 5293 hujusmodi
964 5235 1081 5281 nostram

297 5310 323 5356 et
335 5305 481 5356 earundem
494 5306 606 5356 teatrum
619 5317 770 5359 nostrorum
787 5311 813 5359 ta
825 5310 862 5359 sic
879 5309 1011 5368 vovendo,
1021 5322 1084 5373 pro·

295 5378 441 5437 mittendo,
464 5391 494 5429 ae
518 5380 631 5435 iurando
655 5382 842 5433 necessitatem
861 5386 888 5432 et
910 5382 1081 5432 intentionem

294 5458 451 5518 praesentes
478 5458 568 5508 literas
586 5459 723 5521 sufficere,
738 5465 765 5511 et
782 5462 892 5511 alterius
917 5461 1081 5524 probationis

293 5533 479 5586 adminiculum
507 5551 557 5588 noa
586 5540 702 5602 requlrl,
725 5545 776 5591 etc.
803 5539 860 5589 Dat.
887 5542 983 5591 ltomas
1010 5540 1079 5603 apud
1157 5530 1169 5540 ’

294 5613 319 5663 s.
335 5614 438 5664 Petrum
456 5629 525 5667 anno
549 5626 708 5668 xccccxcrr.
725 5620 776 5668 irat.
790 5619 958 5682 septembris.

337 5694 372 5756 (l)
389 5691 415 5743 la
432 5698 506 5749 textu
522 5696 675 5758 tiaratorii,
690 5697 904 5751 Renovredrrlcm.

791 626 1076 692 conruictrus
1096 625 1320 689 auuxsuuiti
1341 626 1468 690 SEXTI.

1844 623 1952 707 (tam)

1159 765 1300 825 nunciare
1318 762 1482 824 benorum
1496 757 1559 838 ejus
1581 779 1713 836 uxorem,
1726 772 1757 822 et
1772 759 1867 822 liliam
1885 760 1949 822 dicti

1158 863 1267 943 Regis,
1287 881 1321 924 eo
1340 863 1419 941 quod
1436 882 1470 924 ex
1488 880 1521 923 ea
1540 880 1597 923 non
1618 860 1795 942 suscipiebat
1813 862 1947 940 prolem,

1157 965 1310 1026 etrolebat
1332 982 1435 1043 capere
1458 961 1545 1023 liliam
1567 963 1657 1023 liucis
1678 961 1901 1023 mediolanensis
1916 982 1947 1023 ae

1157 1083 1288 1127 sororem
1316 1065 1430 1125 Ascanii
1456 1062 1617 1125 Cardinalis
1649 1062 1893 1135 Mediolanensis‚
1921 1075 1949 1125 et

1160 1164 1242 1243 quod
1260 1183 1315 1244 pro
1325 1165 1400 1225 dicte
1412 1163 1619 1244 dispensatione
1641 1163 1846 1240 consequenda
1860 1166 1949 1224 multa

1158 1266 1248 1326 millia
1270 1266 1444 1327 ducatorum
1471 1264 1674 1325 offerebantur.
1697 1262 1737 1323 Et
1763 1281 1836 1323 cum
1871 1263 1947 1344 Papa

1158 1364 1318 1427 intenderet
1336 1364 1431 1425 locere
1451 1364 1535 1425 talem
1553 1364 1812 1444 dispensationem,
1833 1365 1949 1427 luerunt

1158 1466 1267 1526 multae
1288 1466 1430 1526 intereos
1455 1466 1668 1539 altercationes,
1682 1465 1765 1539 adeo,
1794 1466 1898 1544 quod,
1920 1478 1951 1528 ut

1159 1565 1265 1637 fertur,
1288 1564 1381 1623 iratus
1399 1565 1542 1637 recessit,
1560 1574 1589 1625 et
1608 1583 1661 1645 per
1675 1584 1756 1625 mare
1778 1564 1819 1625 ad
1838 1563 1948 1627 Ostiam

1158 1664 1220 1726 ivit.
1248 1663 1287 1724 Et
1317 1663 1476 1726 cardinalis
1498 1663 1530 1725 S.
1551 1666 1631 1726 Petri
1664 1666 1699 1725 ad
1733 1666 1864 1728 Vincula
1887 1686 1951 1727 carn

1159 1786 1193 1827 eo
1214 1768 1286 1840 ivit,
1307 1767 1381 1844 qui,
1398 1777 1431 1825 nt
1449 1766 1569 1842 dicitur,
1588 1786 1622 1828 ex
1638 1786 1672 1828 eo
1687 1767 1765 1846 quod
1785 1768 1863 1829 lavit
1875 1768 1951 1829 dieto

1159 1866 1254 1948 Regi,
1268 1868 1363 1929 sactus
1377 1868 1434 1928 tuit
1454 1869 1586 1929 inimicus
1598 1866 1703 1949 Papae,
1716 1869 1791 1930 adeo
1807 1870 1889 1947 quod
1899 1889 1950 1931 oo·

1161 1969 1249 2029 luerit
1260 1970 1383 2048 amplius
1395 1968 1491 2029 redire
1512 1968 1548 2027 ad
1570 1967 1691 2041 Urbem,
1711 1969 1761 2029 sed
1781 1973 1952 2030 remanserit

1158 2067 1187 2127 in
1199 2085 1266 2128 arce
1273 2067 1364 2128 dictae
1375 2066 1506 2129 Civitatis
1513 2065 1613 2131 Ostiae
1620 2068 1690 2130 bene
1701 2080 1874 2130 armatuset
1886 2089 1951 2129 mu·

1159 2172 1245 2246 nitus,
1258 2171 1327 2229 acsi
1339 2187 1474 2249 campum
1486 2181 1588 2230 contra
1599 2189 1628 2231 se
1639 2181 1853 2250 expectaret,et
1862 2170 1951 2231 absti-

1159 2273 1256 2332 nuerit
1270 2271 1368 2332 venire
1378 2270 1414 2329 ad
1428 2270 1547 2332 Urbem.
1562 2270 1602 2331 Et
1613 2289 1704 2349 quum
1715 2274 1807 2333 semel
1819 2272 1900 2352 Papa
1911 2274 1951 2331 ll·

1159 2373 1292 2435 lexander
1310 2372 1474 2433 destinasset
1495 2373 1538 2434 ire
1563 2382 1591 2432 et
1612 2372 1753 2451 prandere
1784 2374 1814 2433 in
1848 2375 1951 2453 palatio

1160 2474 1260 2535 Sancti
1280 2474 1417 2536 lobannis
1440 2474 1525 2535 delio
1545 2472 1720 2557 Mupiiono,
1737 2471 1804 2550 jam
1827 2494 1883 2555 per
1904 2475 1950 2534 ln·

1160 2575 1324 2637 nocentium
1344 2585 1511 2635 constructo
1529 2585 1557 2635 et
1575 2584 1704 2646 ornato,
1723 2592 1882 2653 quumque
1899 2594 1948 2652 ap·

1161 2679 1382 2755 propinquasset
1396 2672 1433 2733 ad
1448 2676 1557 2747 locum,
1574 2675 1616 2734 illi
1631 2676 1681 2751 qui
1695 2674 1733 2734 ibi
1748 2686 1836 2735 erant
1852 2694 1949 2736 caussa

1162 2775 1282 2856 parandi
1299 2774 1474 2856 prandium,
1495 2793 1585 2854 quum
1602 2775 1737 2836 vidissent
1754 2794 1824 2837 eum
1841 2795 1948 2857 appro-

1162 2878 1363 2957 pinquantem,
1385 2887 1503 2957 propter
1525 2876 1665 2937 laetitiam
1687 2888 1845 2938 traxerunt
1866 2895 1948 2937 unam

1158 2976 1347 3037 bombardam
1369 2993 1500 3056 grossam
1512 2998 1523 3049 3
1545 2994 1603 3056 qua
1624 2977 1723 3037 audita
1750 2977 1852 3038 subito
1873 2978 1946 3057 Papa

1158 3079 1343 3157 perterritus,
1362 3078 1448 3139 etiam
1461 3075 1580 3157 jejunus
1601 3077 1780 3153 retrocessit,
1796 3098 1948 3141 reversus·

1160 3179 1334 3256 qaeestio
1361 3177 1500 3258 palatium
1530 3176 1630 3238 Sancti
1663 3178 1768 3253 Petri,
1790 3198 1826 3242 eo
1851 3179 1946 3258 quod,

1160 3291 1193 3341 ut
1224 3278 1342 3359 ipsemet
1372 3278 1463 3351 dixit,
1495 3281 1612 3353 timuit,
1638 3297 1673 3341 ne
1705 3280 1755 3340 illa
1791 3280 1946 3341 bombarda

1157 3378 1256 3442 luisset
1274 3380 1390 3459 signum
1406 3379 1505 3440 datum
1522 3380 1669 3442 Cardinali
1684 3381 1788 3442 Sancti
1809 3381 1895 3443 Petri
1910 3382 1941 3441 ad

1158 3480 1303 3551 Vincula,
1327 3489 1360 3540 ut
1382 3482 1474 3560 ipsum
1507 3491 1624 3561 caperet
1645 3484 1673 3542 in
1695 3482 1776 3544 dicto
1807 3484 1885 3544 loco.
1910 3480 1944 3542 tit

1157 3582 1249 3641 noluit
1262 3581 1300 3675 ibi
1318 3584 1447 3653 intrare,
1468 3581 1517 3642 sed
1536 3584 1720 3645 incontinenti
1735 3585 1858 3646 recessit
1877 3602 1941 3645 cum

1158 3673 1220 3726 toto
1243 3683 1307 3742 epus
1328 3664 1468 3726 corrritatu
1480 3686 1491 3738 ς
1513 3670 1563 3745 qui
1596 3686 1651 3728 non
1673 3671 1733 3731 sine
1766 3688 1876 3750 magno
1896 3690 1942 3733 eo·

1157 3785 1225 3827 rum
1247 3765 1431 3827 incommodo
1466 3770 1576 3829 reversi
1600 3780 1667 3830 sunt
1699 3769 1737 3829 ad
1759 3771 1893 3843 Urbem,
1911 3790 1942 3832 eo

1157 3869 1225 3945 quia
1247 3866 1343 3927 adbuc
1363 3864 1456 3943 jejuni
1478 3878 1570 3928 erant.

1196 3968 1345 4029 Dominica
1368 3966 1413 4050 (P)
1425 3969 1517 4047 prima
1530 3969 1687 4043 Adventus,
1710 3970 1740 4031 Ξ.
1768 3970 1940 4045 decembris,

1156 4069 1192 4130 ll.
1210 4067 1244 4130 P.
1264 4068 1298 4129 Ι).
1312 4069 1535 4130 bartholomeus
1546 4067 1641 4149 Episc.
1655 4069 1882 4150 Segrobicensis,
1894 4089 1937 4152 pa·

1156 4170 1217 4230 latii
1237 4167 1291 4230 SS.
1311 4171 1425 4231 Domini
1447 4169 1480 4230 ti.
1496 4172 1634 4249 magister
1649 4171 1766 4243 domus,
1776 4173 1806 4231 in
1819 4173 1938 4253 cappella

1156 4265 1269 4346 majore
1288 4270 1390 4330 Palatii
1408 4271 1483 4350 apud
1505 4272 1645 4333 Sanctum
1663 4272 1785 4332 Petrum
1820 4272 1941 4333 cantavit

1155 4372 1282 4447 Missam,
1299 4373 1375 4455 Papa
1389 4386 1417 4435 et
1428 4374 1627 4436 Cardinalibus
1639 4374 1849 4455 praesentibus.
1856 4375 1940 4441 Finita

1158 4474 1244 4534 blissa
1261 4473 1315 4535 SS.
1334 4474 1370 4534 D.
1393 4473 1427 4535 lV.
1449 4475 1477 4534 in
1496 4475 1568 4536 solio
1584 4474 1683 4536 sedens
1698 4475 1841 4537 benedixit
1856 4492 1940 4535 unum

1155 4595 1262 4649 ensem,
1279 4594 1324 4636 me
1339 4577 1434 4656 ipsum
1451 4587 1574 4651 tenente,
1594 4588 1623 4638 et
1643 4576 1755 4638 crearit
1773 4578 1803 4636 in
1825 4578 1939 4638 militem

1156 4674 1254 4736 Sancti
1265 4676 1344 4736 Petri
1356 4674 1392 4734 Ι).
1403 4676 1545 4737 ΤΙιοιιιειιι
1558 4676 1593 4738 de
1607 4676 1795 4750 llinerbettis,
1808 4678 1942 4739 ciremet

1155 4774 1313 4839 Oratorem
1333 4778 1545 4863 Florentinum5
1558 4789 1587 4841 et
1601 4779 1744 4841 consuetis
1765 4776 1942 4840 caerimoniis

1154 4878 1271 4941 donarit
1290 4881 1317 4941 ei
1339 4897 1430 4939 unum
1451 4882 1567 4959 signum
1588 4899 1657 4941 cum
1689 4881 1784 4941 tribua
1806 4881 1902 4960 perlis

1197 4976 1416 5064 redemptore,
1430 5000 1482 5061 per
1494 4990 1608 5061 portam
1617 4981 1794 5042 Viridariam
1812 4982 1942 5042 intrare·

1154 5090 1224 5140 runt
1234 5080 1344 5143 Urbem
1357 5091 1482 5159 quatuor·
1497 5078 1636 5143 Oratores
1642 5082 1808 5156 lanueuses,
1820 5084 1838 5143 i.
1854 5105 1879 5144 e.
1892 5082 1942 5142 Ja-

1153 5183 1243 5245 cobus
1259 5182 1379 5263 Spioola
1397 5184 1549 5262 utriusque
1560 5177 1639 5263 juris
1658 5183 1781 5259 Doctor,
1799 5182 1943 5246 lebannes

1152 5285 1282 5364 baptista
1302 5284 1452 5356 adamus,
1467 5284 1575 5345 Paulus
1585 5286 1620 5348 de
1635 5285 1741 5357 Fusco,
1756 5296 1786 5345 et
1802 5284 1941 5347 Silvester

1152 5385 1256 5448 lnurea
1274 5386 1351 5447 eires
1366 5384 1523 5446 lanuenses
1533 5387 1583 5464 qui
1599 5405 1616 5446 a
1630 5384 1746 5446 familiis
1760 5384 1817 5446 88.
1829 5386 1944 5447 [lomim

1191 5619 1226 5681 (²)
1242 5615 1334 5678 incipit
1353 5617 1393 5666 bic
1410 5616 1495 5667 codex
1506 5618 1608 5667 bibliot
1625 5616 1845 5681 llagliabecbiaa.

1195 5699 1234 5760 tt)
1250 5696 1353 5747 ‘textus
1369 5695 1480 5747 Eccardi
1497 5698 1539 5747 bic
1555 5696 1657 5748 initium
1675 5697 1767 5748 babet.
