4492 6859
299 622 409 708 (ruo)

300 776 348 825 lus
370 781 451 823 more
471 760 555 822 solito
579 761 656 822 venit
669 760 705 819 ad
727 762 886 841 cappellam
906 762 1085 842 praedictam

298 875 357 926 ete.
385 863 485 926 Missae
515 862 585 923 huic
606 862 735 922 interfuit
757 865 792 924 b.
814 866 955 925 Antonius
977 865 1086 925 Orator

299 962 477 1044 Neapolitani
493 960 581 1041 Regis
602 963 632 1021 in
653 964 718 1024 ioco
738 983 792 1024 suo
806 967 891 1025 solito
910 976 1086 1036 stans‚sen-

298 1066 386 1125 tentia
402 1074 504 1124 contra
525 1062 680 1123 Dominum
701 1082 786 1124 suum
805 1064 913 1144 Regem
936 1076 968 1124 ut
997 1081 1085 1144 supra

297 1164 516 1225 nonobstante.

341 1265 508 1338 Dominica,
536 1260 644 1324 decima
666 1265 750 1325 tertia
771 1266 873 1327 mensis
900 1265 1085 1345 septembris,

271 1404 273 1408 ι
297 1365 372 1426 bura
393 1366 524 1437 decima,
547 1366 591 1425 rel
614 1364 714 1437 circa,
734 1385 787 1445 per
809 1377 922 1446 portam
944 1365 1085 1427 Viridarii

297 1464 446 1525 intrarunt
458 1464 566 1525 Urbem
577 1462 889 1542 Magnificusllominus
898 1467 1085 1528 Gullr'elmus

298 1566 337 1625 de
354 1563 507 1626 Pilbonio
521 1565 614 1635 miles,
633 1562 743 1625 Orator
760 1566 939 1627 Serenissimi
953 1566 1086 1626 Franco·

297 1684 368 1725 rum
404 1662 513 1743 Regis,
553 1665 600 1724 cui
635 1676 776 1726 venerunt
811 1666 925 1726 obviam
961 1666 1084 1726 iamiliaa

296 1764 571 1826 bituminosam
590 1763 778 1845 Neapolitani,
797 1764 1029 1844 Andegavensis‚
1049 1765 1084 1824 de

297 1868 393 1940 Fuso,
406 1879 434 1928 et
452 1868 487 1928 de
508 1866 629 1928 Sabellis
639 1866 846 1936 cardinalium,
861 1878 888 1927 et
911 1866 968 1926 SS.
990 1867 1024 1925 D.
1048 1864 1083 1926 N.

297 1962 396 2042 Papae
404 1984 415 2034 3
428 1979 462 2023 ae
475 1959 615 2022 Oratores
631 1962 744 2040 Regum
759 1963 909 2036 Franciae,
923 1962 1084 2039 Hispaniae,

296 2061 499 2141 Neapolitan,
519 2063 634 2122 [lucum
667 2062 764 2121 billani
786 2074 814 2122 et
842 2061 1018 2134 Ferrariae‚
1048 2079 1082 2121 ac

296 2162 473 2224 biarehionis
492 2164 732 2235 bioniarratensis,
752 2175 781 2223 et
795 2165 888 2242 ipsum
903 2172 1083 2241 receperunt,

295 2282 332 2324 ae
354 2263 478 2324 medium
513 2263 586 2323 inter
616 2264 861 2342 archiepiscopum
887 2262 1082 2323 Arelatensem

294 2377 325 2426 et
354 2365 519 2444 episcopum
541 2365 751 2425 Toroocensem
770 2363 805 2423 ad
827 2363 981 2442 hospitium
1007 2381 1082 2424 suae

295 2464 503 2537 habitationis,
524 2465 652 2525 videlicet
673 2464 710 2522 ad
731 2463 808 2525 Solis
829 2465 976 2525 tabernam
995 2460 1080 2539 juxta

296 2563 440 2644 Campum
461 2564 576 2637 Florae,
598 2566 775 2624 associarunt
793 2583 873 2625 more
894 2575 1038 2625 consueto.

339 2664 392 2724 iiis
411 2664 526 2738 diebus,
557 2664 689 2724 videlicet
715 2675 797 2725 noete
829 2673 964 2742 sequente
986 2664 1081 2724 domi·

294 2764 377 2825 nicae
388 2760 477 2839 hujus
496 2766 598 2825 mensis
613 2764 795 2843 septembris,
808 2765 973 2824 Dominicus
985 2763 1080 2843 bingi-

294 2878 356 2926 ster
378 2865 498 2926 Gentilis
517 2864 551 2927 de
575 2864 703 2925 viterbio
723 2864 860 2944 Scriptor
879 2864 1078 2942 Apostolicus,

295 2965 470 3026 Franciscus
488 2964 622 3025 Maliente
643 2964 805 3025 Canonicus
826 2964 1031 3024 Foruliviensis
1051 2974 1081 3024 et

297 3066 449 3128 Conradus
469 3076 497 3127 et
512 3065 610 3127 deinde
631 3066 756 3145 baptista
776 3065 930 3151 deSpello
944 3063 1079 3126 Notarius

300 3168 440 3228 Gamerae
471 3167 667 3245 Apostolicae,
697 3164 870 3225 Laurentius
898 3164 1080 3243 Signoreltus

298 3267 434 3347 Soripmr
449 3267 477 3325 in
490 3266 625 3344 Registro
640 3265 805 3337 Brrllarum,
815 3277 844 3326 et
858 3264 1079 3326 bartholomeus

297 3366 421 3428 Budello
441 3365 622 3425 Procurator
643 3364 900 3436 Poenitentiarine,
918 3366 1079 3425 successive

296 3471 373 3547 capti
395 3468 512 3527 suerunt
527 3476 555 3525 et
577 3465 604 3524 in
623 3465 725 3525 Castro
744 3465 843 3526 Sancti
858 3466 959 3543 Angeli
975 3465 1078 3525 detenti

294 3585 352 3647 pro
372 3565 565 3626 falsificatione
584 3567 746 3626 litterarum
768 3565 989 3646 apostolicarum
1006 3584 1078 3643 quae

296 3670 363 3746 ipsis
376 3667 579 3746 imputabatur.
592 3666 730 3725 Dominus
740 3667 906 3726 Dominicus
914 3665 1077 3745 praedictus

294 3769 441 3828 consessus
462 3778 504 3828 est
525 3786 555 3826 se
577 3766 693 3826 circiter
718 3768 924 3845 utrinquaginla
946 3768 1077 3840 litteras,

294 3872 356 3932 sire
377 3870 467 3931 bullas
488 3868 682 3946 apostolicas,
702 3869 836 3926 materias
857 3865 985 3924 diversas
1006 3883 1079 3926 cun·

302 3974 437 4040 tinentes‚
457 3966 651 4027 falsificatione
672 3963 835 4024 falsificasse
854 3964 908 4024 hoc
920 3963 1078 4034 modo,vi·

294 4071 413 4132 delicet:
424 4067 564 4127 Dominus
577 4064 750 4125 Franciscus
766 4064 950 4142 perquirebat
965 4064 1077 4141 negotia

298 4164 490 4247 expedienda,
510 4177 539 4225 et
560 4182 626 4224 cum
648 4163 777 4242 partibus
799 4163 832 4223 de
859 4164 950 4243 prelio
971 4182 1079 4227 conve·

294 4268 405 4338 nichol,
417 4264 493 4344 quod
511 4266 607 4324 daturi
627 4275 718 4324 essent
735 4275 798 4342 post
820 4264 970 4324 literarum
990 4283 1078 4345 expe·

293 4370 431 4428 ditionem
446 4389 455 4439 3
476 4366 660 4427 conventione
678 4365 764 4436 iacta,
778 4374 807 4425 et
825 4365 892 4424 dato
903 4385 954 4444 per
966 4378 1076 4446 partem

295 4469 350 4530 sibi
373 4470 467 4528 Bnneo
483 4466 517 4527 de
537 4464 673 4526 solvendo
689 4477 861 4526 conventum
877 4465 1011 4545 expeditis
1026 4468 1076 4526 lit·

297 4571 368 4630 teris
387 4581 416 4629 et
435 4569 532 4628 Banco
565 4566 770 4645 praesentatis,
792 4565 891 4628 deinde
915 4567 1078 4646 expediebat

296 4689 384 4731 unam
404 4668 621 4749 expectativam‚
634 4668 677 4725 rel
690 4666 775 4725 aliam
798 4685 859 4727 rem
871 4667 983 4727 facilem
997 4670 1076 4746 regia

296 4790 348 4849 per
372 4771 464 4829 omnia
486 4767 577 4827 officio
589 4788 600 4839 3
623 4783 679 4844 qua
696 4766 835 4845 expedita,
858 4766 995 4827 Dominus
1015 4768 1077 4828 Do·

295 4873 417 4931 minieus
449 4867 612 4949 praedictus
639 4885 706 4927 cum
739 4878 817 4927 cerm
851 4885 926 4945 aqua
962 4869 1077 4929 lavabat

293 5127 434 5190 Goplleimo
450 5126 477 5176 di
499 5125 603 5176 Poitiers
619 5126 740 5176 da’Cooti
759 5126 784 5175 di
806 5128 939 5177 Sanualier
955 5126 997 5177 del
1014 5127 1076 5178 Del·

298 5206 386 5264 nuato,
404 5207 549 5255 incontrato
561 5204 628 5253 dalla
645 5204 755 5267 iamiglia
772 5204 798 5255 dl
816 5206 890 5267 quasi
908 5208 966 5255 tulli
983 5207 990 5254 i
1010 5208 1075 5256 Car·

295 5284 480 5347 dinali‚degli
498 5283 750 5338 ambasciatores..
770 5296 784 5332 ε
807 5285 832 5331 vi
855 5282 923 5331 ando
951 5286 1034 5333 auehe
1057 5287 1074 5334 il

295 5373 439 5423 medesimo
456 5369 647 5419 ambasciatores
658 5369 684 5419 di
694 5369 800 5431 uapor,
818 5374 858 5417 ma
870 5371 957 5429 (come
974 5382 1074 5431 oguuno

295 5454 317 5501 si
335 5451 388 5513 pud
406 5449 614 5512 imaginaraicol
630 5460 709 5498 cuore
725 5453 863 5505 tremente,
874 5446 965 5510 poiche
977 5460 1074 5509 serieve

294 5531 348 5580 ebe
377 5530 473 5578 renisa
499 5541 547 5591 per
573 5528 621 5578 dar
647 5529 733 5576 calore
750 5528 798 5576 ailo
815 5539 878 5577 cose
895 5527 937 5577 del
953 5526 1037 5590 Papa,
1059 5540 1074 5579 e

294 5611 457 5661 combatterc
474 5623 521 5672 per
538 5610 573 5659 lui
590 5613 683 5661 contro
699 5607 741 5658 chi
757 5608 861 5660 volasse
878 5608 1072 5673 oltroggiarlo.·

295 5691 341 5753 Op.
358 5690 410 5748 cil,
422 5689 485 5752 'pop
503 5692 539 5739 tt.

767 619 1046 687 connutritus
1067 622 1289 689 muocumu
1307 622 1458 687 octavu
1876 625 1934 685 ibi

1154 779 1268 824 omnem
1297 763 1471 841 scripturum
1504 760 1599 821 bullae
1635 762 1680 823 rel
1714 762 1793 821 illum
1824 775 1936 844 partem

1155 880 1243 940 quam
1266 862 1390 934 nolebat,
1411 873 1439 922 et
1464 861 1653 941 reapparabat
1667 873 1776 922 cartem
1798 883 1865 926 cum
1886 866 1934 925 io·

1154 962 1219 1022 rina
1240 974 1268 1023 et
1289 962 1394 1021 iterum
1410 961 1524 1040 rigabat
1543 980 1617 1035 eam,
1638 973 1668 1022 et
1687 964 1831 1025 scribebat
1854 967 1885 1024 in
1902 984 1936 1027 ea

1154 1074 1252 1142 postea
1271 1063 1349 1123 illam
1371 1062 1537 1135 materiam,
1553 1063 1588 1123 de
1603 1063 1666 1141 ‘qua
1687 1062 1825 1125 Dominus
1841 1066 1936 1125 Fran-

1155 1165 1247 1224 ciscus
1269 1180 1336 1223 cum
1354 1174 1436 1243 parte
1457 1163 1654 1237 conveniebat,
1664 1161 1784 1224 dimissis
1804 1166 1832 1224 ln
1856 1165 1935 1227 bulla

1154 1262 1316 1322 nominibus
1338 1262 1553 1330 rescribendarii
1588 1274 1838 1344 computaturum,
1852 1275 1880 1325 et
1901 1284 1937 1324 a·

1154 1361 1263 1423 liorum
1283 1363 1467 1437 officialium3
1489 1363 1536 1424 sed
1557 1374 1651 1424 taram
1666 1365 1779 1444 saepius
1794 1365 1935 1440 mutabat,

1154 1474 1181 1521 et
1190 1462 1311 1541 ponebat
1321 1464 1406 1521 aliam
1421 1507 1429 1535 ‚
1448 1463 1747 1526 aeclrndummateriae
1759 1467 1934 1543 qualitatem3

1154 1560 1275 1622 babebat
1296 1563 1380 1622 etiam
1392 1560 1539 1623 diversum
1557 1565 1764 1638 inclaustrum3
1780 1564 1853 1624 illud
1868 1582 1936 1624 cum

1153 1679 1211 1739 quo
1239 1665 1362 1742 primam
1388 1663 1538 1729 materiam
1561 1665 1607 1723 via
1634 1666 1712 1744 regia
1733 1664 1933 1744 expediendam

1152 1762 1305 1834 scribebat,
1319 1774 1382 1822 erat
1403 1761 1510 1822 iactum
1526 1763 1635 1843 gummi
1650 1767 1693 1826 vel
1711 1783 1777 1825 cum
1792 1767 1848 1826 alia
1865 1784 1932 1825 ma·

1154 1865 1235 1936 teria,
1259 1863 1308 1923 sed
1330 1873 1407 1923 certa
1427 1864 1660 1943 incorporatum3
1683 1865 1732 1926 sed
1756 1864 1852 1938 aliud,
1868 1883 1935 1925 cum

1152 1980 1211 2040 quo
1236 1964 1345 2023 bullam
1373 1963 1505 2023 abrasam
1530 1964 1695 2039 scribebat,
1716 1976 1779 2027 erat
1808 1965 1934 2038 bonum3

1150 2062 1247 2141 sicque
1269 2063 1361 2124 bullas
1382 2059 1545 2124 falsificatus
1563 2064 1694 2145 partibus
1708 2064 1819 2124 dabant.
1837 2064 1935 2144 Expe-

1151 2163 1284 2224 direrunt
1306 2176 1414 2236 autem,
1433 2185 1449 2223 a
1471 2164 1582 2224 duobus
1605 2167 1684 2226 annis
1699 2164 1789 2238 circa,
1804 2165 1935 2225 diversas

1152 2264 1294 2336 materias,
1317 2262 1464 2336 videlicat3
1488 2262 1703 2343 dispensationes
1723 2263 1759 2322 od
1780 2281 1869 2323 unum
1887 2264 1934 2324 sel

1150 2364 1207 2423 duo
1231 2366 1354 2425 borreto
1381 2360 1426 2445 (l)
1448 2381 1501 2443 pro
1522 2364 1674 2426 Fratribus
1690 2361 1833 2424 Ordinum
1850 2363 1933 2423 ilien-
1964 2413 1966 2419 .

1149 2465 1321 2537 dicentium3
1333 2464 1448 2523 uniones
1462 2464 1623 2523 multorum
1635 2462 1837 2523 beneficiorum
1851 2480 1933 2522 tuen-

1149 2565 1227 2623 sibus
1237 2563 1430 2623 Abbatialibus
1441 2580 1509 2622 eum
1521 2562 1632 2623 indulto
1647 2562 1681 2623 de
1695 2561 1820 2641 regendo
1834 2580 1866 2622 ea
1875 2581 1927 2641 per

1149 2665 1225 2725 vices
1245 2663 1280 2723 ad
1303 2675 1405 2723 nutum
1426 2663 1609 2736 amoribiles3
1627 2662 1861 2742 dispensationem
1878 2680 1934 2740 pro

1149 2765 1273 2843 quodum
1289 2765 1458 2845 presbytero
1469 2762 1706 2842 Rothomagensis
1717 2763 1869 2835 Dioecesis,
1882 2763 1935 2840 qui

1149 2884 1268 2927 uxorem
1290 2865 1430 2937 drrxerat,
1451 2863 1529 2943 quod
1549 2876 1643 2943 posset
1663 2881 1727 2924 eam
1749 2863 1872 2923 retinere
1893 2864 1933 2923 li·

1147 2967 1224 3039 cite3
1245 2979 1273 3028 et
1295 2967 1384 3026 multa
1398 2965 1463 3037 alia,
1475 2982 1530 3044 pro
1551 2965 1655 3042 quibus
1674 2963 1828 3042 aliquando
1848 2963 1932 3025 etiam

1149 3084 1188 3141 m,
1197 3078 1375 3140 cc.,ccn.‚et
1387 3066 1445 3127 diro
1457 3067 1534 3126 milia
1546 3066 1644 3126 ducat.
1657 3075 1834 3145 receperant,
1846 3075 1933 3144 prout

1147 3168 1174 3228 in
1186 3185 1322 3247 processu
1334 3177 1433 3227 contra
1450 3186 1497 3226 eos
1513 3167 1642 3227 instituto
1663 3168 1835 3228 continetur.
1851 3166 1931 3226 ldem

1147 3273 1231 3329 eliam
1248 3268 1390 3328 consessus
1411 3277 1453 3327 est
1474 3265 1637 3346 praedictus
1655 3266 1794 3325 Dominus
1809 3266 1933 3326 Franci-

1146 3386 1223 3439 scus‚
1245 3368 1296 3446 qui
1317 3366 1413 3437 ambo,
1439 3366 1484 3427 die
1515 3366 1679 3426 Dominicae
1697 3365 1806 3425 decimo
1827 3376 1930 3426 octava
1974 3421 1984 3439 ,

1146 3468 1283 3538 octobris,
1304 3470 1382 3527 circa
1414 3465 1516 3525 horum
1545 3465 1711 3543 vigesimam
1730 3465 1865 3544 primam,
1891 3482 1926 3524 ex

1146 3568 1249 3629 Castro
1269 3567 1417 3646 praedicto
1434 3567 1513 3627 ducti
1544 3579 1611 3627 sum
1639 3566 1675 3625 ad
1706 3566 1827 3626 Turrim
1853 3564 1923 3625 Sol·

1148 3670 1232 3739 dani,
1254 3678 1394 3752 eiusque
1415 3668 1443 3726 in
1466 3668 1547 3727 illum
1577 3667 1673 3727 locum
1697 3666 1883 3727 crediderunt
1900 3685 1929 3726 se

1147 3771 1183 3830 ad
1207 3771 1341 3830 ultimum
1356 3769 1527 3848 supplicium
1538 3787 1598 3829 esse
1612 3767 1766 3828 ordinatos.
1782 3765 1854 3826 Nam
1865 3768 1931 3825 Au·

1145 3875 1221 3936 ditor
1233 3872 1382 3942 Gamerae,
1402 3870 1550 3948 episcopus
1564 3867 1765 3939 Cesenateusis,
1779 3878 1807 3926 et
1828 3866 1930 3925 [lomi-

1145 3993 1200 4034 nus
1213 3973 1433 4033 bartholomeus
1454 3967 1606 4047 erlpiens
1626 3967 1867 4027 Prothonotarius
1884 3965 1929 4023 t-

1147 4076 1301 4156 postolicus
1313 4071 1400 4134 Urbis
1412 4069 1666 4146 Gubernator,qui
1678 4085 1712 4128 ex
1723 4067 1815 4127 olitciu
1828 4076 1929 4125 contra

1145 4196 1193 4238 eos
1214 4182 1426 4254 processerunt,
1447 4168 1602 4228 Francisco
1628 4166 1773 4247 praedicto
1797 4166 1930 4226 dixerunt

1146 4263 1224 4353 duod
1245 4276 1268 4333 si
1290 4274 1361 4332 alios
1380 4270 1534 4350 complices
1553 4277 1714 4339 accusaret,
1734 4266 1789 4327 SS.
1811 4266 1837 4325 D
1869 4264 1930 4326 No-

1145 4388 1204 4436 ster
1226 4374 1279 4434 sibi
1309 4375 1395 4433 vellet
1413 4372 1539 4431 cilicium
1560 4368 1775 4430 Abbreriatoris
1798 4367 1925 4439 donare,

1145 4487 1173 4537 el
1191 4477 1282 4556 ipsum
1305 4474 1427 4533 liberum
1444 4470 1587 4530 dimittere
1593 4490 1603 4541 3
1623 4466 1699 4547 quod
1721 4468 1768 4528 ilie
1782 4468 1928 4527 iacturum

1145 4576 1276 4649 credidit,
1289 4586 1317 4638 et
1328 4572 1507 4654 supradictos
1525 4582 1553 4631 et
1572 4572 1670 4650 plures
1685 4570 1754 4629 alios
1770 4568 1928 4627 accusarit:

1144 4693 1172 4740 et
1193 4697 1247 4760 pro
1268 4677 1390 4739 Domino
1412 4672 1569 4743 Dominico,
1585 4683 1666 4751 pater
1678 4670 1738 4749 ejus
1751 4671 1801 4747 qui
1822 4668 1876 4729 SS.
1893 4669 1929 4727 D.

1145 4780 1280 4842 llostrum
1310 4779 1338 4837 in
1366 4779 1457 4856 prima
1475 4770 1538 4849 ejus
1560 4771 1723 4831 infirmitate
1730 4811 1923 4829 .......

1144 4881 1282 4954 curavit,
1303 4892 1332 4941 et
1351 4879 1457 4938 iratres
1479 4875 1536 4934 duo
1560 4875 1603 4934 sui
1635 4872 1712 4952 apud
1745 4870 1925 4940 cardinales,

1144 4996 1171 5044 et
1189 4983 1260 5043 alios
1280 4988 1408 5060 polentes
1430 4977 1456 5035 in
1480 4976 1560 5038 Urbe
1582 4975 1686 5055 positos
1714 4990 1763 5030 sua
1786 4968 1929 5028 instantis-

1143 5087 1213 5145 sima
1232 5086 1461 5145 intercesserunt.
1479 5077 1535 5137 Sed
1551 5077 1647 5135 nullus
1666 5072 1720 5132 SS.
1736 5071 1771 5130 t).
1787 5069 1926 5130 Nostrum

1142 5185 1233 5267 potuit
1251 5183 1373 5245 flectere.
1395 5179 1455 5253 Eis,
1466 5189 1614 5259 postquam
1629 5176 1656 5235 in
1673 5172 1762 5235 Turri
1782 5170 1927 5252 praedicta

1143 5287 1287 5348 constituti
1316 5284 1454 5353 scierunt,
1487 5280 1649 5338 nuntiatum
1681 5273 1737 5334 luit
1771 5271 1848 5351 quod
1877 5270 1925 5333 die

1143 5388 1265 5451 crastina
1288 5385 1422 5446 morituri
1444 5389 1546 5444 essent.
1562 5379 1719 5456 Propterea
1740 5374 1791 5434 sibi
1812 5371 1926 5433 denni-

1153 5536 1196 5544 ..-

1183 5604 1218 5662 (tl
1233 5602 1259 5650 ln
1277 5599 1424 5650 narratione
1440 5594 1551 5647 vialardi
1569 5591 1684 5653 diruente
1699 5589 1784 5640 ‹l'ooo
1800 5601 1812 5639 a
1828 5586 1925 5649 piribe-

1143 5683 1229 5746 rtcfleii.
