4492 6859
293 634 335 695 90

772 627 1054 695 runttrtctrtts
1074 623 1298 696 tttn'octidttt
1319 623 1471 688 octavi.

1834 618 1946 702 (ann

293 768 529 848 archiepiscopus
538 765 579 850 (i)
589 765 820 838 llerlordiensis3
836 776 897 824 tum
910 764 1082 825 Arelatensis
1147 762 1238 822 ctioni
1257 761 1455 823 Romanorum
1477 757 1671 838 imperaturis·
1687 754 1879 836 Quapropter
1895 775 1944 818 er·

295 880 324 927 et
355 880 420 946 past
450 887 518 929 eum
547 866 690 928 secundus
711 863 844 937 Orator;
870 865 911 924 sic
944 864 979 923 de
1009 863 1082 922 aliis.
1149 881 1248 923 rorem
1270 880 1355 922 suum
1376 860 1553 922 emendabat.
1586 858 1631 920 tt
1662 876 1735 936 quae
1766 858 1827 917 88.
1849 856 1888 920 Ι).
1909 856 1942 918 Ν.

294 966 597 1028 Permiseramautem
619 966 697 1044 quod
718 966 952 1043 archiepiscopus
970 963 1082 1023 Cusen·
1150 963 1221 1021 nihil
1253 962 1424 1040 respondit,
1454 960 1504 1021 aad
1525 970 1701 1038 procurator
1724 957 1860 1029 fiscalis,
1894 961 1945 1035 qui

296 1068 422 1138 tinensis‚
443 1068 534 1127 affinis
551 1066 607 1125 SS.
628 1066 664 1124 l).
685 1064 732 1134 Ν.,
752 1064 911 1124 seeundum
924 1061 1082 1122 Oratorem
1145 1061 1228 1140 jussu
1244 1080 1308 1121 men
1318 1061 1430 1139 jamdiu
1452 1069 1609 1137 rogaverat
1629 1058 1945 1121 Prothunotariosete.

293 1167 471 1236 associaret,
492 1166 540 1225 sed
574 1164 744 1225 contradixit
770 1164 919 1242 episcopus
948 1161 1082 1221 Alaricu-

291 1270 350 1339 sis,
372 1268 468 1326 dicens
489 1267 518 1325 id
539 1286 598 1327 esse
630 1267 754 1325 alliciam
776 1265 965 1324 assistentium
977 1296 992 1334 ,·
1008 1281 1081 1339 pro-

291 1378 390 1447 pterca
409 1367 567 1426 assistentes
582 1366 754 1445 praecedere
771 1365 884 1435 debere,
895 1375 922 1425 et
933 1365 1016 1431 alius.
1031 1364 1080 1439 qui

292 1467 329 1526 ob
350 1466 494 1527 delectum
515 1468 706 1526 assistentium
730 1465 881 1536 venissent,
894 1464 974 1540 sequi
994 1473 1081 1541 prout

290 1576 346 1626 etc.
367 1578 395 1626 ct
419 1585 521 1625 rerum
540 1566 661 1627 dicebat
683 1565 733 1627 Sic
755 1575 819 1643 post
841 1565 1001 1624 assistentes
1029 1579 1081 1620 su·

292 1664 437 1744 pradictus
463 1664 563 1727 babuit
584 1668 711 1744 primurn
734 1668 829 1725 locum
850 1664 1082 1742 archiepiscopus

291 1764 522 1837 Cusentiucnsis,
548 1768 680 1828 similiter
698 1777 726 1826 at
743 1767 892 1845 episeopus
916 1765 1082 1827 Cumatten·

291 1869 329 1924 sis
343 1877 407 1945 post
429 1865 652 1927 Glandaccnsem
676 1869 776 1936 venit,
797 1869 864 1927 iicet
883 1877 957 1927 esset
971 1864 1080 1926 Orator

291 1966 378 2026 Dttcis
400 1966 562 2039 Mediolani,
577 1969 645 2045 quia
667 1968 772 2047 ipsum,
791 1986 847 2028 non
868 1980 898 2027 ut
912 1965 1081 2039 Oratorem,

292 2066 339 2124 sed
362 2077 395 2124 ut
415 2066 581 2145 episcopum
604 2078 715 2126 tantum
738 2071 858 2141 rocavi3
877 2069 926 2128 alii
943 2084 1081 2129 venerunt

291 2166 523 2227 susustinetis
541 2168 694 2227 observata
715 2181 782 2229 strnt
801 2170 897 2228 omnia
914 2188 995 2230 more
1009 2188 1081 2230 con·

291 2279 384 2328 sueto.
404 2264 573 2327 Orationem
589 2269 656 2329 lecit
677 2268 851 2329 Gullielmus
869 2270 956 2330 Prior
976 2270 1081 2330 Eccle-

292 2367 351 2425 siae
365 2366 587 2440 Cnntauricnsis,
605 2370 724 2454 quintus
739 2369 767 2427 ln
786 2369 887 2429 ordine
902 2367 1083 2445 Oratorum3

292 2480 513 2544 praesentarunt
536 2470 633 2528 literas
653 2482 681 2529 et
703 2470 869 2529 mandatum
891 2473 1006 2549 regium
1027 2473 1081 2532 sub

195 2587 202 2603 ·
292 2568 424 2643 pendenti
436 2570 544 2646 sigillo;
561 2571 660 2631 literae
681 2572 779 2649 prius,
796 2569 895 2631 deinde
915 2573 1081 2633 inundatum

295 2671 403 2730 lectum
425 2670 488 2730 luit.

332 2770 417 2832 Faria
438 2783 526 2844 setta,
549 2771 596 2830 ta.
613 2774 680 2831 mail
700 2772 727 2831 in
744 2792 837 2842 mane,
858 2776 886 2834 in
909 2775 1001 2851 prima
1014 2775 1081 2834 aula

292 2871 394 2931 Palatii
416 2872 471 2931 luit
492 2872 640 2949 pubiicum
663 2874 875 2944 consistorium,
897 2876 924 2933 in
948 2893 1006 2952 quo
1022 2885 1081 2934 tres

295 2970 440 3033 Oratores
460 2972 506 3030 lll.
535 2971 672 3032 Uratislai
694 2972 781 3051 Regis
802 2975 934 3035 Bormiae
956 2977 1082 3053 praesti-

291 3084 393 3157 terunt
424 3073 610 3133 obedientiam
643 3074 755 3133 solitam
782 3086 811 3134 et
838 3076 959 3134 debitam
991 3087 1082 3155 prout

293 3185 486 3235 antecessores
511 3176 555 3233 sui
583 3175 716 3235 Buemiae
737 3175 830 3254 Reges
856 3176 1078 3254 praestiterant:

293 3275 424 3334 associati
457 3275 575 3334 luerunt
595 3295 613 3334 a
634 3276 733 3337 decem
760 3276 893 3355 praelatis
923 3276 1082 3336 assistenti·

293 3368 346 3426 bus
361 3368 449 3428 'more
475 3379 632 3442 consuet03
659 3380 877 3448 praesentarunt
907 3371 1004 3430 literas
1030 3390 1082 3430 re·

292 3470 353 3545 gius
373 3468 570 3541 credentialcs,
588 3482 617 3530 et
631 3470 796 3530 mandatum
811 3473 926 3549 regium
941 3472 994 3530 sub
1010 3490 1082 3550 pen·

295 3568 371 3627 denti
387 3569 494 3645 sigillo,
508 3587 582 3645 quae
597 3570 687 3628 lectae
704 3569 822 3630 luerunt
841 3570 964 3648 publice,
984 3572 1080 3650 primo

297 3668 417 3739 literae,
439 3668 538 3728 deinde
559 3669 745 3729 mundatum:
767 3672 925 3732 orationem
958 3671 1024 3731 lecit
1045 3672 1080 3732 Ι).

295 3767 416 3840 Paulus,
436 3767 538 3829 tertius
553 3767 674 3841 Orator,
689 3771 738 3848 qtri
760 3774 930 3850 capuccium
950 3776 978 3832 iu
999 3784 1082 3833 tran·

296 3885 427 3928 seersum
448 3872 576 3948 portarit
596 3882 733 3948 tanquam
752 3873 943 3933 subdiaconus
964 3884 1082 3952 aposto·

296 3970 391 4039 licus,
412 3988 447 4030 ex
479 3969 630 4049 privilegiu
662 3971 804 4033 Ecclesiae
831 3973 983 4052 Pragensis
1009 3992 1081 4034 con·

255 4140 260 4151 α
297 4086 376 4130 cesso
402 4089 419 4127 a
440 4069 514 4131 Sede
533 4072 707 4148 apostolica,
720 4072 804 4150 ctrjus
824 4074 971 4135 Ecclesiae
989 4076 1082 4136 Prae·

294 4170 552 4247 positns,omnibus
563 4172 773 4250 pontlicalibus
787 4175 914 4252 insigniis
925 4176 967 4235 uti
980 4187 1081 4253 potest3

293 4270 368 4329 lacta
391 4272 571 4346 responsione
592 4292 644 4349 per
667 4274 721 4333 88.
742 4273 777 4332 D.
800 4272 834 4333 Ν.
854 4272 974 4336 Oratori
993 4295 1082 4356 prae·

293 4369 391 4440 dicto,
413 4370 488 4430 idem
503 4370 612 4433 Orator
632 4386 807 4452 protestatus
821 4387 875 4447 est,
890 4378 973 4457 citra
986 4389 1081 4438 tamen

293 4467 489 4547 prejudicium
511 4470 731 4550 cujuscumque,
760 4475 836 4552 quod
857 4477 986 4536 electioni
1018 4477 1082 4538 tto-

295 4573 369 4629 mani
391 4570 549 4644 Pontificis,
561 4573 625 4634 Ser.
644 4573 705 4633 liet
720 4575 852 4636 Boentine
874 4580 1008 4639 interesse
1028 4580 1082 4639 de·

295 4671 387 4744 beret,
408 4684 551 4733 ettamen
578 4676 790 4752 praelectione
812 4678 875 4739 Ser.
896 4678 1082 4739 Maximiliani

294 4771 496 4834 Romanorum
514 4774 601 4851 Regis
615 4792 671 4833 non
680 4775 779 4836 luisset
791 4791 919 4852 t'ocatus3
933 4782 1080 4857 supplica·

293 4873 338 4933 but
352 4885 503 4952 propterea
516 4873 593 4950 quod
606 4874 703 4934 881).
712 4874 745 4935 Ν.
755 4878 880 4939 seribere
898 4880 982 4939 vellet
997 4882 1080 4957 priu-

293 4975 403 5054 ciplbus
426 4974 607 5045 Germaniae,
628 4975 704 5052 quud
737 4979 829 5057 ipsum
855 4977 924 5056 jure
944 4998 998 5039 suo
1024 4998 1080 5040 non

1149 1181 1235 1241 super
1255 1162 1411 1223 obedientia
1433 1174 1505 1232 etc,
1536 1171 1571 1223 ut
1597 1162 1788 1230 instrumenta
1815 1159 1946 1221 coniice-

1150 1272 1235 1333 rent,
1262 1260 1341 1320 linita
1361 1262 1562 1339 protestatione
1581 1259 1746 1337 praedicta,
1769 1262 1841 1321 illos
1863 1279 1946 1322 more

1150 1364 1234 1422 solito
1256 1363 1389 1438 requirit.
1405 1360 1523 1421 Primus
1537 1360 1698 1421 Oratorum
1719 1360 1947 1440 praedicturum

1150 1465 1277 1541 portavit
1299 1464 1421 1523 carrdam
1442 1464 1578 1543 pluvialis
1599 1463 1682 1524 Punt.
1710 1482 1806 1542 usqua
1828 1464 1870 1523 ad
1893 1482 1945 1544 aa·

1150 1582 1261 1624 maram
1282 1562 1443 1641 Papagalli.

1192 1662 1247 1722 88.
1272 1662 1306 1722 D.
1330 1661 1364 1722 Ν.
1389 1663 1549 1740 intelligens
1570 1664 1615 1723 lll.
1634 1662 1800 1742 Principem
1822 1663 1943 1723 Merca-

1150 1762 1208 1823 lem
1225 1763 1380 1823 Ferrarius
1396 1764 1506 1824 Dncem
1528 1782 1584 1842 pru
1603 1764 1775 1843 complendo
1799 1776 1873 1826 voto
1893 1784 1943 1843 par

1150 1882 1216 1926 eum
1238 1863 1353 1933 entisso,
1372 1863 1407 1923 de
1429 1862 1570 1924 visitando
1590 1868 1757 1945 sepulcrum
1779 1866 1945 1926 Beatissimi

1149 1965 1279 2044 Apostoli
1297 1962 1398 2024 Jacobi
1420 1965 1446 2023 in
1468 1965 1671 2043 Campostalla,
1692 1967 1745 2026 iter
1766 1967 1945 2045 arripuisse,

1150 2065 1292 2125 commisit
1317 2065 1363 2123 lli.
1385 2064 1458 2125 lluci
1484 2065 1632 2125 Mediolani
1654 2086 1706 2146 per
1733 2064 1823 2143 cujus
1845 2066 1944 2125 douai·

1150 2165 1230 2224 nium
1252 2166 1426 2226 transiturus
1451 2176 1514 2226 arnt
1534 2166 1600 2227 Dux
1631 2167 1820 2245 praedictus,
1853 2180 1889 2229 at
1917 2171 1942 2229 ei

1150 2265 1304 2324 transitum
1320 2268 1435 2325 omnino
1455 2266 1643 2345 probiberet3
1659 2269 1749 2346 igitur
1764 2287 1835 2334 cutn
1852 2287 1945 2349 prae·

1150 2363 1227 2424 latus
1257 2365 1323 2425 Dux
1354 2366 1495 2426 Hercules
1527 2368 1718 2428 Mediolanum
1739 2373 1942 2449 pervenisset,

1150 2465 1262 2544 accepit
1282 2465 1377 2525 Breve
1397 2469 1586 2545 apostolicum
1606 2487 1656 2548 per
1677 2470 1755 2546 quud
1770 2470 1829 2529 88.
1849 2471 1889 2530 Ι).
1908 2470 1942 2531 Ν.

1152 2578 1252 2625 rutum
1273 2566 1473 2645 supradictum
1488 2569 1690 2640 commutarit,
1702 2580 1745 2641 ut,
1764 2570 1843 2630 illius
1866 2572 1941 2644 loco,

1151 2665 1247 2724 limina
1264 2667 1469 2744 Apostolorum
1486 2668 1624 2739 risitaret,
1638 2671 1746 2740 solans,
1757 2688 1792 2728 ex
1805 2671 1941 2733 mandato

1152 2765 1183 2824 S.
1205 2766 1249 2835 S.,
1270 2767 1363 2843 ipsum
1378 2763 1488 2827 Ducem
1501 2766 1616 2829 omrino
1631 2768 1814 2830 retrocedere
1825 2770 1940 2842 debere,

1150 2866 1200 2941 qui
1222 2882 1289 2923 cum
1320 2868 1437 2926 circiter
1459 2883 1525 2927 cac.
1552 2868 1696 2945 equitibus
1726 2880 1756 2929 et
1789 2870 1941 2947 quinqua·

1150 2967 1230 3042 ginta
1246 2967 1330 3025 mulis
1342 2967 1476 3033 oneratis,
1492 2985 1547 3045 pro
1561 2969 1663 3029 itinere
1677 2966 1845 3045 hujusmodi
1855 2990 1941 3032 com·

1151 3066 1255 3143 plaudo
1284 3084 1383 3125 secum
1414 3068 1585 3145 assumptis,
1614 3068 1685 3128 illuc
1719 3082 1861 3143 rencrat3
1893 3074 1941 3131 cui

1150 3166 1286 3226 tnandatu
1307 3165 1381 3225 idem
1410 3164 1476 3226 Dux
1497 3185 1601 3246 parere
1629 3170 1726 3229 rolens
1753 3174 1939 3247 retrocessit,

1149 3276 1179 3325 et
1199 3266 1299 3327 eudem
1320 3267 1421 3327 ordine
1437 3279 1517 3330 recta
1535 3272 1582 3327 sin
1599 3288 1700 3330 sersus
1714 3269 1826 3332 Urbem
1843 3274 1938 3345 renit3

1151 3384 1211 3442 qun
1233 3386 1284 3445 per
1308 3367 1361 3429 88.
1384 3367 1421 3429 D.
1442 3367 1476 3427 Ν.
1492 3368 1603 3438 audito,
1617 3369 1761 3429 ordinarit
1783 3369 1816 3430 8.
1834 3370 1866 3430 8.
1884 3373 1940 3432 ali·

1151 3485 1224 3544 quos
1234 3467 1285 3527 sibi
1297 3468 1412 3528 obviam
1425 3471 1537 3530 mittere
1548 3469 1685 3546 usquead
1696 3472 1940 3551 Aquampenden·

1153 3578 1221 3640 tem,
1244 3580 1332 3647 prout
1354 3571 1431 3628 misit
1451 3580 1578 3647 quatuor
1600 3588 1634 3649 et
1663 3572 1722 3629 suis
1743 3574 1891 3633 scutiferis
1911 3586 1940 3635 et

1153 3669 1188 3729 ll.
1211 3668 1244 3727 P.
1267 3669 1300 3729 l).
1324 3669 1562 3730 bartholomeum
1584 3670 1618 3729 de
1640 3669 1765 3730 Mouettis
1789 3671 1939 3751 arehiepi-

1150 3787 1273 3849 scopum
1290 3769 1325 3829 de
1341 3771 1464 3848 vignola
1481 3770 1703 3831 cubicularium
1719 3788 1806 3830 suurn
1822 3773 1938 3851 prima;

1151 3868 1251 3929 deinde
1272 3868 1335 3928 llll.
1367 3872 1395 3927 in
1418 3868 1537 3930 Christo
1569 3869 1626 3929 PP.
1658 3870 1721 3930 tlt).
1748 3868 1940 3932 Laurentium

1151 3970 1398 4049 archiepiscopum
1419 3971 1674 4043 Beneventanum,
1694 3983 1725 4031 et
1745 3970 1940 4051 Christopltn-

1151 4089 1218 4130 rum
1239 4073 1405 4150 episcopum
1426 4072 1643 4141 Cortonenscnr,
1666 4072 1763 4150 palatii
1783 4075 1830 4131 sui
1850 4093 1939 4152 prac-

1151 4170 1234 4243 iatos‚
1245 4173 1296 4249 qui
1318 4184 1498 4232 receserunt
1515 4190 1551 4232 en
1572 4171 1651 4233 Urbe
1668 4172 1714 4232 die
1730 4176 1872 4235 mercurii
1889 4175 1937 4236 ld.

1152 4272 1234 4343 mnii3
1257 4272 1306 4347 qui
1328 4274 1427 4350 ipsum
1443 4270 1545 4332 ibidem
1568 4285 1740 4349 receperunt
1761 4291 1821 4332 non
1843 4285 1938 4335 tamen

1150 4372 1407 4450 processionaliter,
1425 4372 1474 4433 scd
1494 4374 1565 4434 alias
1586 4371 1761 4445 honorilice,
1780 4385 1810 4435 et
1837 4376 1937 4437 deinde

1150 4489 1242 4549 usque
1261 4473 1296 4531 ad
1310 4473 1420 4535 Urbem
1435 4477 1659 4535 associaverunt.
1677 4472 1863 4537 Gubernator
1878 4476 1937 4535 Pa·

1151 4573 1276 4634 trimouii
1296 4574 1362 4635 lecit
1392 4593 1542 4652 expensam
1575 4594 1609 4635 etr
1640 4577 1769 4653 pecuniis
1795 4575 1936 4637 Gamerae

1149 4672 1337 4751 apostalicae.
1357 4673 1409 4735 Die
1432 4674 1543 4746 Martia,
1564 4675 1615 4734 ll.
1637 4677 1715 4747 maii,
1730 4682 1810 4736 circa
1833 4679 1936 4738 boram

1149 4791 1219 4837 xxt.
1251 4775 1549 4853 praesumentum
1579 4777 1700 4835 intrarit
1731 4796 1783 4855 per
1813 4777 1935 4839 Pontem

1149 4876 1294 4945 Mallium,
1315 4888 1340 4935 et
1364 4888 1478 4953 portant
1501 4875 1534 4935 S.
1556 4875 1663 4937 Mariae
1684 4875 1718 4935 da
1745 4874 1870 4956 Populo,
1889 4880 1935 4938 eui

1150 4987 1292 5037 venerunt
1318 4974 1443 5045 obviam,
1465 4996 1517 5054 per
1545 4977 1669 5037 medium
1698 4978 1822 5037 milliare
1853 4989 1934 5039 extra

293 5077 418 5153 privent,
439 5075 488 5134 sed
509 5075 659 5136 admittant
680 5089 734 5138 etc.
763 5079 801 5139 tlt
834 5081 902 5157 quia
929 5092 1081 5140 erraverat
1113 5049 1116 5169 i
1149 5090 1276 5158 pontem,
1297 5076 1420 5137 Senator
1442 5096 1509 5136 cum
1531 5077 1791 5138 conservatoribus
1817 5090 1847 5138 et
1870 5079 1935 5150 aliis

292 5174 320 5234 in
344 5174 509 5253 ltujusmodi
529 5193 580 5234 sua
602 5181 816 5257 propositione,
837 5181 892 5239 dixi
916 5181 1007 5259 ipsum
1029 5201 1079 5240 er·
1147 5178 1280 5240 otrtuibus
1313 5178 1480 5238 ollicialibus
1511 5190 1540 5237 et
1567 5178 1679 5237 civibus
1705 5177 1858 5250 Romanis,
1886 5179 1935 5257 qui

291 5295 369 5338 rasse
383 5279 410 5335 in
425 5276 581 5354 praedicto,
592 5290 745 5359 propterca
757 5280 835 5357 quod
849 5300 980 5341 errorem
993 5300 1078 5341 suum
1147 5290 1299 5357 postquam
1315 5280 1408 5358 ipsum
1425 5290 1607 5356 receperunt,
1622 5290 1835 5340 antecesserunt
1853 5292 1935 5340 extra

293 5378 474 5454 corrigerem
507 5390 535 5438 et
557 5391 624 5439 tunc
647 5381 721 5441 idem
748 5382 783 5441 ll.
814 5379 925 5441 Orator
946 5382 1079 5443 adstatim
1112 5407 1115 5471 p
1146 5381 1301 5452 ordinetu3
1324 5379 1489 5439 ordinatum
1511 5379 1586 5440 enim
1607 5394 1682 5447 erat,
1702 5381 1780 5458 quod
1798 5381 1861 5441 sola
1891 5381 1934 5440 la·

296 5476 442 5536 consessus
459 5490 512 5550 est,
532 5490 560 5539 et
581 5479 650 5539 dixit
671 5501 700 5541 se
721 5498 833 5541 errasse
862 5481 981 5543 dicendo
1002 5482 1078 5558 quod
1112 5475 1115 5518 t
1148 5482 1226 5542 milia
1253 5480 1342 5539 llucis
1370 5497 1424 5538 auo
1455 5479 1555 5540 urdine
1587 5479 1768 5540 antecederet
1801 5479 1934 5552 Ducem,

294 5573 357 5635 llex
378 5577 510 5639 boemiae
538 5581 670 5642 electioni
692 5580 814 5641 Rotnani
834 5581 981 5644 Pontificis
1003 5584 1078 5643 inte·
1112 5607 1114 5623 ι
1147 5581 1176 5641 in
1199 5597 1256 5659 qua
1276 5577 1487 5640 erantcirciter
1506 5596 1673 5649 coctaxxt„
1689 5597 1786 5640 omnes
1804 5580 1931 5642 restibus

294 5694 371 5740 resse
392 5680 529 5754 deberet,
558 5682 607 5743 sed
634 5682 896 5759 rotataedtcers,
918 5685 996 5763 quud
1015 5685 1078 5745 elc-
1108 5632 1114 5733 i
1144 5681 1182 5741 ad
1203 5697 1292 5759 genu,
1311 5679 1348 5740 ad
1375 5680 1523 5743 dexteram
1544 5683 1628 5762 panni
1649 5680 1793 5759 paronatii
1815 5680 1936 5745 obscuri
