4492 6859
295 614 356 677 tuo

293 750 416 823 amatis,
435 750 470 811 ds
502 749 646 822 Sabellis,
667 760 698 809 at
717 749 885 821 Columna,
902 758 932 808 et
958 748 1084 810 Ursinus

292 850 458 929 equitarunt
484 850 616 929 praelato
637 847 785 909 Cardinali
809 848 949 921 obuiam,
983 866 1084 909 versus

292 948 426 1023 Ostiam,
447 968 501 1029 per
523 950 608 1029 plura
628 948 762 1008 miliaria.
787 947 824 1008 tt.
856 947 892 1007 D.
922 946 1083 1007 Cardinalis

292 1049 517 1127 Andegaremis,
529 1047 579 1126 qui
600 1064 657 1108 non
674 1046 746 1109 benc
764 1045 916 1126 dispositus
937 1057 1011 1118 erat,
1028 1065 1085 1106 ro·

293 1152 352 1212 lens
372 1147 556 1208 nihilominus
576 1146 710 1207 eumdem
723 1145 906 1207 cardinalem
923 1146 1084 1207 venientem

293 1249 449 1319 bonorare,
467 1248 608 1325 equitavit
624 1231 659 1305 ad
682 1246 800 1307 domum
817 1245 905 1325 ipsius
921 1245 1084 1306 cardinalis

292 1350 325 1409 S.
348 1348 429 1408 Petri
451 1346 488 1405 ad
509 1346 643 1419 Vincula,
654 1358 683 1407 et
704 1347 743 1406 ibi
765 1363 834 1405 eum
857 1344 1015 1406 venientem
1031 1364 1085 1405 ex-

292 1449 431 1528 pectavit.
474 1446 538 1506 llll.
568 1445 632 1506 DD.
664 1447 714 1507 alii
746 1445 913 1508 cardinales
943 1445 973 1505 in
1004 1446 1084 1508 Urbe

293 1558 466 1628 praesentes,
489 1545 622 1609 videlicet
643 1546 674 1606 S.
696 1547 805 1608 ilarius
826 1547 855 1605 in
870 1546 1003 1613 Partim,
1020 1546 1085 1608 lle-

296 1648 480 1719 diolancnsis,
502 1646 537 1707 de
558 1646 728 1719 Comitibus,
750 1644 923 1719 Parmensis,
943 1645 1084 1721 Senensis,

295 1758 326 1808 et
345 1747 376 1807 S.
396 1747 514 1826 Georgii
533 1744 718 1810 Camerarius
739 1757 963 1809 marcuerunt
983 1747 1008 1806 ei
1029 1745 1086 1807 ob-

294 1849 382 1907 rism.
413 1848 507 1927 lgitur
534 1848 614 1908 circa
637 1847 739 1907 boram
775 1863 886 1907 xxtttr.
921 1846 1086 1926 praedictus

295 1945 457 2006 cnrdinalis
475 1948 553 2007 veuit
574 1946 610 2006 ad
632 1944 664 2006 S.
686 1944 811 2005 l’anlum
828 1963 895 2006 cum
910 1946 965 2004 illis
978 1945 1086 2005 cardi·

296 2046 418 2117 nalibus,
439 2047 489 2124 qui
509 2046 625 2107 obriam
643 2046 767 2118 iverant,
786 2057 814 2106 et
833 2045 888 2106 suit
902 2045 951 2116 ibi,
967 2045 1004 2103 ab
1020 2048 1088 2106 aliis

296 2162 412 2223 quoque
433 2146 656 2218 cardinalibus,
676 2146 726 2223 qui
747 2146 840 2225 ipsum
861 2147 889 2206 in
911 2146 1086 2207 llonasterio

295 2254 525 2322 expectaverant,
553 2256 699 2323 receptus,
726 2256 754 2306 et
774 2245 811 2304 ab
832 2245 966 2306 omnibus
996 2263 1087 2322 usque

296 2342 332 2401 ad
355 2342 473 2403 domum
495 2362 565 2404 suaa
596 2344 775 2405 habitationis
800 2345 836 2404 ad
869 2346 978 2407 Urbem
1005 2364 1087 2405 asso·

298 2445 401 2516 ciratus,
421 2443 552 2521 equitans
574 2446 603 2504 in
624 2446 690 2506 loeo
710 2463 764 2505 suo
784 2463 851 2505 cum
873 2443 909 2503 ll.
929 2444 964 2504 D.
981 2444 1086 2505 cardi·

297 2545 361 2604 mie
375 2543 510 2604 Siderei
531 2554 594 2622 post
613 2544 796 2605 cardinalem
809 2545 1087 2606 Vicccancellarium

298 2653 327 2701 et
359 2640 578 2722 Neapolitanum
587 2665 597 2716 3
626 2642 675 2702 alii
705 2642 874 2704 cardinales
903 2644 1005 2704 ordine
1034 2661 1087 2704 suo

297 2754 360 2820 post
381 2761 459 2816 eum,
479 2761 546 2804 cum
569 2744 763 2821 peruenissent
784 2754 850 2803 ante
868 2742 1087 2821 domumprae-

298 2840 366 2900 dicti
388 2840 550 2904 cardinalis
571 2843 729 2914 venientis,
747 2839 831 2917 juxta
852 2840 998 2901 basilicam
1027 2858 1086 2903 xtr.

297 2940 505 3018 Apostolorum
531 2940 665 3000 locarunt
690 2960 721 3001 se
751 2941 881 3019 ordinate
910 2940 1037 3018 singuli3
1059 2954 1088 3002 et

297 3037 457 3100 cardinalis
474 3038 588 3099 veniens
604 3040 744 3116 equitavit
759 3039 794 3098 ad
810 3041 948 3117 singulos,
967 3041 1088 3118 singulis

298 3141 408 3217 gratias
438 3157 528 3217 agens
539 3161 550 3211 ;
572 3149 758 3200 recesserunt
788 3139 888 3201 deindo
909 3159 1030 3214 omnes,
1060 3153 1089 3203 ct

300 3244 359 3319 ipse
376 3239 495 3299 intrarit
516 3239 634 3299 domum
655 3257 761 3312 suam,
780 3241 809 3299 in
829 3257 885 3318 qua
897 3241 955 3302 fult
973 3241 1010 3300 ab
1024 3243 1089 3300 An·

299 3340 458 3419 degarense
477 3339 582 3399 ibidem
601 3339 737 3399 existente
757 3341 844 3399 etiarn
868 3353 1016 3420 receptus,
1038 3342 1088 3418 qui

298 3442 386 3501 etiam
403 3451 467 3518 post
479 3457 604 3518 patarum
627 3441 753 3513 recessit,
765 3451 793 3500 et
814 3442 851 3499 ad
871 3440 989 3501 domum
1005 3460 1087 3501 suam

299 3539 401 3611 rediit3
417 3550 570 3617 propterea
591 3550 730 3599 renerum
755 3539 870 3599 obvium
892 3534 980 3601 'etiam
1001 3559 1088 3619 prae·

299 3636 357 3697 tato
378 3635 524 3697 cardinali
541 3633 681 3698 Oratores
694 3638 759 3699 Ser.
777 3638 958 3699 blaximiliani
978 3639 1089 3699 Doma-

300 3753 404 3797 norum
426 3736 535 3816 Regis,
555 3748 583 3798 et
602 3736 689 3816 Regis
722 3736 920 3799 Francorum.
952 3738 990 3799 lit
1019 3758 1087 3799 cum

298 3838 449 3918 episcopus
470 3835 664 3898 lescuriensis
688 3835 799 3899 Orator
820 3837 909 3917 Regis
934 3838 1088 3913 Franciae,

298 3949 363 4018 post
383 3936 550 3998 cardinales
567 3938 711 4015 equitans,
724 3939 850 4016 primum
868 3940 962 3999 locum
982 3938 1087 4001 babere

299 4027 396 4112 vcllet,
415 4038 453 4097 D.
473 4037 638 4117 Gregorius
660 4038 694 4100 de
706 4038 814 4111 Turre,
830 4035 1088 4100 Oratorblaximi-

298 4138 379 4210 liani,
400 4141 482 4199 illum
501 4138 598 4200 verbis
612 4137 762 4199 admonuit
780 4148 812 4198 ut
826 4139 951 4211 cederet3
968 4139 1019 4199 illo
1032 4158 1088 4199 no·

300 4240 396 4310 lente,
429 4238 542 4299 tandem
566 4254 633 4297 cum
656 4254 732 4314 equo
753 4239 780 4297 in
802 4255 869 4298 eum
892 4238 1001 4311 irruit,
1030 4256 1088 4315 quo

303 4337 399 4397 adbuc
421 4337 521 4398 cedere
542 4337 665 4409 nolente,
688 4336 802 4398 tandem
824 4356 876 4417 per
898 4339 1088 4416 capuccium,

300 4448 330 4497 et
350 4437 518 4496 mantellum
529 4437 670 4514 arripiens
690 4434 919 4509 bascuriensem,
932 4456 1023 4516 usqne
1035 4457 1087 4498 ex-

260 4520 263 4526 *
302 4548 346 4597 tra
368 4537 499 4598 ordinem
514 4552 619 4622 'secum
641 4536 739 4608 traxit,
760 4548 789 4596 et
810 4537 907 4597 locum
927 4556 980 4616 pro
999 4557 1038 4610 se,
1060 4549 1088 4598 et

300 4638 434 4715 episcopo
446 4634 635 4707 Similicense,
647 4653 682 4695 ac
692 4634 754 4695 aliis
768 4636 825 4694 suis
835 4636 916 4696 sociis
927 4635 1015 4714 Regis
1025 4637 1088 4697 llo-

301 4749 454 4796 mauornm
479 4731 653 4796 Oratoribus
670 4735 796 4807 retinnit,
817 4753 908 4814 usque
921 4736 958 4794 ad
969 4736 1088 4798 domum

301 4836 422 4915 praeisti
442 4833 603 4896 cardinalis
617 4835 762 4895 venientis.
779 4835 928 4906 ceterum,
949 4852 1016 4895 cum
1033 4836 1088 4898 boc

301 4952 384 4997 mane
409 4936 438 4994 in
464 4934 551 4994 lllissa
572 4934 600 4993 in
621 4935 751 5014 cappella
772 4930 885 5010 majore
908 4932 1010 4994 Palatii
1041 4938 1089 4994 in·

301 5053 418 5096 sensnm
440 5034 572 5106 daretur,
592 5034 712 5111 singuiis
732 5032 831 5095 ordine
853 5045 989 5095 consueto
1005 5035 1089 5095 ordi-

302 5138 368 5196 nari
384 5134 531 5195 distribui.
551 5133 799 5195 Viceeamerarius
815 5133 989 5206 obsesses-at,
1010 5136 1088 5213 quod

302 5236 448 5295 incensum
461 5232 579 5294 deretur
592 5229 868 5312 primoOratoribus
880 5232 967 5312 Degis
979 5235 1088 5296 Roma·

301 5351 407 5394 norum
422 5335 450 5393 in
466 5335 530 5394 loco
547 5334 688 5395 laicorum
702 5334 852 5406 stantibus,
869 5344 965 5413 postea
978 5333 1090 5398 Orato-

302 5432 382 5492 ribus
403 5431 518 5512 Regum
533 5434 717 5495 Francorum
743 5445 773 5494 et
795 5433 949 5513 Hispaniae
964 5438 992 5496 in
1019 5438 1090 5498 locis

302 5532 499 5610 praelatorum
521 5532 673 5605 stantibus,
698 5544 844 5610 tamquam
866 5534 960 5595 minua
988 5536 1088 5616 dignis.

772 609 1055 675 Postumus
1076 607 1299 674 tttttocssrrrtt
1319 611 1472 676 OchVl.

302 5630 380 5691 idem
401 5648 456 5710 ego
474 5633 501 5691 in
516 5632 713 5693 distributione
733 5632 812 5710 pacis
829 5632 991 5707 observari,
1012 5635 1089 5712 quod
1156 5666 1309 5717 persuasum
1330 5654 1427 5705 nanum

1836 612 1943 698 ‹raa›

1153 745 1293 809 Oratores
1306 749 1445 828 praedicti
1461 747 1574 827 Regum
1592 749 1777 810 Francorum
1787 761 1819 811 et
1839 750 1945 831 llispa·

1146 848 1214 912 ,niae
1224 866 1312 926 aegre
1327 849 1467 919 tulerunt,
1482 859 1640 909 asserentes
1647 848 1762 928 Regem
1778 848 1946 910 Romanum

1152 966 1208 1009 non
1223 968 1283 1009 esso
1297 949 1489 1027 approbatum
1503 960 1531 1009 et
1538 960 1692 1029 propterea
1708 968 1767 1011 non
1779 949 1946 1009 babendum

1155 1066 1209 1127 pro
1232 1047 1335 1126 Rege3
1356 1067 1391 1107 ao
1414 1059 1477 1126 post
1497 1048 1612 1108 Missam
1634 1048 1827 1110 Sanctissimo
1853 1047 1891 1108 D.
1916 1047 1947 1109 ii.

1152 1147 1186 1209 dc
1208 1166 1254 1207 me
1282 1148 1449 1224 conquaesti
1467 1159 1555 1222 sunt3
1571 1149 1618 1211 sed
1634 1167 1689 1228 pro
1703 1167 1735 1210 ea
1760 1150 1826 1210 ricc
1843 1147 1901 1209 88.
1915 1150 1948 1210 D.

1152 1244 1187 1306 ll.
1205 1245 1275 1305 nibil
1297 1244 1367 1303 mibi
1388 1245 1466 1307 dixit.

1194 1346 1278 1406 Feria
1297 1357 1373 1406 sexta
1388 1390 1397 1419 ,
1415 1346 1518 1406 mensis
1534 1347 1634 1425 aprilis
1654 1363 1712 1421 ιι,
1727 1347 1784 1409 88.
1796 1348 1836 1409 D.
1852 1347 1888 1408 Ν.
1906 1349 1951 1408 di.

1153 1446 1192 1505 uit
1214 1442 1307 1518 mibi,
1328 1445 1426 1525 plnres
1447 1464 1481 1506 ex
1502 1444 1568 1506 llll.
1590 1446 1719 1507 Dominis
1743 1448 1952 1509 cardinalibus

1153 1564 1199 1606 me
1220 1546 1380 1623 inculpasse
1399 1563 1453 1625 pro
1476 1565 1512 1607 eo
1533 1547 1614 1625 quod
1636 1565 1741 1609 rerum
1764 1548 1902 1609 ordinem
1923 1549 1951 1607 in

1152 1639 1247 1699 dando
1268 1637 1383 1698 incenso
1403 1651 1432 1699 et
1451 1658 1521 1717 pace
1536 1640 1674 1701 merrus
1690 1658 1746 1702 non
1767 1642 1950 1702 observare·

1157 1740 1224 1811 rim,
1238 1750 1266 1799 et
1289 1736 1464 1798 Oratoribus
1478 1738 1567 1818 Regis
1586 1738 1787 1807 Rornanorum
1800 1743 1854 1802 illa
1871 1743 1952 1821 prius

1153 1838 1291 1910 dederim,
1310 1856 1396 1915 quam
1418 1838 1601 1900 Francorum
1621 1851 1688 1912 etc,
1704 1842 1771 1901 licet
1788 1840 1868 1901 ordo
1882 1859 1952 1919 cap·

1156 1939 1249 2018 pellae
1264 1937 1300 1996 sit
1311 1938 1388 2014 quod
1405 1938 1486 2015 prius
1504 1938 1589 1998 detur
1605 1940 1740 2017 praelatis
1759 1937 1953 2015 Oratoribus,

1158 2056 1247 2116 quam
1267 2038 1354 2097 laicis.
1379 2035 1522 2117 Respondi
1543 2038 1695 2099 sanctitati
1717 2039 1797 2101 Suae
1819 2041 1951 2102 ordinem

1153 2138 1298 2217 cappellae
1320 2156 1381 2197 esse
1399 2148 1428 2198 et
1447 2149 1524 2198 tanto
1542 2150 1672 2220 tempore
1688 2140 1786 2213 luisse,
1801 2139 1884 2217 quod
1900 2141 1954 2199 vt-

1154 2238 1350 2299 oecamerario
1374 2238 1402 2296 in
1423 2240 1551 2316 cappella
1572 2240 1717 2312 existente,
1729 2256 1797 2299 cum
1820 2242 1872 2302 ille
1889 2243 1954 2318 pri·

1158 2354 1222 2396 mus
1243 2337 1319 2397 inter
1341 2354 1440 2397 omnes
1460 2333 1602 2398 Oratores
1620 2338 1779 2412 babeutur,
1801 2340 1884 2417 quod
1901 2325 1954 2400 'illi

1155 2440 1237 2518 prius
1271 2438 1419 2498 incensum
1448 2437 1547 2498 demus
1567 2450 1597 2499 et
1623 2458 1736 2519 pacem
1757 2439 1861 2499 deinde
1890 2440 1955 2499 aliis

1155 2538 1290 2618 praetatis
1312 2548 1375 2615 post
1397 2555 1464 2597 eum
1491 2539 1643 2611 stantibus,
1655 2536 1846 2609 Oratoribus,
1866 2540 1953 2600 etiam

1155 2641 1178 2697 si
1194 2638 1338 2699 inferioris
1355 2636 1500 2716 Principis
1514 2639 1560 2698 vel
1572 2637 1792 2700 communitatis
1801 2639 1860 2699 sint
1872 2636 1954 2699 Ora·

1156 2747 1255 2809 tores,
1275 2748 1338 2797 tum
1362 2738 1441 2797 lalcis
1471 2737 1655 2799 Oratoribus.
1680 2737 1713 2798 st
1735 2756 1808 2799 vero
1829 2740 1955 2800 vtesea-

1156 2839 1300 2897 merarius
1312 2836 1420 2895 absens
1430 2837 1478 2907 sit,
1490 2849 1579 2916 prout
1599 2856 1690 2917 nuper
1709 2839 1774 2911 suit,
1788 2838 1869 2916 qaod
1882 2849 1954 2899 tunc

1155 2936 1324 3015 adignioris
1340 2936 1427 3014 liegis
1441 2938 1487 2996 vel
1503 2937 1646 3016 Principis
1662 2933 1790 2997 Oratore
1801 2939 1953 2999 incensum

1156 3047 1185 3099 et
1219 3053 1319 3115 pacem
1341 3036 1411 3097 dare
1438 3037 1605 3117 incip²amus
1632 3049 1661 3098 et
1692 3039 1827 3099 omnibus
1847 3040 1877 3098 in
1897 3056 1954 3100 suo

1156 3134 1256 3197 ordine
1289 3134 1431 3196 stantibus
1453 3133 1629 3197 Oratoribus
1650 3137 1768 3212 demus,
1786 3157 1822 3199 ne
1850 3138 1955 3201 totiens

1156 3253 1208 3313 per
1229 3236 1389 3314 cappellam
1424 3254 1533 3314 rogare
1555 3236 1728 3310 rideamm·;
1758 3238 1861 3300 deinde
1892 3240 1956 3300 aliis

1156 3332 1331 3395 Oratoribus
1346 3335 1373 3394 in
1390 3336 1449 3395 alio
1465 3336 1566 3398 ordine
1584 3338 1742 3398 stantibus:
1754 3349 1785 3399 et
1798 3351 1955 3419 propterea

1156 3437 1225 3513 quia
1263 3434 1432 3514 praedictus
1467 3436 1717 3497 Vieeoamerariua
1756 3440 1785 3497 in
1822 3442 1955 3519 cappella

1159 3551 1292 3613 praesens
1325 3551 1381 3593 non
1397 3546 1471 3608 erat,
1491 3537 1625 3615 incepisse
1639 3538 1709 3599 dure
1723 3539 1804 3619 priua
1824 3540 1862 3599 ab
1875 3537 1957 3600 Ora·

1159 3634 1270 3694 toribus
1293 3632 1381 3711 Regis
1404 3634 1527 3694 Roman.
1554 3647 1702 3713 tamquam
1728 3640 1821 3717 magis
1850 3638 1955 3717 dignis.

1156 3732 1303 3793 blandarit
1317 3732 1461 3794 Sanctitas
1475 3735 1535 3795 Sua
1556 3736 1632 3813 quod
1654 3737 1784 3817 deinceps
1804 3739 1956 3799 incensum

1155 3845 1183 3894 et
1194 3851 1294 3913 pacem
1315 3833 1385 3894 dare
1405 3834 1524 3895 debeam
1543 3833 1718 3898 Oratoribus
1733 3839 1871 3917 praelatis
1886 3851 1956 3901 ante

1156 3930 1295 3994 Oratores
1310 3933 1408 4006 laicos,
1423 3953 1550 3994 asserens
1565 3932 1706 3997 Oratores
1723 3937 1837 4016 Regum
1852 3939 1953 3999 Fran·

1156 4032 1218 4092 riae
1240 4044 1268 4091 at
1289 4032 1445 4112 Hispaniae
1476 4033 1702 4096 blaximilianum
1718 4056 1771 4116 pro
1790 4036 1871 4116 Rege
1889 4039 1955 4100 llo-

1159 4150 1312 4193 msnorum
1336 4132 1442 4194 babere
1463 4151 1520 4194 non
1541 4137 1626 4209 velle,
1647 4155 1716 4197 cum
1738 4136 1834 4196 dicant
1855 4138 1952 4217 ipsam

1156 4233 1192 4292 ab
1213 4232 1345 4294 Ecclesia
1368 4231 1497 4293 Romana
1516 4253 1573 4294 noar
1594 4254 1655 4296 esse
1670 4236 1879 4315 approbatum.

1198 4333 1324 4393 Sabbato
1343 4334 1371 4391 in
1394 4333 1486 4406 Albis,
1504 4350 1564 4395 xta.
1582 4337 1683 4396 merasis
1703 4338 1803 4415 aprilis
1819 4336 1848 4397 S.
1864 4338 1902 4399 D.
1916 4338 1951 4400 ll.

1156 4446 1276 4513 paratus
1294 4452 1377 4493 more
1398 4446 1536 4495 comueto
1556 4436 1632 4495 venit
1652 4436 1688 4493 ad
1701 4435 1862 4515 cappellam
1882 4456 1950 4497 ma·

1153 4530 1262 4609 jarem,
1283 4533 1331 4592 ubi
1351 4535 1482 4595 interluit
1503 4533 1605 4614 iliacae
1626 4538 1763 4607 solemni,
1785 4554 1874 4614 quam
1897 4556 1951 4599 ce·

1157 4634 1280 4694 lebrarit
1298 4633 1333 4693 ll.
1348 4634 1380 4693 P.
1399 4634 1435 4693 D.
1449 4633 1677 4714 cbristopborns
1697 4638 1848 4716 episcopus
1869 4638 1951 4699 Cor·

1157 4735 1278 4794 tomensis
1299 4734 1434 4811 magister
1461 4736 1616 4813 cappellae,
1644 4745 1673 4796 et
1693 4755 1749 4797 non
1768 4736 1823 4795 luit
1846 4756 1954 4798 sermo.

1163 4835 1196 4893 ln
1227 4834 1283 4894 bac
1316 4835 1423 4907 blissa,
1452 4846 1603 4914 postquam
1635 4836 1690 4896 88.
1719 4837 1753 4897 D.
1780 4835 1822 4896 Ν.
1851 4856 1956 4900 ascen-

1161 4934 1243 4994 derat
1261 4934 1378 5007 solium,
1403 4934 1476 4995 lter.
1502 4936 1538 4994 D.
1560 4935 1720 4996 Cardinnlis
1744 4936 1780 4997 de
1804 4938 1888 4998 Fuxo
1908 4937 1956 5020 (l)

1158 5035 1301 5106 assistens,
1318 5033 1354 5094 ad
1377 5034 1539 5094 instantiam
1561 5037 1684 5115 episcopi
1707 5035 1742 5096 tt.
1763 5050 1955 5115 conquaestus

1158 5132 1213 5194 88.
1226 5134 1261 5192 D.
1273 5131 1307 5193 D.
1324 5145 1369 5194 est
1387 5134 1464 5212 quod
1497 5132 1658 5219 Gregorius
1679 5136 1714 5198 de
1725 5136 1822 5198 Turre
1841 5135 1954 5199 Orator

1157 5232 1351 5306 Maximiliani,
1370 5236 1421 5311 qui
1443 5235 1471 5292 in
1495 5236 1625 5313 cappella
1645 5247 1719 5309 erat,
1738 5248 1811 5297 esset
1833 5256 1954 5298 excom·

1198 5501 1233 5557 tt)
1250 5498 1395 5547 Cardiualis
1405 5511 1545 5561 cognomen
1557 5506 1614 5549 erat
1631 5501 1666 5551 Da
1678 5500 1762 5565 Foire,⁴
1778 5503 1874 5564 gallico
1891 5516 1952 5554 ser·

1158 5589 1251 5637 moue,
1269 5588 1331 5625 rore
1349 5576 1388 5624 del
1410 5576 1503 5639 Fuso,
1522 5586 1613 5630 auctor
1631 5582 1743 5631 tatinum
1762 5581 1877 5632 reddere
1901 5582 1954 5632 albi
