4492 6859
992 628 1074 693 9⁴
1950 631 2364 696 coactam
2406 630 2610 695 rost·
2656 628 2953 695 stxrom
2991 622 3393 700 ansarum.
3542 603 3561 624 ⁸
4102 620 4156 703 (ι

1000 787 1144 847 quas
1191 770 1248 830 in
1283 769 1442 831 Urbe
1477 768 1754 840 obtinent,
1791 786 1890 829 seu
1924 788 2034 849 pro
2068 779 2326 849 tempore
2366 770 2593 831 obtine·

1001 867 1163 942 bunt,
1212 881 1269 930 et
1311 869 1574 931 similiter
1618 868 1687 930 de
1739 870 1937 931 officiis
1970 870 2147 951 hujus
2183 871 2370 933 almae
2414 870 2592 934 Urbis

1008 968 1293 1029 consuetis
1336 968 1462 1028 dari
1515 969 1740 1030 civibus
1791 971 2045 1031 romanis
2086 989 2198 1031 non
2251 970 2594 1050 providebo,

993 1066 1096 1125 nisi
1144 1067 1277 1144 ipsis
1319 1066 1571 1139 civibus,
1616 1069 1789 1129 etiam
1824 1069 1894 1132 de
1926 1070 2428 1149 prothonotariatu
2471 1071 2590 1133 ca-

995 1166 1195 1241 pitolii,
1224 1183 1337 1227 non
1360 1166 1621 1228 obstante
1649 1166 1776 1246 ejus
1806 1170 2014 1231 unione
2038 1171 2187 1231 saeta
2210 1189 2316 1251 per
2346 1171 2440 1231 sel.
2470 1190 2588 1234 rec.

994 1265 1291 1325 dominum
1336 1266 1563 1327 Sixtum
1593 1266 1810 1349 Papam
1847 1269 2138 1340 Quartum
2177 1271 2584 1351 praedecesso·

996 1384 1119 1427 rem
1156 1365 1556 1448 nostruin(1).

1077 1467 1220 1526 ltem
1250 1510 1267 1538 ,
1306 1484 1441 1526 cum
1483 1484 1756 1547 persaepe
1800 1469 2094 1549 contingat
2125 1470 2468 1531 cardinales
2512 1470 2586 1530 ad

994 1566 1267 1644 palatium
1286 1567 1662 1645 apostolicum
1685 1588 1744 1629 se
1772 1570 2045 1633 conferre
2075 1572 2248 1632 variis
2279 1590 2348 1633 ex
2375 1574 2587 1646 causis,

995 1677 1051 1727 et
1077 1666 1409 1728 Pontificem
1430 1686 1541 1747 pro
1568 1680 1827 1747 tempore
1855 1672 2183 1733 existentem
2210 1684 2587 1754 occupatum,

997 1766 1152 1827 illico
1196 1786 1293 1827 eos
1334 1768 1536 1828 audire
1583 1787 1695 1829 non
1750 1787 1936 1849 posse,
1974 1771 2443 1852 detrahaturque
2473 1792 2584 1836 non

999 1867 1285 1927 modicum
1331 1868 1586 1947 dignitati
1632 1870 1975 1931 eorumdem
2004 1916 2021 1945 ,
2064 1872 2398 1936 cardinales
2435 1877 2587 1955 ipsos

996 1978 1352 2045 expectantes
1380 1967 1726 2029 audientiam
1770 1973 2104 2049 permixtim
2147 1992 2286 2034 eum
2317 1975 2443 2035 aliis
2475 1993 2589 2037 non

994 2066 1393 2128 Cardinalibus
1416 2067 1471 2127 in
1495 2070 1698 2147 aliquo
1726 2072 1853 2132 loco
1882 2084 2059 2145 stare,
2082 2075 2383 2153 contingit,
2410 2089 2588 2154 prout

996 2184 1407 2246 nonnunquam
1439 2170 1656 2230 t'actum
1709 2170 1821 2230 suit
1855 2174 2157 2234 retroactis
2200 2176 2589 2256 temporibus,

996 2278 1060 2325 ut
1109 2265 1437 2344 hujusmodi
1480 2270 1693 2329 abusus
1735 2271 2185 2349 submoveatur,
2210 2289 2279 2337 ut
2311 2277 2502 2351 decet,
2529 2291 2589 2341 et

997 2377 1184 2427 tantae
1217 2367 1477 2447 dignitati
1517 2387 1631 2430 non
1681 2369 2041 2434 detrahatur.
2073 2375 2212 2436 Pari
2257 2378 2429 2439 modo
2475 2398 2590 2440 vo-

1003 2486 1132 2540 xeo,
1156 2465 1321 2544 juro,
1359 2480 1416 2529 et
1452 2473 1728 2549 promitto
1770 2473 1966 2534 locum
1998 2474 2276 2550 debitum,
2308 2489 2366 2539 et
2403 2479 2585 2542 bone-

994 2578 1145 2627 stum
1168 2568 1376 2629 eisdem
1389 2569 1796 2632 cardinalibus
1823 2591 1935 2653 pro
1961 2572 2292 2652 hujusmodi
2312 2592 2587 2660 expecta-

995 2667 1144 2728 tione
1178 2672 1234 2727 in
1264 2670 1476 2749 palatio
1516 2674 1853 2752 apostolico,
1874 2687 1932 2736 et
1967 2677 2097 2737 loco
2135 2679 2502 2755 residentiae,
2528 2685 2583 2744 in

991 2788 1109 2847 quo
1141 2789 1230 2830 me
1258 2790 1379 2832 esse
1410 2774 1742 2852 contigerit,
1765 2776 2085 2854 assignare,
2118 2790 2177 2839 et
2207 2780 2315 2838 sub
2344 2786 2585 2859 gravis-

990 2872 1145 2930 simis
1176 2874 1432 2933 censuris
1470 2885 1528 2933 et
1572 2877 1764 2952 poenis
1792 2920 1811 2948 ,
1858 2876 2232 2940 cubiculariis
2263 2893 2321 2943 et
2349 2884 2473 2944 aliis
2507 2886 2579 2944 ad

993 2990 1138 3049 quos
1188 2971 1491 3049 pertinebit
1548 2974 1840 3049 inhibere,
1886 2994 1957 3037 ne
2002 2979 2124 3039 ullo
2164 2994 2465 3059 praetextu
2525 2989 2580 3047 in

991 3073 1155 3131 illum
1185 3073 1436 3150 aliquem
1470 3074 1855 3152 introducant,
1878 3081 2052 3139 etiam
2104 3079 2420 3146 Oratorem
2458 3087 2575 3147 im-

992 3173 1295 3252 peratoris,
1318 3193 1549 3254 regum,
1577 3188 1634 3236 et
1664 3178 1915 3240 aliorum
1951 3192 2376 3260 potentatuum,
2402 3188 2575 3249 etiam

995 3291 1129 3333 cum
1155 3272 1407 3353 ipsorum
1440 3275 1832 3339 cardinalium
1864 3280 1998 3341 inibi
2034 3301 2144 3361 pro
2179 3296 2436 3366 tempore
2456 3292 2580 3350 exi-

988 3376 1257 3435 stentium
1303 3395 1571 3456 expresso
1620 3397 1895 3441 consensu
1925 3425 1942 3453 ,
2002 3384 2097 3444 sed
2143 3385 2338 3446 locum
2384 3390 2570 3468 ipsum

991 3476 1235 3536 liberum
1285 3477 1572 3538 dimittant
1622 3481 1955 3560 receptioni,
1986 3494 2043 3544 et
2084 3489 2459 3566 expectationi
2500 3513 2572 3557 ac

990 3576 1468 3637 collocutionibus
1508 3577 1905 3641 cardinalium
1948 3585 2399 3662 praedictorum.

1072 3677 1241 3747 Item,
1280 3677 1589 3755 promitto,
1636 3697 1819 3742 voveo
1846 3692 1910 3742 ut
1941 3701 2141 3763 supra,
2176 3688 2332 3764 quod
2367 3690 2420 3748 in
2449 3694 2571 3771 spi-

993 3774 1298 3834 ritualibus
1334 3786 1393 3836 et
1443 3779 1887 3856 temporalibus,
1913 3801 2061 3860 quae
2111 3788 2389 3864 graviora
2433 3806 2566 3854 sunt

986 3886 1044 3935 et
1106 3876 1298 3954 magni
1353 3880 1673 3953 momenti,
1718 3880 1949 3942 Statum
1992 3882 2286 3949 Ecclesiae
2328 3908 2563 3971 quoquo

990 3975 1159 4035 modo
1199 3978 1689 4054 concernentibus,
1720 3982 1938 4043 nullam
1953 3981 2439 4065 jurisdictionem,
2469 4006 2572 4055 aut

988 4076 1531 4138 administrationem
1585 4083 1962 4159 promittam,
2011 4098 2114 4147 aut
2172 4087 2321 4149 dabo
2362 4095 2568 4169 quovis

986 4175 1243 4253 quaesito
1280 4177 1498 4250 colore,
1530 4183 1737 4257 cuique
1772 4181 2067 4245 hominum
2104 4187 2273 4263 laico,
2309 4194 2396 4253 vel
2437 4212 2571 4256 sae-

986 4277 1172 4335 culari
1224 4276 1649 4356 cujttscumque
1702 4282 2071 4361 conditionis,
2122 4301 2224 4351 aut
2281 4290 2568 4371 dignitatis

991 4377 1194 4435 existat

998 4513 2574 4549 —-———————„—

1073 4599 1148 4649 (1)
1178 4594 1319 4653 Quae
1353 4595 1403 4643 in
1438 4594 1538 4645 boc
1569 4599 1847 4661 paragrafo
1880 4602 1965 4652 dic
1997 4605 2060 4654 28
2092 4610 2295 4668 augusti
2335 4608 2388 4657 in
2421 4610 2571 4661 savo·

990 4680 1099 4718 rem
1138 4671 1314 4734 populi
1350 4674 1546 4722 romani
1580 4680 1884 4738 reservata,
1914 4682 2179 4743 promissa
2209 4685 2316 4743 jam
2361 4685 2571 4739 fuerant

986 4747 1072 4797 dic
1107 4751 1169 4797 24
1218 4748 1696 4802 conservatoribus
1742 4752 1891 4805 Urbis
1921 4758 1975 4806 ln
2008 4758 2239 4811 Tribuna
2272 4763 2319 4812 S.
2355 4764 2492 4815 Petri
2540 4782 2566 4817 a

983 4826 1142 4875 Sacro
1167 4824 1394 4887 Collegio
1418 4826 1610 4877 ibidem
1637 4838 1971 4895 congregato·
1996 4856 2014 4877 ·
2033 4834 2122 4887 Die
2140 4842 2199 4887 24
2223 4840 2348 4889 dicti
2375 4846 2567 4895 mensis

985 4903 1192 4965 augusti
1244 4907 1543 4967 congregati
1593 4905 1899 4961 cardinales
1933 4925 2115 4964 omnes
2151 4916 2200 4964 in
2243 4917 2475 4970 Tribuna
2520 4924 2572 4977 S,

988 4980 1125 5031 Petri
1159 4983 1518 5044 promiserunt
1541 4987 1735 5047 Populo
1770 4989 1999 5042 Romano
2033 4995 2348 5045 unanimiter
2371 5003 2423 5047 et
2445 5011 2568 5049 con·

984 5060 1217 5109 corditer
1257 5073 1315 5109 se
1349 5059 1730 5114 observaturos
1763 5067 2015 5130 quasdam
2064 5073 2259 5132 gratias
2293 5078 2566 5128 contentas

988 5139 1033 5185 in
1082 5152 1180 5187 una
1215 5139 1399 5189 cedula
1437 5138 1488 5187 in
1524 5143 1772 5193 auxilium
1823 5150 1876 5194 et
1914 5148 2188 5199 comodum
2224 5150 2436 5203 Romani
2469 5169 2567 5217 po-

992 5218 1118 5277 puli,
1153 5218 1377 5267 et·inter
1409 5216 1508 5266 alia
1544 5225 1899 5281 promiserunt
1923 5227 2094 5274 omnia
2118 5226 2281 5277 officia
2317 5234 2368 5280 et
2400 5231 2566 5283 bene-

988 5293 1104 5343 ficia
1126 5296 1353 5345 Romana
1376 5296 1670 5348 concedere
1694 5312 1797 5350 non
1818 5302 1932 5351 aliis
1953 5316 2108 5365 quam
2128 5306 2390 5368 Romanis,
2407 5317 2563 5372 prout

985 5380 1107 5424 sunt
1138 5376 1315 5424 Bullae
1347 5375 1566 5436 Nicolai,
1599 5377 1820 5439 Callisti,
1854 5386 1906 5431 et
1938 5382 2090 5432 sixti.
2124 5386 2249 5435 ltcm
2273 5388 2561 5442 observare

987 5450 1053 5500 ad
1103 5465 1324 5515 unguem
1360 5453 1529 5504 bullas
1565 5457 1744 5516 studii,
1780 5472 2055 5511 removere
2089 5463 2336 5517 officiales
2381 5470 2447 5519 ad
2482 5471 2562 5520 vi-

989 5534 1112 5587 tam,
1134 5535 1187 5579 et
1212 5532 1383 5581 facere
1406 5536 1463 5581 ut
1486 5544 1668 5584 omnes
1695 5539 1870 5587 terrae
1894 5539 2166 5597 subjectae
2191 5547 2383 5607 populo
2401 5562 2559 5611 prae-

988 5612 1127 5658 stent
1159 5612 1206 5658 ci
1241 5610 1592 5662 obedientiam
1630 5614 1679 5662 in
1717 5615 2103 5679 Carnis-privio
2138 5643 2157 5662 -
2195 5624 2482 5687 lsrzssua„
2507 5629 2554 5677 in

987 5686 1167 5736 limat.
1205 5687 1294 5738 loc.
1330 5691 1411 5737 cil.

767 6049 1132 6128 A

2815 768 2981 842 ltem,
3007 765 3317 847 promitto,
3356 780 3540 825 voveo
3581 773 3636 823 et
3672 757 3838 840 juro,
3880 761 4041 841 quod
4083 762 4142 822 si

2734 868 2935 948 tigerit
2987 867 3238 945 aliquem
3281 884 3345 926 ex
3404 864 3787 944 potentatibus
3841 876 3897 926 et
3956 864 4156 944 prinei

2730 967 3143 1042 saecularibus,
3165 968 3463 1028 occasione
3484 967 3740 1027 fortassis
3763 964 4156 1046 displicentiae

2730 1079 2926 1146 ceptae
2971 1087 3042 1129 ex
3081 1080 3218 1129 voto
3263 1063 3513 1144 alicujus
3554 1066 3875 1128 cardinalis
3924 1068 3984 1127 in
4029 1084 4156 1146 pra«

2728 1168 3004 1229 electione
3033 1167 3276 1228 Romani
3308 1164 3601 1228 Pontificis
3636 1167 3804 1228 aliter
3828 1184 4006 1246 quam
4043 1167 4149 1227 vol

2729 1268 2883 1341 dato,
2920 1268 3176 1329 redditus
3204 1265 3612 1328 beneficiorum
3641 1268 3816 1346 ipsius
3848 1266 4156 1329 cardinali

2728 1386 2965 1448 cupere,
3004 1380 3142 1430 tunc
3171 1380 3228 1429 et
3260 1388 3330 1430 eo
3371 1386 3508 1429 casn
3542 1368 3611 1429 de
3640 1369 3891 1448 propriis
3920 1368 4156 1449 pecunil

2727 1469 3054 1529 introitibus
3088 1469 3381 1530 Romanae
3434 1468 3722 1531 Ecclesiae
3781 1467 3965 1532 eidem
4016 1467 4156 1531 cari

2726 1579 2947 1629 tantum
2996 1569 3312 1648 providebo
3362 1581 3420 1631 et
3471 1570 3812 1630 satisfaciam
3842 1614 3862 1646 ,
3904 1583 4156 1649 quantu!

2723 1668 2874 1730 dicta
2939 1671 3314 1749 occupatione
3376 1670 3444 1731 de
3522 1670 3846 1731 introitibus
3915 1672 4035 1732 suis
4101 1691 4156 1732 ai

2723 1771 2819 1831 rit.

2807 1871 2973 1954 ltem,
3018 1872 3207 1932 omnia
3255 1881 3412 1950 gesta
3450 1883 3509 1932 et
3556 1872 3706 1932 sacta
3736 1870 3886 1932 Sede
3924 1883 4156 1934 vacant«

2719 1971 2941 2033 obitum
2979 1974 3219 2052 praefati
3252 1973 3464 2033 domini
3495 1973 3639 2033 Sixti
3675 1973 3865 2053 Papae
3886 1970 4102 2042 Quarti
4138 1994 4156 2055 Ι

2720 2072 3032 2134 decessoris
3087 2074 3196 2134 mei
3254 2093 3358 2154 per
3407 2093 3640 2135 sacrum
3692 2075 4004 2154 collegium
4051 2073 4156 2136 vel

2721 2173 2967 2250 priores,
2996 2175 3118 2235 sive
3160 2174 3458 2254 deputatos
3486 2174 3559 2236 ab
3588 2175 3786 2237 eodem
3835 2194 4004 2236 sacro
4049 2177 4152 2236 col

2719 2274 2991 2352 speciales
3019 2275 3441 2336 commissarios
3469 2321 3486 2349 ,
3528 2287 3698 2355 grata
3729 2288 3784 2337 et
3830 2275 3998 2336 firma
4044 2275 4156 2335 hab

2721 2373 2919 2434 tenebo
2949 2386 3005 2434 et
3047 2375 3367 2436 observabo
3386 2419 3403 2448 ,
3432 2386 3612 2454 prout
3643 2394 3795 2437 nuuc
3830 2385 3994 2438 teneo
4020 2421 4037 2449 ,
4076 2376 4156 2436 ha

2719 2482 2777 2532 et
2801 2473 3080 2553 approbo,
3103 2492 3237 2535 cum
3261 2475 3409 2534 sacta
3444 2476 3678 2548 suerint,
3705 2485 3944 2554 urgente
3968 2493 4156 2538 neces«

2721 2569 2996 2634 libertatis
3036 2576 3353 2636 electionis.

2800 2674 2964 2745 Item,
2997 2674 3152 2752 quod
3190 2676 3518 2755 supradicta
3555 2676 3808 2756 capitula
3845 2676 4037 2736 omnia
4082 2689 4146 2739 et

2717 2772 2856 2848 gula
2894 2772 2967 2831 ad
3007 2791 3260 2852 unguem
3293 2775 3537 2835 servabo
3562 2776 3667 2835 sub
3697 2795 3875 2857 poena
3903 2776 4156 2839 anatben

2719 2888 2822 2932 nec
2872 2890 3128 2952 unquam
3169 2875 3277 2935 sub
3312 2875 3523 2938 eisdem
3566 2880 3761 2957 poenis
3805 2880 4103 2956 requiram
4154 2906 4156 2913 ·

2716 2970 2968 3050 dinales,
3029 2986 3090 3036 ut
3148 2977 3339 3053 aliqua
3402 2976 3783 3038 intervertant
3846 2978 4156 3057 praedictis

2714 3073 2926 3150 pitulis.
2967 3074 3137 3145 Quod
3163 3078 3208 3136 si
3252 3089 3532 3156 peterem,
3567 3080 3701 3140 volo
3732 3079 3888 3157 quod
3930 3080 4097 3141 nullo
4131 3101 4156 3162 f

2716 3178 3087 3249 consentiant,
3127 3179 3244 3238 imo
3274 3177 3580 3241 observent
3607 3181 3796 3240 onmia
3821 3180 3927 3239 sub
3957 3179 4125 3241 dictis

2716 3276 2800 3335 nis
2837 3288 2892 3337 et
2922 3277 3419 3339 maledictionibus
3455 3282 3731 3353 aeternis,
3762 3292 3820 3341 et
3858 3280 3904 3339 si
3932 3300 4125 3355 secus,

2715 3375 2793 3435 tia
2824 3379 2913 3439 vel
2950 3379 3157 3440 timore
3184 3379 3515 3452 fecerint,et
3540 3379 3842 3443 accedente
3866 3381 4156 3443 authorita

2713 3473 3179 3540 determinatione
3203 3498 3326 3539 mea
3350 3480 3703 3561 obligentur,
3723 3480 3986 3542 similiter
4022 3483 4156 3560 quic

2713 3594 2816 3654 per
2851 3595 2941 3639 me
2978 3592 3185 3640 contra
3222 3583 3306 3642 vel
3337 3593 3566 3661 praeter
3604 3584 3892 3663 praedicta
3922 3602 4156 3662 quacun

2712 3679 2932 3739 ratione
2983 3692 3206 3759 gestum
3252 3684 3342 3744 vel
3385 3684 3602 3745 sactum
3652 3685 3850 3759 faerit,
3883 3687 3957 3746 sit
3997 3687 4123 3766 ipso

2711 3776 2942 3839 irritum
3003 3793 3060 3843 et
3104 3782 3266 3843 inane
3318 3785 3646 3863 nulliusque
3684 3788 3952 3846 momenti
3994 3798 4050 3847 et
4109 3808 4156 3849 ri

2710 3878 2812 3954 ris,
2833 3892 2889 3940 et
2914 3899 3023 3960 pro
3046 3883 3255 3944 infecto
3279 3884 3556 3947 habeatur
3569 3908 3590 3959 3
3629 3898 3684 3948 et
3713 3886 4085 3949 nibilominus
4113 3908 4156 3969 p

2707 3982 2879 4042 missa
2916 3984 3104 4042 omnia
3139 3998 3195 4045 et
3233 3986 3526 4063 quodlibet
3556 3988 3814 4067 ipsorum
3854 3989 3912 4048 in
3949 4008 4058 4050 suo
4092 3993 4156 4064 τί]

2706 4093 2766 4142 et
2794 4083 3150 4145 observantia
3189 4083 3356 4146 firma
3387 4100 3776 4166 permaneant.
3809 4089 3874 4149 ln
3907 4090 4079 4170 cujus
4120 4090 4156 4151 fi

2704 4193 2764 4243 et
2789 4185 3172 4245 testimonium
3205 4204 3307 4247 nos
3328 4205 3523 4250 omnes
3564 4188 3826 4250 manibus
3868 4190 4156 4271 propriis:

2704 4286 2906 4365 scripti
2948 4305 3167 4348 sumus.

2786 4387 2926 4468 qu
2958 4388 3032 4447 R.
3062 4388 3419 4471 Episcopus
3451 4391 3846 4465 Parmensis,
3881 4394 3937 4454 V
3940 4395 4156 4458 icecan

2705 4487 2914 4549 larius
2941 4491 3275 4569 praedicto
3301 4492 3599 4572 promisi,
3645 4494 3813 4568 vovi,
3854 4506 3915 4557 ee
3945 4498 4147 4578 jurab

2644 4661 2656 4673 ι
2706 4589 2794 4649 ad
2820 4589 2998 4668 {idem
3035 4612 3221 4653 manu
3245 4593 3519 4673 proprt‘a
3548 4612 3640 4653 mc
3671 4596 4025 4676 subscripsi
4065 4594 4156 4681 (Ξ)

2785 4688 2899 4751 Nos
2935 4709 3132 4753 omnes
3163 4703 3221 4753 et
3247 4693 3460 4771 singuli
3492 4693 3555 4753 S.
3601 4692 3673 4752 R.
3719 4692 3789 4753 E.
3818 4695 4156 4759 cardinales

2701 4792 3028 4873 prascripti,
3080 4812 3191 4873 pro
3237 4793 3406 4865 bono,
3457 4805 3515 4854 et
3564 4793 3714 4855 felici
3757 4795 4068 4875 regimine,
4112 4813 4156 4858 at

2781 5080 2854 5135 (2)
2905 5077 3098 5128 Eadem
3152 5080 3318 5129 torma
3353 5081 3790 5144 subscripserunt
3822 5084 4131 5136 Cardinales

2701 5155 2842 5213 ralla,
2857 5156 3040 5215 Barbo,
3059 5157 3199 5207 Delia
3220 5159 3420 5209 Rovere
3440 5162 3733 5223 (Julianus),
3751 5164 3907 5225 Zen0,
3928 5163 4156 5215 Nat-dini.

2696 5233 2938 5285 cimboldi
2962 5272 2976 5293 ,
3008 5235 3163 5293 Cibo,
3200 5235 3452 5299 ligonem,
3487 5240 3744 5299 micheliu,
3779 5241 3971 5302 costa,
4004 5242 4148 5293 Delia

2697 5324 2822 5362 vere
2854 5323 2868 5369 (
2894 5311 3249 5373 Dominicus),
3273 5316 3528 5378 magona,
3548 5318 3619 5370 De
3643 5320 3818 5381 Conti,
3845 5321 3921 5371 De
3953 5324 4156 5387 Margar

2692 5390 3020 5452 Sclat'enato‚
3051 5394 3395 5452 Piccolomini,
3429 5397 3619 5459 Riario,
3651 5399 3858 5457 Samia,
3891 5400 4144 5462 Colonna,

2694 5472 2830 5530 sini,
2862 5471 3041 5522 sforza
3090 5472 3335 5523 visconti.
3382 5474 3509 5525 Cum
3558 5476 3740 5528 Petrus
3789 5477 3996 5529 Foscari
4043 5480 4156 5531 subt

2693 5547 2819 5599 bere
2869 5554 3199 5609 recusasset,
3252 5554 3688 5604 conventionibus
3731 5559 4110 5621 suprascriptis

2692 5632 2808 5677 rant
2841 5628 3133 5690 vigintiduo
3168 5629 3489 5684 Cardinales.
3524 5636 3662 5695 Quae
3700 5643 3990 5698 sequuntur
4023 5643 4156 5704 capit

2690 5709 2808 5767 post
2847 5706 2982 5756 diem
3021 5708 3293 5761 evidenter
3329 5713 3533 5770 adjecta
3569 5722 3701 5767 sunt.
