4492 6859
290 629 401 711 (4444)

293 776 357 827 tuna
373 767 531 839 Gentilem,
549 764 789 848 insensuali),
810 769 970 848 episeopus,
980 780 1008 831 et
1023 770 1082 831 Pe·

296 878 378 927 trurn
399 867 524 927 Paulum
547 868 720 946 magistrum
747 865 865 930 Ordinis
892 870 924 929 S.
947 869 1082 931 44444444

1053 1020 1083 1032 ΛΦ

293 1089 446 1139 lileriensis.
462 1090 509 1139 Vix
526 1092 729 1143 adolescentiam
748 1096 895 1153 excedens,
912 1094 1027 1158 publicis
1044 1097 1082 1144 ci·

292 1169 365 1218 vium
382 1170 584 1221 Novarieusium
603 1172 828 1235 votisexpstitus,
845 1174 1082 1237 pontificatumpa·

293 1252 362 1300 triae
374 1250 486 1312 adeptus
498 1256 548 1301 est.
563 1252 626 1301 Cura
644 1252 789 1303 Florentiae
801 1253 895 1303 vicarii
907 1254 981 1305 vices
991 1255 1083 1317 imple·

293 1335 345 1387 ret,
357 1334 448 1391 spreto
460 1331 553 1391 capitis
570 1331 703 1392 periculo,
713 1333 810 1382 ceteris
826 1332 958 1393 omuibus,
976 1333 1010 1383 ob
1026 1333 1082 1382 Pri·

295 1420 399 1458 morum
416 1409 531 1459 civitatis
543 1413 696 1472 polentiam,
713 1413 865 1462 mandalum
880 1410 1082 1475 declinantibus,

293 1489 463 1538 interdictum
481 1491 506 1540 in
524 1490 687 1541 florentinos
705 1493 820 1542 mirabili
837 1492 946 1542 audacia
967 1494 1082 1554 promul·

293 1571 373 1629 gavit.
390 1569 456 1617 sixti
472 1570 562 1629 Quarti
580 1570 726 1631 beneficio,
741 1571 904 1634 supplicibus
920 1571 1016 1621 libellis
1034 1584 1079 1622 re·

293 1646 412 1697 terendis
428 1648 551 1710 praefuit,
562 1654 589 1698 ei
605 1663 658 1699 444
674 1651 797 1713 vulgares
814 1652 961 1713 legationes
985 1650 1080 1712 obivit,

294 1726 438 1785 Nursinos,
453 1729 653 1786 interamnates,
675 1729 825 1788 Perusinos,
840 1731 1025 1793 Tipbarnates,
1041 1734 1082 1781 at·

298 1818 351 1867 qua
373 1806 501 1857 Tudertes
528 1809 716 1859 tumultuantes
739 1811 780 1859 val
806 1812 920 1872 placavit
946 1811 988 1859 vel
1010 1822 1083 1860 com·

296 1887 404 1947 pressit.
431 1886 542 1950 legatus
565 1890 590 1937 in
606 1889 762 1938 Pannoniam
779 1889 812 1939 ad
828 1889 950 1939 linthium
972 1888 1083 1952 Ungaro-

296 1979 356 2014 rum
368 1966 471 2027 llegcm,
489 1972 515 2017 ei
533 1968 557 2016 in
575 1967 738 2017 Germaniam
756 1968 788 2017 ad
804 1969 1006 2019 maximilianum
1017 1967 1083 2018 Cae·

297 2048 479 2104 sarem,atrox
497 2046 702 2108 diuturnumque
718 2047 816 2097 bellum
829 2048 898 2098 inter
910 2059 955 2097 eos
964 2046 1084 2096 extinxit.

295 2125 430 2175 Reversus
447 2126 480 2175 ad
497 2124 602 2184 Urbem,
619 2126 716 2176 Datarii
734 2140 842 2177 munera
859 2127 964 2176 4444444
981 2130 1022 2175 444
1033 2124 1083 2175 sub

296 2202 390 2262 Sixto,
408 2208 435 2253 44
457 2204 507 2255 sub
527 2203 677 2254 innocentio
694 2206 812 2256 delectus
834 2205 868 2255 ad
894 2205 998 2267 negotia
1024 2216 1082 2253 cum

295 2285 432 2333 nationum
451 2288 604 2334 exterarum
621 2286 777 2335 Oratoribus
799 2285 988 2348 componenda.
1014 2283 1084 2333 llaec

295 2362 435 2413 ciaconius
452 2364 548 2426 aliique
565 2363 743 2414 Cardinalium
759 2364 906 2427 biographi.
923 2365 1030 2426 Reliqua
1050 2360 1084 2413 de

295 2442 355 2503 ipso
372 2441 512 2492 Cardinale
528 2442 613 2491 dicam
630 2443 680 2493 sub
697 2456 766 2492 anno
784 2445 851 2495 tsoa

337 2524 375 2576 (1)
390 2522 560 2572 Auloninttus
575 2521 758 2582 Pallavicinus,
771 2526 797 2573 et
812 2522 987 2585 Hieronymus
1004 2523 1084 2583 atque

295 2598 435 2661 ciprianus
461 2602 578 2660 iratres,
595 2615 674 2664 quum
691 2602 829 2654 Gentilium
855 2603 1009 2665 cognomina
1031 2614 1085 2651 non

297 2677 516 2729 Pallavicinnrum
535 2682 673 2742 aliquando
685 2687 855 2741 vocarentur,
865 2681 1003 2732 credidere
1020 2693 1087 2729 non-

295 2760 361 2808 nulli
389 2761 569 2808 Antonintlum
593 2758 774 2810 Pallavicinum
802 2760 964 2810 Cardinalem
988 2772 1002 2808 e
1029 2758 1086 2808 Pal·

298 2836 472 2886 lavicinorum
490 2837 568 2886 domo
586 2850 636 2891 444
654 2851 721 2897 esse,
739 2840 785 2888 sed
807 2840 955 2890 Gentilium.
982 2838 1086 2888 Erroria

296 2927 405 2964 causam
421 2917 478 2977 (sic
495 2916 629 2966 ciaconius
641 2920 664 2977 l,
685 2918 745 2969 binc
766 2917 875 2969 linxisse
898 2920 989 2977 ajunt,
1016 2918 1087 2981 quod

297 2996 466 3053 pallavicini,
483 2996 574 3056 Calvi,
591 3002 618 3047 et
633 2998 827 3058 Palemoniaei,
843 3012 921 3061 quum
939 3000 1001 3047 olim
1023 3010 1087 3059 per·

297 3077 377 3137 pauci
394 3080 491 3133 essent,
509 3089 557 3126 nec
575 3078 646 3127 initio
662 3084 772 3140 possent
795 3081 860 3141 (qui
876 3092 933 3128 mos
950 3083 991 3128 est
1012 3077 1088 3127 nobi-

299 3153 363 3203 lium
385 3153 578 3216 Genuensium)
602 3156 706 3205 obviam
724 3158 846 3220 progredi
863 3156 1025 3217 Principibus
1042 3159 1087 3206 atri

301 3232 457 3282 Oratoribus
475 3235 621 3296 Principum
641 3236 757 3286 Genuam
785 3234 937 3298 petentibus
954 3247 1002 3285 nee
1023 3234 1087 3285 alias

298 3311 401 3361 nobiles
418 3311 529 3361 familias
546 3325 654 3363 numero
672 3315 814 3377 ampliores
831 3326 963 3376 aequare,
977 3314 1087 3364 cantili-

299 3391 361 3451 bus,
376 3392 418 3453 qui
436 3395 497 3440 lunc
514 3394 540 3440 el
557 3392 655 3441 virtute
667 3397 694 3443 et
705 3406 816 3444 numero
831 3392 1013 3455 praestabant,
1026 3395 1083 3453 jure

301 3471 425 3529 viciniae,
442 3473 520 3532 atque
536 3467 676 3533 paroecias
692 3471 717 3520 S.
733 3471 862 3523 Pancratii
879 3485 939 3523 sese
956 3472 1087 3535 adjunxe-

300 3553 371 3599 runt.
386 3550 554 3599 Anioniottus
572 3562 653 3610 vero,
669 3550 713 3600 ubi
731 3563 780 3613 per
804 3553 919 3602 aetatem
944 3552 1034 3611 licuit,
1056 3563 1086 3601 ra

299 3628 423 3688 cognita,
438 3640 471 3677 ue
490 3640 580 3679 veram
596 3627 767 3679 defraudaret
784 3629 930 3691 familiam,
956 3631 1085 3689 majorum

300 3719 407 3756 suorum
434 3712 603 3769 cognomento
633 3712 763 3770 recepto,
783 3709 957 3759 Pallavicinus
985 3712 1086 3759 tantum

300 3786 429 3848 appellari
451 3787 542 3836 voluit.
560 3813 588 3823 -
604 3787 676 3846 Sed,
693 3788 715 3838 si
732 3801 796 3837 vera
813 3793 874 3838 sunt
890 3792 1014 3848 narrate,
1029 3790 1087 3839 eri·

302 3864 369 3914 dens
387 3870 428 3915 est
444 3869 563 3929 tempore
581 3867 769 3930 assumptionis
786 3881 849 3917 suae
867 3869 894 3917 in
910 3868 1086 3918 Cardinalinm

303 3944 460 4006 collegium,
474 3958 618 4007 cognomen
633 3959 685 3996 nnn
701 3946 850 4007 dimisisse,
866 3960 924 3998 cum
940 3947 1088 3998 burcardus

304 4036 365 4092 eum
379 4026 516 4083 Gentilem,
527 4040 578 4074 nou
589 4024 771 4076 Paliavicinum
784 4028 906 4089 appellat.
918 4025 944 4076 ln
956 4028 1088 4090 sepulcro,

300 4106 374 4167 quod
390 4106 483 4153 vivens
501 4105 552 4153 sibi
569 4105 646 4164 fecit,
673 4106 820 4157 inscribere
844 4107 904 4158 fecit
930 4107 1088 4157 4444444444

301 4183 380 4233 Carti.
394 4181 419 4233 S.
434 4182 557 4232 Procedis
575 4182 674 4246 absque
691 4186 860 4247 cognomines
875 4190 934 4249 post
953 4188 1087 4239 saeculum

302 4266 415 4320 tantum,
431 4262 576 4312 disturbata
594 4266 696 4316 rotaria
711 4271 875 4318 mouumenti
891 4267 955 4319 sede
977 4268 1004 4317 ia
1020 4273 1088 4320 tem·

257 4339 259 4346 '
300 4343 348 4406 plo
365 4338 510 4404 Vaticano,
527 4347 637 4405 nepotes
654 4345 816 4408 epitaphium
832 4359 903 4397 novo
920 4351 1088 4397 monumento

302 4422 329 4471 in
342 4422 440 4482 templo
450 4421 475 4469 S.
487 4423 584 4473 llariae
601 4422 634 4473 da
651 4423 745 4487 Populo
756 4425 897 4478 Atrtmiotto
907 4423 1088 4480 Patuvtcttto

302 4500 428 4551 64444444
443 4504 635 4565 inscripserunt
650 4506 688 4554 uti
705 4517 753 4555 suo
771 4506 828 4555 loco
844 4506 1002 4559 videbimus.
1018 4510 1089 4559 llaec

303 4580 338 4631 de
355 4581 460 4631 familia.

345 4660 383 4710 lis
400 4663 552 4713 4444444444
568 4674 631 4712 vero
643 4664 818 4714 testimouium
829 4664 1008 4715 desiderabile
1020 4667 1084 4717 acri·

305 4745 396 4801 ptores
412 4754 464 4790 una
481 4754 545 4791 voce
562 4741 684 4792 reddunt.
694 4742 722 4791 ln
733 4743 854 4793 familiam
866 4744 1012 4794 Cardlnalis
1023 4743 1088 4795 cibo

306 4819 440 4879 adscitus,
459 4832 472 4868 a
489 4820 563 4869 Sixto
580 4820 617 4870 tv.
634 4823 774 4883 episcopus
796 4821 970 4873 lutimiiiensis
985 4822 1089 4883 444444,

307 4901 340 4948 ab
358 4899 509 4948 innocentio
536 4898 596 4949 vill.
622 4900 786 4963 supplicibus
812 4902 905 4953 libellis
925 4903 1005 4965 gratis
1027 4902 1089 4953 sub-

308 4980 458 5029 scribendis
474 4979 659 5041 praepositus,
676 4981 766 5031 suavis
782 4986 809 5031 et
826 4983 1029 5044 praeeminentis
1050 4984 1089 5033 in·

306 5061 376 5122 genii
392 5062 508 5108 vicasse
525 5059 647 5109 ostendit·
667 5081 676 5099 ·
696 5059 759 5110 lirat
776 5061 801 5110 in
818 5074 849 5111 44
868 5064 923 5120 (444
942 5060 1089 5120 ciaconius,

307 5140 405 5202 aliique
421 5139 571 5197 testantur)
587 5137 620 5187 44
636 5139 826 5201 promerendas
848 5140 980 5189 bominum
997 5141 1089 5190 volun·

307 5222 386 5277 lates,
404 5218 529 5267 mirabilis
544 5216 639 5279 ingenii
657 5219 767 5277 lenitas,
782 5230 936 5281 moramque
957 5222 1089 5277 suavitas,

306 5296 432 5359 expedita
448 5297 474 5344 in
490 5293 661 5344 deliberando
677 5296 819 5355 sententia,
834 5296 1010 5354 modestiaet
1026 5308 1091 5359 per·

307 5390 389 5428 sonae
405 5389 483 5439 quam
499 5374 609 5438 gerebat
624 5379 685 5437 apta
701 5379 832 5440 gravitas,
849 5380 973 5437 tantaque
990 5376 1016 5425 in
1033 5382 1090 5426 tra·

307 5456 410 5507 ctandis
438 5456 570 5504 bominum
597 5455 706 5517 ingeniis
722 5455 888 5514 dexteritas,
908 5458 936 5505 44
962 5467 1021 5505 cum
1044 5456 1089 5506 ali-

307 5534 413 5597 quando
430 5533 596 5583 innocentius
614 5532 672 5582 lllll.
689 5536 857 5596 magistratus
874 5532 1090 5596 quosdqmlquos

306 5614 399 5665 Xisius
417 5612 453 5660 tv,
471 5617 609 5664 creaverat
625 5614 812 5676 stratiotosque
829 5613 1061 5675 cognominaverat
1071 5614 1090 5674 l,

307 5692 420 5756 pecunia
437 5693 600 5756 emptoribus
615 5707 667 5746 non
684 5693 820 5752 restituta,
837 5693 942 5757 penitus
960 5694 1091 5755 antiquas·

766 627 1048 695 commeastis
1066 630 1290 697 littociittrlt
1310 630 1462 698 celavi
1868 635 1929 702 444

1149 766 1597 852 Hierosolymitaniic),quurum
1608 769 1719 852 primus
1727 782 1757 835 et
1767 772 1885 850 quintus
1894 772 1932 831 ab

1150 871 1230 933 Urbe
1248 872 1383 943 aberant,
1394 871 1444 931 alii
1464 880 1534 945 4444,
1558 871 1688 934 videlicet
1705 873 1931 946 Beneventanus,

1148 971 1313 1045 Aleriensis,
1324 982 1352 1033 et
1364 970 1520 1044 4444444444,
1532 971 1650 1033 fuerunt
1669 973 1698 1033 in
1712 989 1829 1034 camera
1841 973 1929 1052 ipsius

1148 1070 1297 1132 Auriensis
1317 1071 1345 1132 in
1364 1069 1477 1132 Palatio
1490 1072 1655 1151 apostolico
1674 1074 1845 1153 cougregati
1858 1073 1930 1135 bea·

1149 1182 1208 1233 iam
1233 1189 1311 1251 spern
1342 1182 1542 1251 expectantes3
1569 1170 1676 1249 quibus
1705 1184 1739 1232 44
1766 1174 1931 1253 praefertur

1149 1273 1264 1346 creatis,
1283 1272 1337 1351 ipsi
1348 1268 1539 1333 lres'fuerunt
1558 1291 1576 1331 a
1597 1271 1652 1334 SS.
1667 1273 1701 1334 tt.
1724 1273 1759 1334 ll.
1781 1273 1818 1333 ad
1836 1275 1931 1334 consi·

1148 1371 1272 1432 storiam
1294 1369 1409 1443 vocati,
1428 1369 1478 1434 tibi
1499 1370 1642 1433 Sanctitas
1659 1372 1720 1434 Sua
1741 1373 1813 1435 dixit
1831 1393 1880 1434 eoa
1901 1375 1932 1436 in

1149 1471 1313 1533 Cardinales
1330 1488 1441 1533 creasse
1460 1484 1542 1533 extra
1555 1474 1787 1535 communionem
1798 1486 1854 1536 etc.
1871 1474 1934 1536 De-

1148 1572 1212 1634 inde
1243 1572 1361 1634 fuerunt
1392 1572 1579 1652 collegialiier
1596 1574 1728 1636 mincioli
1749 1594 1803 1654 per
1834 1594 1935 1636 omnes

1149 1673 1314 1735 Cardinales
1339 1691 1374 1735 ex
1400 1676 1567 1736 consistorio
1587 1675 1625 1735 ad
1649 1694 1793 1738 cameram
1815 1676 1935 1756 praedi·

1149 1787 1249 1847 44444,
1270 1774 1470 1835 cardinalibus
1490 1774 1565 1834 binis
1582 1784 1612 1835 44
1637 1776 1708 1837 binis
1729 1776 1934 1838 incedentibus.

1149 1877 1365 1938 berteventanus
1382 1874 1437 1934 4444
1452 1875 1528 1935 44444
1541 1874 1577 1936 de
1588 1875 1669 1937 Fuxn
1680 1889 1710 1939 et
1722 1877 1822 1937 Sancti
1838 1877 1935 1939 Geor·

1150 1979 1248 2057 gii,in
1270 1980 1375 2039 ultimo
1394 1979 1459 2039 loco
1472 1976 1669 2052 manentibus3
1688 1980 1839 2041 Aleriensis
1859 1981 1935 2041 iniat·

1150 2079 1186 2140 de
1202 2080 1324 2141 Sabellis
1341 2090 1370 2141 et
1392 2078 1555 2152 Columna,
1574 2080 1603 2138 in
1623 2080 1781 2158 penultimo
1799 2081 1886 2154 loeo;
1904 2090 1934 2140 et

1151 2179 1300 2240 Auriensis
1314 2179 1342 2239 in
1357 2179 1459 2240 ultimo
1473 2179 1539 2240 laco
1554 2178 1629 2239 iuter
1645 2180 1781 2242 Ursinum
1799 2190 1828 2241 ei
1841 2180 1935 2241 Asca·

1151 2280 1233 2340 nium
1257 2280 1444 2343 cardinales:
1475 2281 1653 2342 4444444444
1677 2293 1773 2343 autem
1794 2282 1935 2361 praedicti

1153 2383 1244 2443 creati
1256 2381 1424 2444 cardinales
1441 2382 1472 2442 in
1486 2400 1590 2444 eorum
1608 2384 1750 2445 4444444444
1764 2382 1938 2462 quotidianis

1152 2493 1182 2543 et
1203 2482 1320 2543 birretis
1342 2482 1464 2543 violatiis
1482 2482 1634 2555 44444444,
1656 2494 1690 2543 44
1709 2484 1792 2564 prius
1805 2482 1937 2544 incedere

1153 2584 1291 2644 solebant.
1309 2582 1384 2644 Cmn
1405 2594 1562 2656 autemut
1581 2584 1758 2663 praefertur,
1774 2584 1829 2646 SS.
1848 2584 1885 2645 Ι).
1900 2584 1936 2645 lt.

1154 2682 1328 2745 creationem
1356 2682 1532 2763 praedictum
1554 2684 1623 2764 ipsis
1643 2686 1748 2746 creatis
1770 2686 1938 2758 nuntiasset,

1153 2785 1209 2845 fuit
1227 2804 1278 2865 per
1294 2785 1330 2845 ii.
1345 2784 1381 2844 D.
1404 2784 1585 2847 cardinalem
1600 2786 1698 2848 Sancti
1712 2786 1805 2847 Marci
1823 2797 1852 2847 et
1866 2786 1939 2846 alios

1154 2886 1324 2948 Cardinales
1336 2885 1446 2946 dictum
1458 2886 1534 2964 qnod
1547 2886 1873 2968 nihilresponderent,ei
1884 2885 1939 2947 de·

1154 2987 1218 3049 inde
1228 2989 1315 3049 etiarn
1331 2987 1460 3048 additum
1475 2987 1554 3066 4444
1569 2990 1692 3050 annulos
1702 2988 1739 3048 ad
1754 2987 1938 3069 sigillandum

1153 3101 1183 3152 et
1195 3091 1266 3149 alios
1279 3089 1316 3148 ab
1331 3106 1433 3149 eorum
1446 3088 1540 3167 digitis
1551 3090 1767 3169 deponerent,et
1776 3106 1832 3149 non
1842 3088 1941 3151 deier-

1154 3202 1218 3252 rent
1232 3205 1385 3269 quousque
1402 3187 1457 3249 SS.
1475 3190 1511 3249 D.
1525 3188 1559 3249 N.
1573 3191 1696 3249 annulos
1711 3208 1780 3249 suos
1792 3197 1821 3249 et
1838 3189 1940 3249 titulos

1154 3293 1183 3351 in
1202 3291 1373 3352 consistorio
1391 3290 1519 3352 traderet
1531 3308 1612 3350 mute
1626 3287 1939 3351 consuetudinariis

1154 3393 1309 3472 praedictis
1323 3391 1405 3452 noris
1415 3389 1615 3452 cardinalibus
1629 3389 1665 3450 44
1685 3407 1830 3452 cameram
1852 3406 1940 3468 prae·

1154 3494 1272 3560 dictam,
1294 3493 1475 3555 meeiserunt
1491 3491 1613 3568 antiqui,
1624 3490 1677 3571 lpsl
1693 3490 1761 3551 novi
1781 3507 1832 3551 eoa
1845 3506 1955 3568 44444

1154 3598 1190 3658 44
1202 3595 1308 3659 ostium
1328 3594 1520 3667 4444444444,
1532 3594 1602 3653 4444
1614 3591 1939 3654 44444444444444444·

1154 3709 1255 3759 serunt
1269 3738 1278 3770 ,
1294 3705 1325 3758 et
1341 3693 1445 3755 ibidem
1466 3692 1534 3754 laeti
1560 3692 1646 3754 444444
1665 3693 1763 3773 pronai
1788 3702 1856 3753 suni
1882 3687 1940 3774 (b).

1156 3956 1212 4011 sat,
1226 3958 1305 4013 atque
1322 3950 1368 4008 illi,
1385 3948 1474 3999 ciliciis
1491 3946 1601 4010 privati,
1618 3947 1733 4010 querelis
1750 3947 1835 3995 omnia
1852 3948 1942 4008 reple·

1155 4035 1225 4090 rant,
1239 4029 1445 4089 cardinalesque
1461 4029 1488 4077 44
1504 4026 1654 4076 Pontificem
1671 4025 1790 4081 adirent,
1807 4025 1841 4073 ad
1856 4025 1941 4074 4444·

1157 4109 1269 4160 ninttum
1285 4120 1300 4156 a
1317 4103 1437 4155 Pontidce
1454 4103 1567 4160 remissi,
1579 4102 1740 4154 dulcissimis
1756 4101 1789 4150 ab
1805 4114 1837 4151 44
1850 4101 1940 4153 verbis

1155 4188 1273 4247 deliniti,
1290 4183 1457 4248 postmodum
1481 4182 1578 4244 placati
1605 4185 1632 4231 44
1657 4181 1741 4244 444444
1757 4180 1939 4232 discedebant.

1156 4269 1195 4320 Ob
1212 4268 1289 4331 idque
1306 4277 1365 4314 aum
1382 4262 1501 4312 vocitare
1513 4259 1636 4313 solebant
1651 4261 1855 4319 incantatoremr
1872 4259 1942 4321 4444

1156 4350 1213 4410 eius
1241 4343 1371 4395 suavitate
1393 4339 1546 4402 disertoque
1563 4349 1704 4396 sermone,
1723 4341 1846 4400 tanquam
1864 4350 1942 4390 sacro

1155 4425 1268 4490 quodam
1281 4422 1395 4473 carmina
1407 4424 1433 4470 et
1444 4419 1621 4469 incantatione
1632 4417 1725 4477 enecti,
1736 4417 1910 4480 quiescerent.
1929 4439 1940 4459 ·

1195 4503 1235 4553 44
1251 4501 1418 4563 episcopatus
1433 4497 1657 4558 Pampilonenaem
1673 4498 1701 4546 et
1716 4495 1873 4547 lurisnsem
1885 4497 1942 4547 444·

1156 4586 1224 4641 4444,
1241 4579 1346 4630 tandem
1371 4578 1397 4626 in
1422 4574 1599 4626 cardinalium
1626 4587 1764 4626 numerum
1781 4578 1940 4637 cooptatus,

1155 4663 1267 4726 plurima
1284 4658 1349 4721 egit,
1366 4657 1398 4707 de
1415 4655 1513 4720 quibus
1528 4655 1587 4705 loco
1603 4667 1651 4705 suo
1667 4653 1816 4704 dicendum.

1196 4743 1231 4802 (2)
1243 4739 1283 4790 Pr.
1294 4737 1386 4786 Petrus
1397 4734 1426 4783 θ’
1438 4733 1700 4795 incuneningum
1710 4732 1833 4794 Magister
1848 4731 1941 4795 llospi·

1155 4821 1217 4871 talis
1233 4813 1550 4878 Hierosolymitaui,inter
1560 4815 1650 4864 Patres
1661 4809 1814 4860 cardinales
1830 4814 1942 4870 coopta-

1156 4904 1198 4949 tus
1216 4897 1280 4953 fnit,
1296 4894 1331 4945 ob
1349 4893 1460 4943 insulam
1478 4890 1601 4950 llbndnn,
1617 4890 1752 4953 antiquum
1782 4887 1881 4937 ordinis
1898 4888 1939 4936 sui

1156 4977 1324 5031 domicilium,
1342 4987 1355 5022 a
1373 4973 1498 5034 legionum
1515 4970 1650 5019 llaometis
1663 4966 1776 5016 terribili
1789 4969 1815 5015 et
1827 4967 1941 5015 maxima

1157 5056 1293 5106 invasione
1311 5055 1452 5104 servatam.
1478 5048 1625 5101 badericus
1647 5046 1804 5096 Francorum
1825 5044 1878 5094 ilex
1899 5045 1953 5105 pi··
1974 5096 1977 5105 ,

1158 5137 1225 5186 leum
1243 5132 1352 5183 rubrum
1369 5142 1418 5192 pro
1433 5129 1478 5178 illo
1495 5126 1602 5190 petebat
1619 5125 1697 5175 etiam
1714 5136 1746 5174 ex
1763 5135 1796 5171 co
1813 5121 1883 5185 quod
1904 5123 1943 5174 Zi-

1157 5216 1251 5266 aimum
1272 5211 1419 5273 Bajazeibis
1435 5208 1544 5259 fratrem
1562 5218 1596 5255 ex
1614 5204 1727 5255 adversa
1743 5213 1829 5264 pugna
1845 5202 1871 5250 in
1888 5201 1944 5252 fra·

1158 5297 1225 5343 trem
1243 5294 1327 5353 ipsum
1349 5288 1383 5337 ad
1400 5300 1428 5338 se
1445 5285 1658 5349 confugientem,
1678 5293 1741 5343 rega
1757 5280 1943 5341 deposcente,

1158 5369 1320 5421 traduxisset
1337 5368 1364 5416 in
1379 5366 1505 5415 calliam:
1521 5366 1548 5413 et
1558 5362 1647 5424 postea
1659 5358 1797 5421 captivum
1808 5357 1940 5410 illustrem
2015 5411 2021 5424 ,

1158 5450 1192 5501 44
1206 5446 1384 5499 inuocantium
1401 5444 1509 5497 miserit.
1530 5440 1583 5491 Sed
1598 5440 1631 5491 44
1650 5439 1699 5490 boc
1721 5449 1792 5489 nunc
1808 5449 1879 5487 nunc
1899 5437 1942 5487 di·

1159 5527 1397 5669 celiiilunslcriptores
1418 5597 1606 5660 ecclesiastici,
1622 5600 1728 5661 praeter
1744 5595 1859 5658 quinque
1876 5593 1939 5645 car·

1159 5688 1260 5740 dinalas
1277 5699 1292 5736 a
1309 5680 1460 5736 burchardo
1481 5678 1643 5737 nominatas.
1659 5676 1783 5728 44444444
1797 5677 1852 5727 trau
1876 5673 1940 5723 alios
