4492 6859
240 625 348 710 (⁴⁴8⁴)

241 780 325 822 seran
343 762 442 822 saltem
463 757 582 837 majoris
601 759 693 839 partis
711 757 921 832 Cardinalium,
941 776 1028 838 prae·

242 872 374 940 terquam
396 860 431 921 de
452 861 486 922 iis
506 878 580 939 quae
595 859 724 922 conteret
743 857 864 920 dominis
884 857 1027 920 Cardine·

243 962 317 1022 libus
331 973 361 1023 et
377 972 579 1041 praeterquam
599 959 634 1021 de
654 959 786 1032 abbatiis,
808 979 882 1039 quae
903 977 960 1020 non
975 979 1027 1021 ex·

239 1062 346 1123 cedunt
361 1064 490 1123 valorem
505 1061 696 1123 ducentorum
711 1060 896 1132 ducatorum,
909 1071 938 1122 et
957 1061 1026 1121 nibil

239 1164 316 1224 nitra
338 1174 432 1224 toxam
451 1163 581 1243 recipiat.

286 1266 369 1337 item,
390 1263 468 1343 quod
489 1264 599 1326 nullam
619 1262 785 1323 laenitatem
806 1260 1026 1340 praesentandi,

242 1376 293 1424 aut
318 1363 481 1424 nominandi
505 1362 542 1423 ad
566 1363 700 1424 ecelesias
718 1360 896 1424 cathedrales
916 1372 945 1424 et
960 1378 1026 1423 mo-

241 1465 366 1524 nasteria
388 1463 525 1524 concedet
546 1461 726 1540 Principibus
746 1461 955 1533 saecularibus,
973 1475 1025 1523 aut

237 1563 375 1642 praelatis
400 1561 596 1624 ecciesiasticis
615 1557 828 1639 cujuscumque
847 1560 1025 1636 conditionis,

237 1673 348 1735 status,
367 1673 420 1723 aut
440 1661 585 1740 qualitatis
604 1661 742 1734 existant,
763 1662 824 1721 sire
850 1660 1023 1741 imperialis,

237 1764 366 1842 regalis,
390 1760 522 1833 ducalis,
543 1760 815 1842 archiepiscopalis,
836 1761 1026 1841 episcopalis,

238 1866 283 1924 ccl
311 1862 521 1942 cujuscumque
548 1862 668 1923 alterius
692 1863 952 1943 praeeminentiae,
973 1860 1026 1921 nisi

237 1960 272 2024 de
293 1979 427 2041 expresso
447 1959 577 2035 consilio,
600 1963 646 2023 vei
666 1980 782 2023 assensu
803 1958 921 2040 majoris
937 1961 1026 2040 partis

237 2060 445 2123 cardinalium.

278 2163 362 2237 item,
385 2163 464 2241 quod
485 2163 595 2223 nuliam
618 2162 729 2224 bullam
739 2182 877 2244 unquam
899 2162 1026 2244 expediri

241 2263 397 2343 permittet,
404 2282 454 2324 seu
465 2264 552 2324 alicui
563 2264 709 2338 concedet,
717 2282 768 2344 per
780 2283 866 2342 quam
877 2284 907 2325 se
917 2244 1026 2323 astrin-

233 2376 285 2442 gat
298 2363 477 2442 principibus
498 2363 545 2425 rel
566 2365 654 2427 alicui
676 2364 815 2444 ipsorum,
829 2376 880 2426 aut
893 2381 942 2424 eos
957 2380 1026 2423 cer·

233 2462 345 2538 tilicet,
366 2465 445 2542 quad
476 2465 572 2526 nullas
606 2465 740 2527 eeclesias
767 2463 967 2537 cathedrales,
998 2472 1026 2523 et

232 2565 407 2626 monasteria
427 2565 579 2640 conferet,
605 2566 658 2626 nisi
681 2565 716 2627 de
736 2565 868 2645 ipsorum
890 2562 1026 2641 benepla-

237 2666 307 2738 cito,
327 2676 380 2725 aut
401 2665 560 2726 voluntate.

277 2765 361 2839 ltem,
380 2764 459 2843 quod
477 2784 534 2827 noar
552 2765 684 2846 deponet,
697 2778 748 2828 ant
759 2764 884 2846 privabit
900 2765 1026 2843 aliquem

237 2864 274 2924 ad
293 2866 459 2945 petitionem
480 2865 607 2944 aiicujus
627 2869 776 2949 principis,
791 2867 843 2928 nisi
857 2865 983 2946 juridice
997 2885 1027 2928 ae

233 2968 384 3041 instruat,
408 2968 455 3028 rel
480 2968 606 3039 crimina
627 2970 684 3029 sint
705 2970 841 3041 notoria,
861 2980 890 3030 et
908 2967 947 3027 nn
974 2985 1027 3028 ro-

234 3085 319 3129 mana
335 3070 430 3143 curia,
449 3070 583 3149 partibus
605 3072 672 3133 binc
694 3071 757 3134 inde
773 3071 887 3143 auditis,
901 3068 1027 3148 plcmrie

232 3169 437 3250 comprobata,
450 3189 502 3234 nec
522 3172 636 3234 cosdem
659 3174 804 3254 praelatos
825 3171 929 3231 inritos
942 3179 1027 3228 tran-

232 3271 344 3346 sleret,
366 3273 418 3333 nisi
438 3292 473 3335 ex
493 3274 602 3336 eisdem
630 3276 745 3349 causis,
766 3293 802 3337 ac
827 3283 948 3354 propter
978 3270 1027 3330 iiia

233 3374 346 3433 notorio
361 3374 494 3447 crimina,
508 3386 629 3454 propter
653 3393 729 3454 quae
749 3372 874 3452 dejure
897 3370 1029 3433 venirent

232 3471 390 3551 deponendi
396 3495 406 3548 3
421 3485 450 3535 et
467 3476 491 3535 si
506 3494 542 3536 ex
559 3477 659 3555 aliqua
681 3476 855 3550 necessitate,
869 3470 1026 3535 secundum

232 3573 449 3635 constitutiones
462 3577 625 3651 canonicas,
647 3577 757 3640 dandus
772 3578 861 3640 luerit
873 3576 961 3636 alicui
974 3593 1028 3636 ar·

237 3674 431 3756 cbiepiscopn,
451 3678 596 3757 episeopo,
608 3680 654 3741 rel
675 3678 771 3740 abbati
792 3676 956 3748 coadiutor,
971 3691 1028 3736 nors

238 3774 328 3848 dabit,
345 3777 398 3837 nisi
420 3778 448 3837 in
469 3777 563 3839 forma
579 3776 667 3856 juris,
688 3780 765 3841 omni
784 3776 961 3839 successione
975 3795 1028 3855 pe·

237 3875 317 3936 nitus
337 3887 458 3937 remota.

279 3978 361 4053 item,
373 3977 451 4058 quod
473 3979 546 4040 bona
567 3979 777 4052 Cardinalinm,
797 3981 884 4041 etiam
906 3978 1027 4059 religio-

237 4080 539 4157 sorum,oliornmque
551 4082 819 4161 praelatorum‚nec
831 4098 888 4141 non
897 4080 1025 4141 omnium

240 4180 398 4239 curialium
414 4177 460 4263 (l)
475 4199 527 4241 sen
547 4181 761 4242 cortisanorum
779 4182 807 4242 in
821 4182 950 4243 Eomana
965 4180 1029 4243 cn·

232 4280 279 4341 ria
301 4280 498 4344 decedentium
521 4284 603 4345 nullo
622 4284 709 4345 modo
728 4286 893 4366 occupabit,
908 4287 954 4347 rel
974 4303 1028 4347 oc·

233 4384 336 4461 cupari
360 4383 446 4446 saciet
471 4402 655 4464 quacumque
674 4386 785 4451 ratione
803 4390 847 4450 rel
867 4405 965 4461 eausa,
979 4387 1028 4450 aed

232 4485 393 4563 promittet,
406 4485 491 4565 juxta
506 4484 584 4564 juris
606 4485 825 4567 dispositionem,
841 4490 886 4552 rei
905 4506 1029 4552 consue·

237 4585 377 4659 tudinem,
392 4597 421 4648 et
440 4605 607 4650 concessam
627 4589 806 4662 facultatem,
820 4600 849 4651 et
867 4589 1028 4670 privilegia,

238 4704 274 4746 ac
297 4688 473 4749 voluntatem
494 4687 702 4764 decedentium,
718 4701 751 4750 ut
764 4690 849 4750 iidem
865 4690 1030 4753 decedentes

236 4786 271 4847 de
302 4785 384 4846 bonis
411 4786 448 4846 ad
472 4806 522 4849 eos
547 4807 664 4869 quoque
689 4791 775 4852 modo
800 4791 1028 4873 pertinentibus,

235 4897 324 4966 prout
337 4887 377 4949 eis
390 4888 546 4968 placuerit,
559 4889 718 4971 dispemnt,
731 4893 872 4972 liceatque
892 4892 944 4966 eis,
958 4887 1028 4953 abs-

236 5004 294 5063 que
315 4987 371 5049 alia
394 4988 521 5066 legitima
543 4988 670 5063 obtenta,
691 4992 815 5055 condere
831 5003 1028 5054 testamentum

236 5086 339 5158 iibere,
352 5098 382 5148 et
399 5088 541 5166 explicite,
553 5106 609 5150 non
627 5090 757 5153 obstante
770 5090 849 5153 bulla
859 5094 930 5154 alias
940 5112 1027 5174 super

238 5184 294 5247 boc
310 5187 338 5245 in
353 5186 484 5247 savorem
505 5190 649 5251 cruciatae
669 5169 783 5266 aediia3
805 5193 867 5254 aliis
888 5193 1028 5272 religiosis

239 5304 311 5348 vero
330 5305 386 5347 non
404 5286 618 5364 cardimlibus,
634 5293 683 5370 qui
699 5294 849 5374 propriam
861 5294 1027 5356 facultatem

237 5403 254 5445 a
274 5405 305 5447 se
325 5387 553 5463 abdicaverunt,
575 5393 773 5454 tantummodo
792 5396 930 5475 exceptis,
951 5414 1028 5474 qno·

237 5504 307 5547 rum
328 5487 401 5548 bona
423 5487 541 5549 derolri
562 5493 708 5569 permittet
729 5493 764 5554 ad
783 5494 877 5567 illum,
892 5496 936 5556 rel
952 5495 1026 5570 illos,

280 5702 317 5762 (t)
332 5701 358 5750 ln
369 5702 491 5764 bayneld.
510 5701 694 5765 cardinalium,
712 5704 758 5755 sed
776 5720 826 5757 nnn
844 5712 923 5757 recte.

700 620 904 686 cOb'cbeE
925 617 1026 703 POST
1049 618 1197 684 sixrtnt
1219 618 1421 691 QUARTUM.
1634 642 1636 646 ’
1840 627 1881 688 st

1096 755 1133 814 ad
1153 776 1237 834 quem
1257 759 1303 819 rel
1324 776 1397 837 quos
1417 758 1558 839 pertinent
1578 759 1613 822 de
1629 761 1708 840 jure,
1724 773 1880 824 consuetu-

1096 857 1171 932 dine,
1190 859 1235 919 rel
1257 858 1421 939 privilegio,
1439 876 1491 922 nee
1514 860 1548 921 de
1569 862 1765 940 proventibus,
1781 875 1810 924 et
1826 861 1881 940 jo·

1095 959 1177 1020 rdrus
1208 961 1309 1041 capelli
1330 961 1525 1025 cardinalium
1552 963 1749 1027 decedentium
1774 966 1882 1044 aliquid

1094 1061 1263 1141 occupabit,
1287 1063 1332 1123 rel
1353 1064 1492 1143 occupari
1518 1064 1617 1139 iaciat,
1641 1077 1692 1125 aut
1712 1066 1879 1145 permittct;

1094 1164 1153 1223 imo
1175 1163 1273 1234 rotet,
1303 1175 1336 1223 ut
1353 1163 1390 1225 sit
1412 1163 1536 1226 liberum
1556 1165 1660 1227 eisdem
1681 1164 1882 1228 cardinalibus

1093 1256 1179 1316 etiam
1200 1254 1340 1335 religiosis
1360 1255 1395 1317 de
1417 1256 1515 1317 iisdem
1537 1256 1734 1337 proventibus,
1754 1270 1784 1320 et
1800 1258 1882 1337 juri-

1093 1353 1148 1415 bus
1163 1359 1273 1429 testari,
1290 1366 1319 1417 et
1333 1354 1494 1436 disponere,
1513 1376 1548 1418 ac
1562 1358 1656 1419 iacere
1675 1370 1763 1438 prout
1780 1360 1820 1420 eis
1836 1362 1883 1421 ri·

1094 1454 1226 1529 debitum
1247 1455 1316 1516 etsi
1337 1474 1386 1517 eos
1407 1457 1553 1519 intestatos
1574 1456 1709 1520 decedere
1723 1459 1882 1540 contingat,

1093 1553 1255 1634 permittet,
1276 1555 1353 1633 qnod
1377 1547 1469 1637 jura,
1487 1568 1516 1620 et
1537 1568 1694 1637 proventus
1715 1559 1879 1640 hujusmodi

1092 1654 1197 1717 eisdem
1217 1655 1416 1718 decedentibus
1432 1656 1534 1732 debita,
1555 1670 1698 1721 transeant
1711 1660 1748 1720 ad
1765 1660 1883 1726 heredes

1083 1757 1280 1832 eorumdem,
1298 1755 1335 1818 ad
1359 1778 1432 1838 qnos
1453 1758 1573 1837 dejure
1596 1762 1641 1823 rel
1665 1762 1699 1823 de
1726 1774 1881 1825 eonsuetu-

1094 1856 1159 1918 dine
1179 1868 1318 1937 spectant,
1339 1858 1459 1920 sublatis
1479 1862 1683 1923 controversiis
1704 1864 1837 1926 omnibus
1854 1878 1883 1928 et

1093 1958 1230 2019 abusibus
1251 1958 1495 2039 quibuscumque.

1135 2060 1226 2133 item,
1248 2060 1324 2139 qnod
1346 2061 1455 2121 nullam
1477 2061 1697 2125 tntcudntoncrn
1715 2064 1751 2127 de
1776 2066 1883 2145 regnis,

1094 2159 1278 2233 civitatibus,
1302 2158 1405 2235 terris,
1426 2172 1457 2222 et
1476 2164 1577 2224 eastris
1598 2164 1775 2244 insignibus,
1795 2166 1880 2227 etium

1095 2259 1230 2322 derebus
1248 2279 1322 2339 quae
1341 2275 1553 2326 consueverunt
1575 2265 1725 2337 infeudari,
1746 2284 1794 2328 seu
1808 2268 1881 2329 alie·

1095 2360 1238 2424 nationem
1258 2363 1314 2424 sub
1334 2381 1520 2444 quocumque
1541 2366 1636 2440 titulo,
1656 2365 1741 2429 etiam
1755 2368 1883 2430 vicaria·

1095 2473 1152 2537 tus,
1171 2462 1538 2544 pignoris,empbitbeusia,
1561 2468 1607 2529 rel
1628 2468 1746 2529 alterins
1764 2479 1883 2532 eontra-

1095 2574 1170 2635 ctus,
1180 2563 1311 2637 faciet,in
1326 2582 1538 2645 quamcumque
1552 2584 1701 2647 personam
1712 2569 1884 2631 ecclesiasti·

1095 2680 1159 2722 cam
1171 2664 1215 2724 vel
1225 2665 1415 2733 saecularem,
1429 2677 1480 2726 ant
1505 2668 1738 2730 communitatem
1749 2668 1783 2731 de
1796 2670 1882 2731 rebus

1095 2773 1122 2824 et
1136 2759 1254 2839 juribus
1275 2775 1305 2825 et
1324 2763 1408 2825 bouis
1422 2766 1615 2845 spectantibus
1630 2767 1666 2829 ad
1679 2769 1883 2849 patrimonium

1095 2862 1253 2938 Ecclesiae,
1267 2875 1318 2925 out
1329 2864 1365 2924 ad
1384 2863 1611 2941 diminutionem,
1627 2869 1673 2930 rel
1688 2869 1882 2932 remissionem

1095 2981 1199 3027 census
1219 2975 1366 3026 terrarum
1387 2965 1534 3029 Ecclesiae
1551 2967 1651 3043 faciet,
1672 2970 1725 3030 nisi
1740 2969 1883 3032 delibera-

1096 3066 1173 3126 tione
1182 3066 1263 3145 prius
1274 3064 1369 3126 habita
1390 3068 1589 3142 consistoriali,
1603 3080 1631 3132 et
1647 3071 1884 3132 consentientibus
1955 3078 1958 3082 '

1096 3163 1208 3227 duabus
1234 3166 1365 3244 partibus
1390 3166 1586 3230 Cardioalium
1620 3188 1688 3230 cum
1715 3170 1883 3232 eorumdem

1095 3265 1364 3345 subscriptionibus,
1385 3278 1414 3328 et
1436 3268 1473 3329 ita
1492 3267 1591 3331 eodem
1612 3270 1697 3331 modo
1716 3269 1751 3330 de
1771 3272 1883 3331 noviter

1095 3365 1245 3444 acquisitis
1267 3368 1296 3427 in
1317 3366 1456 3444 Tbuseiu,
1474 3368 1605 3430 biarchis
1629 3381 1658 3431 ct
1683 3369 1881 3430 Romuudiola.

1137 3468 1221 3540 ltem,
1241 3467 1320 3546 quad
1341 3469 1414 3530 nulli
1435 3459 1509 3551 regi,
1524 3470 1603 3543 duci,
1619 3470 1753 3551 principi,
1768 3469 1884 3531 domino

1094 3579 1147 3629 ant
1156 3568 1354 3630 communitati
1365 3587 1421 3630 non
1431 3568 1559 3631 subditae
1576 3570 1640 3643 sibi,
1651 3568 1884 3649 movebitguer·

1096 3686 1177 3742 rom,
1198 3680 1249 3730 aut
1266 3688 1335 3730 cnm
1355 3669 1396 3731 cis
1416 3671 1506 3750 ligarn
1533 3669 1619 3733 iaciet
1641 3670 1678 3730 ad
1708 3670 1884 3731 inserendam

1095 3767 1182 3830 alicui
1200 3764 1340 3848 gtierram
1359 3770 1420 3833 sine
1440 3789 1574 3851 expresso
1596 3788 1736 3833 consensu
1757 3770 1883 3830 duarum

1096 3870 1224 3947 partium
1245 3868 1310 3930 llll.
1332 3869 1395 3931 DD.
1417 3869 1627 3932 cardinalium.

1137 3969 1334 4048 item,.quod
1359 3969 1534 4031 feodatarios
1561 3988 1737 4049 regnorum,
1762 3982 1792 4031 et
1811 3972 1884 4031 alios

1098 4068 1244 4144 vicarios,
1265 4087 1338 4147 qnos
1359 4067 1393 4130 dc
1414 4088 1491 4131 noro
1517 4068 1670 4143 investiet,
1699 4069 1883 4149 capitaneos,

1096 4168 1323 4247 gubernatores,
1342 4170 1526 4243 castellanos,
1546 4188 1702 4248 omnesque
1730 4168 1824 4242 alios,
1854 4182 1883 4231 et

1096 4270 1225 4349 singulos
1244 4266 1379 4329 officiales
1399 4264 1565 4345 hujusmodi
1584 4269 1618 4331 de
1640 4268 1719 4332 Urbe
1738 4287 1882 4342 rontano,

1095 4380 1125 4430 et
1139 4369 1262 4431 aliarum
1278 4381 1425 4432 terrarum
1440 4370 1603 4450 patrimonii
1614 4368 1760 4432 Ecclesiae
1771 4368 1882 4429 iloma·

1096 4486 1150 4531 nae
1167 4468 1213 4553 (E)
1227 4471 1313 4532 saciet
1327 4469 1430 4550 jurare
1451 4470 1480 4530 in
1495 4487 1598 4531 eorum
1618 4468 1795 4531 institutione
1812 4468 1884 4529 obe·

1095 4570 1229 4634 dientiam
1244 4582 1274 4632 et
1287 4570 1451 4633 fidelitatem
1469 4570 1615 4633 Romanae
1629 4568 1786 4642 Ecclesiae,
1802 4568 1883 4628 ride·

1097 4672 1164 4734 iicet
1177 4671 1229 4732 sibi
1250 4682 1279 4733 et
1296 4671 1518 4732 successoribus.
1538 4670 1637 4732 Faciet
1651 4670 1766 4749 insuper
1777 4667 1882 4745 jurare

1096 4771 1275 4854 supradictos
1296 4771 1483 4844 feodatarios,
1501 4782 1531 4834 et
1546 4770 1691 4841 officiales,
1713 4780 1882 4846 ceterosque

1096 4873 1125 4933 in
1141 4874 1195 4935 boc
1207 4872 1334 4953 capitulo
1345 4872 1513 4944 nominatos,
1528 4869 1617 4949 quod,
1627 4866 1692 4930 sede
1705 4877 1835 4941 vacante,
1845 4866 1881 4925 ad

1097 4973 1263 5034 mandatum
1282 4970 1412 5052 ipsorum
1433 4970 1495 5031 ut).
1516 4968 1724 5039 cardinalium,
1736 4965 1882 5039 civitates,

1097 5086 1200 5148 terras,
1219 5074 1294 5147 loca,
1312 5090 1405 5145 arces,
1423 5070 1551 5132 lortilitia
1571 5080 1600 5129 et
1621 5078 1715 5129 castra
1736 5065 1883 5126 Ecclesiae

1097 5174 1243 5237 Romanae
1258 5173 1419 5236 immediate
1434 5170 1545 5232 tradent
1566 5169 1642 5230 cetui
1660 5169 1788 5247 ipsorum
1805 5164 1883 5226 Car·

1097 5275 1256 5347 dinaiium,
1277 5285 1306 5336 et
1323 5270 1472 5352 expedient
1492 5268 1582 5330 iibere
1600 5269 1659 5329 sine
1680 5267 1741 5327 ulla
1761 5277 1882 5327 contra·

1096 5374 1267 5449 dictionc,et
1278 5372 1311 5434 de
1323 5373 1379 5433 boc
1398 5370 1506 5431 dabunt
1520 5368 1694 5442 cautionem,
1713 5378 1742 5428 et
1761 5362 1881 5442 fidejus-

1095 5477 1203 5538 sionem
1223 5474 1417 5535 sufficientem.

1418 5610 1881 5621 μ-*ῌ-υ--Ἀ

1137 5708 1170 5769 (2)
1186 5706 1284 5756 Desunt
1302 5704 1383 5766 alique
1402 5705 1426 5750 in
1443 5698 1566 5762 itnynald.
