4492 6859
311 606 371 667 rao
680 571 684 579 ’
773 605 1055 671 ronrrarmrus
1075 605 1300 675 innocnnrn
1320 613 1472 681 oortvr.

308 748 380 807 mini
402 745 564 818 Auriensis3
586 743 716 805 similiter
731 753 759 805 et
779 741 816 801 R.
838 743 872 804 l).
889 742 1043 806 aleriensis
1059 762 1093 803 ex

308 852 393 911 domo
413 866 466 907 sua
487 847 524 906 ad
543 843 674 907 eamdem
696 863 840 908 cameram
865 847 963 918 venit,
983 846 1014 906 in
1034 864 1091 923 qua

309 970 339 1011 sc
360 957 575 1027 congregarunt
595 955 777 1023 expectantes
798 948 910 1018 horam,
941 965 996 1024 qua
1019 964 1091 1008 con·

306 1053 453 1112 sistorium
467 1057 559 1109 essent
580 1048 754 1126 ingressuri,
773 1047 823 1107 ubi
846 1067 913 1109 cum
934 1049 1022 1109 simul
1043 1068 1090 1138 cs-

306 1158 369 1216 sant
390 1150 569 1230 congregati,
580 1149 706 1210 dimissis
726 1150 844 1213 birretis
863 1152 924 1211 suis
942 1151 1090 1230 quotidia-

307 1259 360 1330 nis,
394 1263 566 1332 acceperunt
596 1250 724 1330 primum
752 1253 864 1313 rosacia
888 1252 1089 1314 cardinalibus

306 1356 512 1420 convenientia.
547 1355 666 1415 lnterim
698 1364 841 1415 venerunt
872 1353 908 1414 ad
943 1352 1087 1413 Palatium

305 1458 472 1521 Cardinales
488 1455 614 1534 antiqui,
632 1465 661 1515 et
683 1455 737 1516 SS.
759 1456 794 1515 D.
811 1454 845 1515 N.
866 1464 985 1535 paratus
1005 1473 1087 1515 more

306 1557 542 1620 eonsueto'venit
564 1556 601 1615 ad
622 1559 717 1617 locum
740 1557 920 1629 consistorii,
941 1555 993 1618 nbi
1011 1555 1087 1617 car·

307 1660 412 1721 dinales
432 1678 530 1721 omnes
548 1657 680 1737 antiquos
702 1659 812 1738 accepit
828 1657 864 1717 ad
882 1658 1085 1733 reverentiam,

305 1774 337 1821 ut
358 1764 448 1822 moris
465 1772 517 1822 est.
530 1759 619 1834 Tum,
633 1759 764 1820 omnibus
778 1759 1010 1833 consedentibus,
1022 1759 1085 1821 Do·

303 1862 398 1922 minus
410 1861 577 1920 Dominicns
591 1859 737 1921 Romanus
755 1859 920 1921 advocatos
936 1859 1085 1921 Consisto·

302 1962 384 2022 rialis
406 1963 559 2042 proposuit
581 1960 735 2039 quamdam
755 1979 883 2034 causam,
902 1979 961 2039 qua
986 1971 1014 2021 et
1031 1961 1085 2020 ad-

303 2064 399 2136 missa,
414 2062 469 2123 SS.
485 2063 520 2122 l).
535 2060 569 2121 N.
591 2061 659 2122 lecit
670 2078 758 2121 unam
770 2061 914 2123 modicam
928 2061 1084 2121 orationem

300 2181 423 2224 narrans
439 2180 568 2236 causam,
584 2160 621 2222 ob
640 2178 727 2238 qnam
740 2160 905 2224 cardinales
921 2163 1044 2235 creavit,
1056 2173 1085 2224 ct

300 2265 451 2344 publicans
472 2282 545 2341 qnos
566 2263 725 2342 assumpsit:
747 2263 967 2325 admonitionem
991 2275 1084 2325 tamen

300 2365 364 2427 lieri
389 2376 554 2426 consuetam
577 2364 658 2424 novis
678 2362 879 2425 cardinalibus
910 2365 1007 2425 iacere
1028 2382 1084 2423 no-

300 2468 379 2539 luit,
399 2465 495 2527 dicens
516 2468 544 2525 in
573 2476 684 2526 secreto
709 2466 879 2527 consistorio
907 2466 987 2526 illam
1020 2463 1082 2526 lieri

299 2570 416 2640 debere,
435 2567 498 2627 litt.
519 2566 581 2627 bt).
603 2565 847 2628 vicecancellario
867 2577 896 2627 et
914 2564 1082 2627 camerario

298 2668 499 2742 asserentibus,
517 2668 554 2728 it.
572 2669 608 2728 l).
631 2667 731 2729 Sancti
751 2668 840 2728 lilarci
860 2679 889 2729 et
903 2687 948 2729 me
962 2676 1083 2728 contra-

298 2772 376 2830 rium
398 2769 594 2849 allegantibus.
615 2768 732 2830 interim
754 2768 817 2827 itit.
840 2768 901 2828 DD.
914 2768 949 2829 de
960 2769 1042 2828 Euro
1052 2779 1081 2828 et

300 2872 401 2933 Sancti
415 2869 548 2948 Georgii,
565 2869 807 2942 Beneventanum,
819 2880 882 2949 post
899 2868 962 2929 illos
974 2868 1008 2929 de
1023 2868 1080 2929 Sa·

300 2974 384 3034 bellis
414 2983 443 3033 et
473 2971 624 3043 Columna,
639 2969 827 3042 aleriensem,
847 2981 877 3031 et
908 2969 1032 3032 Ursinus
1052 2982 1080 3032 et

297 3072 446 3147 Ascmius,
464 3072 633 3132 Auriensem
655 3071 683 3130 in
703 3071 809 3132 ultimo
825 3072 1079 3155 locoassociarunt

297 3174 333 3235 ad
354 3174 565 3236 consistorium.
586 3171 660 3233 cum
680 3184 772 3234 essent
792 3172 823 3232 in
844 3173 965 3235 introitu
983 3177 1078 3236 consi-

294 3278 377 3338 storii
398 3276 475 3357 Papa
496 3275 590 3336 linivit
607 3294 768 3336 sermonem
789 3294 887 3348 suum,
901 3277 1001 3354 sicque
1019 3277 1079 3337 sine

295 3397 378 3440 mora
393 3388 575 3441 accesserunt
595 3376 631 3434 ad
652 3374 820 3436 Pontificem
835 3395 903 3436 cum
918 3378 1077 3437 reverentia

295 3490 447 3551 consueta,
470 3496 556 3556 quarn
578 3476 711 3537 Pontifici
732 3488 797 3538 ante
817 3475 926 3556 gradus
947 3477 1011 3537 solii
1032 3476 1076 3538 le·

297 3577 543 3638 ceruntbcccssit
554 3578 665 3656 primus
680 3575 846 3638 Pontificem
861 3578 1077 3639 Beneventanus

295 3698 363 3739 cum
383 3679 445 3737 suis
466 3676 701 3749 conductoribus,
723 3696 808 3756 quem
827 3677 906 3757 Papa
927 3678 961 3737 ad
987 3677 1076 3758 pedis,

294 3797 416 3850 ritanus,
433 3789 462 3838 et
482 3779 541 3837 oris
562 3777 694 3838 osculum
715 3780 846 3860 accepit:
873 3778 929 3839 illis
947 3780 977 3838 in
1003 3780 1076 3842 solio

295 3877 515 3953 remanentibus,
531 3878 652 3940 accessit
672 3878 757 3938 etiam
772 3879 925 3940 aleriensis
938 3898 1005 3940 cum
1016 3882 1075 3942 suis

294 3980 537 4053 conductoribus,
561 3980 612 4057 qui
632 3978 732 4041 eodem
753 3980 838 4041 modo
858 3992 989 4060 receptus
1016 3994 1074 4056 est,

293 4083 427 4143 similiter
445 4092 475 4142 et
494 4081 654 4154 Auriensis
677 4081 780 4159 quibus
800 4083 934 4143 omnibus
952 4084 1074 4161 receptis

293 4199 311 4238 a
339 4180 475 4241 Pontilice
505 4192 686 4242 accesserunt
717 4184 878 4245 successive
910 4183 947 4243 ad
976 4202 1073 4245 omncs

293 4280 469 4355 cardinales,
480 4282 575 4361 primo
595 4282 632 4343 ad
650 4282 939 4357 vicecancellarium,
955 4293 1018 4343 tum
1037 4283 1072 4343 ad

294 4382 364 4443 alios
378 4392 406 4441 et
427 4382 462 4439 ab
483 4383 616 4443 omnibus
628 4381 664 4441 ad
683 4384 742 4443 oris
760 4386 893 4445 osculum
907 4393 974 4442 sunt
990 4402 1074 4445 rece·

295 4480 345 4559 pti.
358 4481 433 4541 Tum
449 4481 484 4540 ad
494 4500 547 4541 sna
560 4485 622 4543 ioca
633 4494 697 4562 post
710 4482 746 4542 tt.
757 4484 793 4544 1).
805 4483 985 4545 Cardinalem
996 4484 1073 4546 Par·

294 4599 419 4642 mensem
441 4584 589 4644 collocati:
610 4583 714 4662 quibus
730 4586 954 4659 consedentibus,
969 4586 1072 4645 Domi·

293 4699 348 4740 nus
366 4681 474 4743 Paulus
494 4682 601 4744 Planta
620 4685 783 4746 advocatus
809 4688 957 4768 proposuit
984 4687 1071 4747 aliam

294 4782 548 4859 commissionem,
578 4803 635 4862 qua
676 4806 731 4865 pro
762 4787 900 4848 Pontibce
928 4788 1072 4863 admissa,

294 4895 425 4945 cantores
438 4884 623 4966 incoeperunt
633 4898 661 4948 et
672 4890 818 4967 prosecuti
833 4901 900 4950 sunt
914 4889 1069 4971 hymnum,

293 5145 406 5205 diuma,
431 5151 457 5196 et
482 5149 517 5197 lui
539 5160 623 5199 venne
640 5163 654 5199 e
674 5150 749 5201 meno
774 5164 834 5201 seco
852 5153 875 5202 la
892 5154 985 5206 Giralla
1008 5160 1035 5207 et
1053 5158 1069 5207 ii

292 5224 377 5277 Leone
394 5227 552 5286 domestico,
569 5240 584 5277 c
600 5229 633 5291 gli
650 5228 719 5280 dono
734 5231 785 5280 alla
800 5231 915 5294 Signoria
932 5247 979 5297 per
995 5242 1070 5300 parte

295 5304 336 5355 del
361 5308 489 5366 Soldaao,
505 5306 538 5356 ed
559 5308 627 5359 abbe
650 5310 728 5373 lungo
744 5311 875 5375 colloquio
891 5316 931 5364 col
948 5316 1071 5366 Gonialo·

293 5387 365 5436 niara
382 5400 430 5448 per
447 5400 536 5458 mezzo
552 5388 577 5437 d'
588 5403 623 5439 uu
640 5392 783 5454 interprete
809 5395 943 5455 Siciliano,
962 5402 989 5448 et
1009 5411 1071 5461 pre·

294 5467 367 5515 sentd
389 5468 396 5515 i
421 5468 526 5529 capitoli
547 5471 573 5517 et
594 5470 722 5532 privilegii
739 5472 788 5521 obe
812 5473 902 5524 lacera
922 5477 938 5524 il
960 5477 1070 5527 soldano

292 5543 341 5592 alla
357 5545 450 5594 nazian
467 5546 612 5607 florentina,
623 5562 652 5600 so
668 5549 686 5597 l’
698 5552 819 5601 avessino
837 5555 926 5604 voluto
943 5558 1069 5608 traibcarc

291 5622 489 5750 nc’suoipaesi.
502 5647 510 5669 ι
521 5627 581 5679 Post
597 5629 702 5691 aliquod
718 5635 821 5695 tempus
837 5633 946 5698 togatus
963 5638 1067 5689 Romam

293 5713 410 5761 processi
426 5738 431 5751 .

1837 626 1943 712 (aur)

1159 747 1220 810 sive
1241 752 1405 814 canticum:
1429 754 1470 815 Te
1487 756 1585 819 Deam
1607 761 1791 835 laudamus,-
1814 782 1874 841 quo
1896 770 1938 827 in-

1159 859 1258 929 coepto
1275 851 1359 913 iidem
1374 865 1504 918 cantores
1526 859 1672 921 intrarunt
1691 865 1854 942 cappellam
1869 886 1937 945 par·

1161 966 1224 1010 vam
1246 964 1400 1027 cantantes,
1412 975 1484 1034 qnos
1504 960 1595 1019 secuti
1617 974 1682 1022 sunt
1702 982 1803 1025 omnes
1835 965 1937 1028 Cardi-

1157 1051 1234 1112 nales
1253 1050 1386 1133 (exceptis
1405 1055 1439 1117 de
1460 1059 1541 1118 Fuso
1562 1072 1590 1120 et
1612 1061 1708 1124 Sancti
1735 1062 1868 1146 Georgii,
1890 1074 1937 1147 qui

1155 1149 1273 1211 iverunt
1286 1153 1323 1211 ad
1337 1156 1524 1217 assistendum
1535 1158 1641 1242 Papae)
1652 1161 1711 1222 bini
1722 1176 1751 1225 et
1762 1163 1939 1247 bini,primo

1156 1248 1417 1315 vicecancellarius
1429 1267 1496 1329 etc,
1507 1256 1607 1320 deinde
1618 1262 1664 1321 alii
1681 1282 1734 1324 suo
1746 1265 1860 1327 ordine.
1877 1267 1940 1331 itit.

1154 1347 1268 1411 Domini
1289 1353 1322 1415 de
1337 1354 1506 1431 Gomitibus,
1527 1371 1556 1422 et
1574 1360 1749 1440 Parmensis,
1770 1366 1941 1450 Presbyteri

1154 1450 1328 1530 cardinales,
1337 1457 1374 1517 ob
1385 1458 1528 1520 detectum
1536 1462 1884 1539 Diaconorum,rnedium
1897 1471 1942 1531 in-

1154 1563 1198 1612 ter
1219 1574 1248 1614 se
1270 1553 1433 1619 babuerunt
1449 1561 1633 1640 aleriensem,
1652 1578 1680 1627 et
1699 1569 1728 1627 in
1748 1570 1858 1631 ultimo
1880 1573 1943 1635 loco

1152 1654 1310 1716 incedentes
1337 1655 1470 1719 Sabellus
1491 1671 1519 1722 et
1540 1663 1680 1726 Columna
1698 1666 1941 1743 Diaconi,Bene·

1153 1766 1318 1831 ventanum3
1334 1759 1445 1837 antiqui
1459 1760 1625 1825 cardinales
1644 1764 1775 1827 iecerunt
1790 1769 1940 1832 circulum

1151 1854 1277 1919 sedentes
1298 1877 1314 1917 a
1334 1861 1472 1921 cornibus
1491 1864 1592 1923 altaris
1608 1885 1709 1926 versus
1721 1880 1840 1947 portam
1855 1872 1940 1951 prin·

1151 1955 1271 2034 clpalem
1291 1957 1383 2020 dictae
1408 1962 1560 2040 cappellae.
1582 1963 1639 2025 Sex
1658 1964 1795 2047 Episcopi
1813 1988 1831 2029 a
1847 1989 1939 2033 cornu

1150 2055 1305 2137 Epistulae,
1318 2057 1483 2140 Presbyteri
1505 2082 1522 2121 n
1543 2081 1636 2124 cornu
1651 2065 1818 2147 Evangelii,
1829 2082 1860 2132 et
1877 2088 1941 2152 post

1150 2176 1196 2219 eos
1208 2159 1258 2219 alii
1270 2157 1435 2239 Presbyteri
1446 2174 1474 2222 et
1490 2163 1608 2224 Diaconi
1630 2186 1645 2224 a
1668 2185 1761 2248 corpu
1777 2169 1941 2251 Epistulae,

1149 2258 1172 2316 si
1187 2257 1257 2320 bane
1273 2257 1434 2336 judico...
1447 2263 1497 2323 sed
1508 2264 1581 2324 illud
1591 2266 1633 2326 eis
1643 2269 1761 2347 placuit.
1775 2269 1854 2332 Nori
1866 2272 1941 2335 car-

1149 2357 1254 2421 dinales
1275 2380 1304 2422 se
1325 2373 1508 2441 prostrarunt
1530 2366 1559 2426 in
1578 2377 1686 2427 terram
1708 2381 1774 2432 ante
1794 2375 1892 2435 altare
1913 2374 1954 2434 in'

1149 2459 1234 2537 plano
1261 2464 1405 2542 cappellae
1433 2482 1521 2544 super
1551 2478 1645 2547 tapete
1671 2488 1803 2549 magno,
1833 2474 1939 2536 ibidem

1148 2573 1257 2640 parato.
1280 2562 1494 2625 Beneventanus
1516 2566 1546 2626 in
1567 2568 1677 2643 medio,
1697 2589 1715 2630 a
1736 2570 1851 2634 dextris
1868 2576 1938 2638 Ale·

1149 2663 1262 2737 riensis,
1284 2676 1348 2725 eta
1376 2666 1500 2726 sinistris
1518 2664 1581 2743 ejus
1601 2668 1769 2744 Auriensis,
1791 2689 1940 2737 manentes

1149 2779 1242 2839 usque
1263 2775 1326 2841 post
1344 2764 1449 2826 dictam
1465 2768 1633 2829 orationem.
1653 2772 1747 2833 Finito
1774 2774 1817 2835 Te
1837 2776 1937 2840 Derim

1148 2864 1325 2935 laudamus,
1336 2865 1594 2930 vicecancellarius
1614 2883 1783 2935 stansextra
1798 2878 1895 2939 altare
1909 2880 1936 2940 in

1147 2981 1237 3025 cornu
1250 2963 1410 3043 Epistulae,
1424 2986 1505 3027 versa
1527 2970 1598 3031 facie
1614 2972 1649 3031 ad
1664 2992 1755 3034 cornu
1770 2975 1937 3058 Evangelii,

1147 3066 1237 3146 capite
1260 3065 1451 3145 discooperto,
1471 3089 1505 3131 ex
1534 3072 1612 3132 libro
1631 3092 1717 3154 super
1736 3078 1825 3139 altari
1844 3083 1937 3161 posito

1145 3165 1227 3227 dixit:
1237 3167 1332 3228 Pater
1344 3178 1460 3240 noster,
1472 3182 1501 3230 et
1518 3172 1574 3231 alia
1586 3186 1672 3252 prout
1685 3175 1714 3234 in
1725 3180 1935 3242 caerimoniali:

1145 3268 1251 3344 quibus
1272 3267 1363 3341 dictis,
1375 3269 1540 3331 cardinales
1552 3273 1621 3333 novi
1639 3292 1845 3354 surrexerunt,
1857 3293 1887 3343 et
1900 3303 1934 3344 eo

1144 3368 1243 3429 ordine
1259 3386 1316 3446 quo
1338 3381 1487 3443 venerunt,
1504 3390 1600 3434 omnes
1621 3375 1771 3439 redierunt
1782 3379 1818 3439 ad
1835 3384 1932 3458 consi·

1142 3468 1264 3530 starium
1279 3468 1315 3527 ad
1334 3468 1515 3545 Pontificem,
1526 3491 1624 3534 coram
1639 3495 1698 3554 quo
1712 3478 1847 3543 lecerunt
1867 3487 1927 3548 cir-

1144 3570 1256 3643 culum,
1278 3574 1344 3629 novi
1365 3590 1383 3631 a
1403 3573 1497 3651 latere¹
1516 3574 1660 3637 Pontificis
1681 3580 1711 3639 in
1737 3582 1826 3661 plano
1856 3587 1929 3661 solii,

1143 3668 1215 3730 inira
1234 3668 1366 3750 Episcopi
1385 3689 1403 3730 a
1417 3671 1525 3733 dextris
1535 3684 1563 3734 et
1574 3674 1770 3758 Presbyteria
1785 3684 1910 3746 sinistris
1915 3710 1927 3760 ;

1141 3770 1259 3831 Diaconi
1279 3781 1342 3851 post
1356 3790 1463 3834 omnes:
1474 3774 1541 3835 novi
1553 3774 1719 3840 Cardinaies
1729 3781 1816 3843 simul
1830 3802 1927 3846 omnes

1142 3883 1200 3933 tres
1211 3872 1429 3951 ganudenerunt
1438 3892 1536 3935 coram
1547 3875 1694 3939 Pontifice.
1705 3880 1783 3942 rum
1796 3882 1926 3947 Pontifex

1142 3973 1279 4053 recipiens
1302 3973 1463 4054 cappellum
1485 3974 1607 4036 rubeum
1629 3996 1737 4039 novum
1757 3999 1827 4042 cum
1855 4004 1924 4065 pen-

1141 4073 1230 4135 dentis
1248 4075 1413 4148 suis,manu
1427 4076 1508 4136 Petri
1520 4078 1555 4138 de
1570 4079 1660 4151 Valle,
1677 4080 1748 4140 illud
1760 4085 1850 4164 capiti
1868 4087 1923 4147 lie·

1141 4177 1288 4238 neventani
1309 4176 1486 4255 discooperto
1515 4179 1661 4259 imponens
1690 4182 1783 4245 dixit:
1816 4188 1922 4269 accipe

1140 4289 1194 4339 etc.
1207 4275 1273 4346 Quo
1285 4276 1371 4350 dicta,
1381 4276 1512 4339 Pontifex
1526 4280 1650 4343 restituit
1662 4286 1826 4365 cappellum
1837 4307 1922 4369 prae·

1141 4376 1216 4439 dicto
1237 4377 1324 4439 Petro
1346 4378 1517 4453 tenendum,
1536 4391 1569 4440 ut
1590 4383 1692 4460 prius3
1714 4385 1816 4450 deinde
1843 4389 1919 4450 aliud

1140 4479 1301 4558 cappellum
1322 4482 1433 4561 accepit
1454 4480 1488 4541 de
1509 4499 1597 4542 manu
1626 4487 1768 4560 alterius,
1793 4500 1824 4550 et
1854 4489 1921 4551 illud

1140 4581 1271 4659 imposuit
1283 4580 1370 4660 capiti
1384 4580 1549 4652 aleriensis,
1572 4582 1666 4645 dicens
1681 4596 1716 4645 ut
1731 4591 1828 4666 prius;
1845 4590 1918 4652 idem

1139 4677 1205 4740 iecit
1220 4678 1255 4740 de
1277 4680 1363 4741 tertio
1381 4682 1509 4760 cappello
1528 4683 1683 4746 buriensi:
1705 4696 1767 4747 tum
1786 4708 1920 4753 surrexe·

1140 4790 1209 4840 runt
1237 4781 1305 4841 nori
1330 4779 1517 4855 cardinales,
1541 4795 1569 4844 et
1590 4784 1675 4846 simul
1697 4806 1765 4849 cum
1796 4790 1920 4871 arntiquis

1138 4882 1271 4943 aederunt
1289 4880 1325 4942 ad
1343 4883 1406 4943 loca
1421 4901 1486 4957 sun,
1499 4886 1623 4964 exceptis
1641 4886 1676 4947 de
1686 4888 1778 4964 Faxo,
1791 4900 1819 4951 et
1836 4893 1919 4953 etiam

1140 4981 1240 5043 Sancti
1261 4982 1404 5064 Georgii,
1423 4986 1474 5063 qui
1495 4999 1661 5048 manserunt
1692 5007 1760 5051 cum
1782 4990 1919 5056 Pontidcc

1138 5086 1168 5142 in
1189 5102 1241 5143 sua
1262 5085 1428 5159 assistentia,
1454 5099 1630 5167 expectantes
1652 5089 1803 5152 introitum
1828 5091 1918 5155 Turai

1139 5184 1174 5244 ad
1195 5186 1405 5259 consistorium,
1426 5197 1454 5248 et
1475 5188 1552 5249 illius
1574 5191 1766 5271 receptionem
1772 5214 1783 5266 3
1802 5194 1918 5256 interim

1138 5286 1307 5349 Franciscus
1321 5288 1392 5349 cibo
1407 5291 1540 5351 exlatere
1554 5290 1697 5353 Pontificis
1712 5296 1872 5373 recedens,
1885 5307 1920 5360 ul

1137 5391 1218 5467 prius
1242 5387 1418 5463 mandatum,
1443 5406 1510 5449 cum
1529 5388 1702 5455 Oratoribus
1717 5394 1796 5455 laicis
1811 5394 1865 5458 ivit
1886 5397 1921 5457 ad

1138 5489 1337 5550 assumendum
1369 5490 1500 5552 'l'urcnnr
1524 5512 1558 5554 ex
1590 5495 1712 5556 cameris
1742 5496 1920 5561 habitationis

1137 5609 1215 5664 suae3
1227 5592 1276 5669 qui
1288 5592 1328 5651 sic
1340 5592 1495 5653 associatus
1507 5595 1633 5657 medium
1645 5596 1720 5659 inter
1731 5598 1919 5661 Franciscnm

1136 5701 1165 5751 et
1176 5690 1476 5769 Prioremblverniae,
1488 5696 1919 5775 praecedentibusservientibus
