4492 6859
220 621 333 707 (rma)

228 772 368 823 verteret.
389 760 636 823 Protbonotarius
645 762 729 842 juxta
743 762 917 825 credentiam
931 764 1017 826 ιιιιιιι

226 862 385 933 ιιιιιιιιιιιιι,
407 860 523 934 albam,
544 872 574 923 et
595 861 745 942 cingulum
779 864 914 942 recepit,
951 864 1017 926 lotis

229 961 314 1040 prius
334 980 386 1040 per
418 961 519 1022 ambos
543 964 683 1023 manibus.
719 964 861 1028 Omnibus
887 963 995 1045 paratis
1007 1008 1017 1038 ‚

227 1060 376 1122 celebrans
399 1061 520 1123 accessit
551 1062 588 1120 ad
622 1065 738 1136 altare,
770 1064 839 1125 lecit
860 1062 1019 1124 consessio·

229 1180 318 1234 uem,
337 1171 366 1223 et
385 1180 454 1223 eum
468 1181 507 1224 eo
525 1161 688 1224 cardinalis
705 1163 883 1224 ordinandus
901 1164 938 1223 ad
955 1160 1019 1238 ejus

228 1263 376 1324 sinistram
391 1273 472 1323 stans
488 1306 497 1334 ,
516 1273 546 1323 et
560 1262 805 1325 Protlronotarius
820 1265 856 1326 ad
871 1264 1016 1324 sinistram

229 1362 393 1424 Cardiaalis
427 1361 578 1423 ordinandi
608 1364 801 1444 genuflexus,
831 1364 921 1425 etism
951 1382 1033 1424 cum-

229 1465 271 1526 eis
292 1465 361 1525 lecit
374 1464 592 1540 consessionem}
609 1483 667 1543 qua
688 1466 765 1527 lacta
781 1465 944 1527 cardinalis
964 1482 1019 1542 ge·

231 1563 351 1625 nuflexit
370 1574 436 1626 ante
444 1564 607 1625 scabellum
625 1584 713 1627 suum
727 1575 901 1646 coopertum
925 1573 1018 1642 tapete

188 1721 192 1732 ,
232 1666 261 1728 in
276 1667 363 1745 plano
377 1659 549 1745 presbyterii
561 1666 590 1726 iu
605 1683 742 1746 supremo
763 1665 859 1746 gradu
873 1675 939 1725 ante
959 1681 1017 1723 me·

232 1767 312 1827 diurn
327 1767 419 1827 altare
439 1764 576 1846 positum,
590 1775 619 1827 et
634 1765 875 1828 Protlronotnrius
893 1775 958 1825 aute
976 1764 1021 1822 in-

233 1866 334 1928 fimum
348 1866 474 1947 gradum
490 1866 663 1946 presbyterii
682 1866 846 1946 genuflexit.
866 1863 1021 1927 Celebrans

233 1968 305 2031 sedit
326 1969 356 2027 in
382 1967 457 2028 dicto
479 1967 637 2028 faldistorio
659 1968 688 2027 in
716 1966 809 2028 medio
830 1966 931 2025 altaris
953 1981 1021 2023 cum

235 2070 321 2129 mitra
336 2080 365 2130 et
379 2068 449 2129 dixit
460 2067 695 2129 Protbonotario:
703 2068 766 2147 {ilii
780 2067 956 2135 carissime,
968 2066 1020 2144 os-

236 2170 341 2250 pcium
361 2169 514 2231 bestiarii
530 2177 587 2229 etc.
607 2167 707 2229 deinde
727 2166 804 2229 dedit
815 2168 912 2226 eluces
927 2165 1021 2244 primo

233 2268 402 2342 Cardinali,
421 2268 521 2329 deinde
539 2266 767 2330 Prothonotario
780 2287 788 2326 :
803 2276 833 2329 et
852 2267 907 2325 alla
926 2263 1021 2325 omnia

234 2379 324 2448 prout
346 2370 374 2426 in
396 2365 575 2455 Pontificali,
590 2369 753 2439 orationis,
773 2364 973 2426 instructionis
993 2374 1023 2423 et

237 2466 428 2528 ordinationis
443 2484 493 2527 seu
507 2466 718 2540 admonitionis,
733 2467 829 2546 quoad
847 2462 1022 2526 ordinandos

235 2566 307 2626 dixit
326 2569 354 2625 in
376 2566 518 2645 singulari
537 2566 766 2628 Protbonotario
788 2577 923 2638 tantum,
946 2582 1022 2642 quo·

236 2668 313 2727 niam
347 2666 505 2728 Cardinnlis
528 2677 710 2745 tamquama
742 2662 882 2727 Pontifice
909 2665 1022 2725 instru-

237 2777 303 2828 ctus
321 2777 349 2828 et
370 2766 557 2841 admonitus,
588 2786 641 2847 per
662 2767 844 2827 ordinantem
867 2781 922 2825 nou
945 2762 1023 2826 venit

239 2866 454 2941 instruendus,
485 2867 531 2928 rel
567 2867 745 2929 monieudus.
779 2867 860 2927 Datis
897 2876 1023 2944 quatuor

240 2969 376 3041 monitis,
398 2968 546 3030 celebrans
578 2969 664 3029 rediit
692 2969 728 3029 ad
750 2987 844 3031 cornu
865 2967 1023 3047 epistolae,

237 3082 267 3131 ιι
285 3072 313 3131 in
334 3072 419 3130 altari
440 3070 512 3131 dixit
541 3071 700 3132 orationem
723 3070 903 3151 propbetum
921 3113 930 3139 ,
950 3087 1023 3147 gra-

239 3170 345 3244 duale,
367 3172 453 3231 allam
472 3171 634 3233 orationem
660 3190 728 3231 cunt
748 3172 879 3233 oratione
898 3188 952 3248 pro
971 3186 1025 3229 ot·-

239 3271 370 3331 dinandis
382 3293 392 3345 ;
425 3271 543 3331 interim
572 3271 731 3332 Cardinalis
752 3269 928 3333 ordinandus
960 3279 1025 3329 ante

239 3392 325 3433 suum
351 3374 511 3434 scabellum
531 3383 560 3433 et
582 3371 828 3433 Prothonotnrius
856 3372 884 3431 in
905 3369 1026 3450 gradu,

240 3485 274 3533 ut
296 3475 377 3553 prius
391 3493 487 3552 gettun
500 3472 664 3546 flectentes,
683 3473 768 3534 dictis
782 3473 896 3533 duabus
915 3470 1024 3532 ultimis

240 3574 436 3647 orationibus,
457 3572 607 3634 celebrans
638 3574 666 3633 in
687 3573 848 3634 faldistorio
869 3581 935 3632 ante
961 3589 1026 3633 me·

240 3672 320 3734 dium
341 3674 432 3733 altare
464 3672 632 3751 genuflexus
653 3691 720 3733 cum
743 3674 833 3733 mitra
867 3672 938 3731 dixit
964 3672 1027 3732 lae·

241 3776 370 3836 taniam:
392 3772 558 3835 ordinandis
590 3775 706 3834 interim
726 3773 762 3831 ad
784 3770 849 3849 ejus
881 3771 1025 3831 sinistram

241 3876 418 3956 prostratis,
442 3872 605 3934 Cardinalis
633 3870 718 3948 juxta
752 3872 968 3945 celebrantem,
999 3882 1027 3931 et

179 3984 181 3990 '
242 3986 308 4054 post
327 3972 533 4046 cardinalem,
555 3974 616 4031 sire
638 3972 674 4031 ad
693 3970 857 4033 Cardinalis
872 3972 1028 4046 sinistram,

243 4072 486 4135 Protbonotarlns
502 4071 613 4144 dictus,
638 4082 671 4131 ut
691 4071 861 4150 obsequium
883 4082 950 4139 etc,
976 4090 1029 4132 ce·

247 4174 361 4236 lebrans
382 4191 449 4231 cnm
470 4171 554 4231 mitra
572 4180 602 4232 et
624 4171 730 4232 baculo
744 4172 881 4251 pastorali
900 4182 977 4231 stam
991 4171 1027 4230 ud

243 4273 418 4336 ordinandos
434 4291 545 4345 versus,
561 4272 630 4332 dixit
649 4284 683 4334 ut
698 4274 754 4334 llos
771 4275 886 4335 eleetos
902 4270 1029 4334 benedi-

244 4394 314 4436 cere
334 4373 475 4456 dipneris
496 4384 550 4433 ιιι.
571 4384 606 4436 ιιι
628 4375 684 4439 ιιι
705 4375 820 4437 ιιιιιοι
843 4375 1028 4436 benedicere

245 4486 276 4537 et
291 4475 493 4554 sanctificare
508 4473 649 4555 diqneris
661 4483 716 4534 etc.
728 4474 844 4534 dimissa
857 4476 943 4538 tertia
955 4491 1029 4552 quae

246 4575 333 4637 babet
344 4593 540 4646 consecrare,
550 4591 618 4634 cum
632 4573 785 4636 ordinandi
801 4575 854 4655 ipsi
869 4594 926 4643 non
937 4586 1030 4637 esseut

245 4674 457 4749 consecrandi,
481 4673 584 4735 deinde
607 4674 788 4737 continuarit
808 4677 980 4748 laetaniam,
1000 4685 1029 4738 et

245 4777 394 4839 ordinavit
408 4775 581 4836 ordinandos
596 4775 796 4849 subdiaconos,
816 4776 980 4854 praemissis
1000 4776 1029 4835 in

244 4877 390 4956 singulari
420 4875 649 4938 Protbonotarlo
669 4876 932 4949 admonitionibus,
966 4885 1029 4939 tum

245 4979 322 5040 dicta
354 4977 484 5058 Epistola
517 4990 546 5039 ct
578 4990 675 5040 tractu
702 4996 794 5055 usque
823 4978 859 5037 ad
892 4978 1028 5045 ultimum

247 5097 367 5141 versum
385 5079 699 5152 exclusive,ordinavit
713 5097 761 5141 eos
778 5078 931 5151 Diaconos,
942 5097 1030 5159 prae-

250 5180 343 5242 missis
364 5177 602 5239 admonitionibus
617 5190 765 5260 utsupra,
780 5192 869 5259 prout
884 5180 913 5239 in
928 5179 1031 5238 Ponti·

249 5282 327 5344 licali
339 5281 521 5343 ordinatum:
538 5299 593 5343 uon
612 5282 746 5345 dixerunt
757 5281 928 5361 Epistolam,
940 5300 1032 5359 neque

250 5382 457 5463 Evangelium,
478 5383 527 5445 sed
548 5383 695 5445 celebrans
716 5387 813 5446 omnia
834 5384 927 5445 dixit:
948 5384 1031 5444 dictis

249 5484 351 5547 deinde
372 5486 477 5545 ultimo
497 5503 583 5546 versu
605 5495 726 5559 tractus,
746 5487 874 5566 passione
895 5496 924 5548 et
945 5485 1031 5545 oller-

251 5587 341 5661 torio,
362 5587 511 5647 celebrans
531 5585 604 5646 sedit
623 5585 652 5645 in
674 5586 837 5648 faldistorio
857 5604 925 5645 cum
944 5584 1032 5644 mitra

247 5688 285 5747 ad
317 5705 405 5766 quem
437 5697 624 5754 accesserunt
655 5688 817 5755 successive
849 5685 975 5751 ordinati
1004 5697 1033 5751 et

699 622 986 690 constaremus
1008 623 1234 687 maxannttt
1255 623 1387 685 suant.
1801 623 1865 684 D8l

1083 764 1194 843 palmus
1215 760 1376 823 cardinatis
1408 760 1458 837 qul
1479 758 1585 820 obtulit
1615 758 1673 820 duo
1696 759 1868 835 intention,

1085 863 1159 923 duos
1186 879 1273 942 panes
1292 872 1320 923 et
1338 860 1397 948 duo
1422 858 1523 919 barilia
1547 860 1629 934 vini,
1651 878 1768 920 matrum
1788 862 1868 923 cele-

1086 963 1195 1024 brantis
1225 961 1262 1021 ad
1289 962 1402 1040 singula
1434 960 1630 1034 deosculans,
1663 958 1762 1023 deinde
1792 962 1871 1024 Pro·

1086 1064 1268 1125 tbonolarius
1290 1081 1377 1124 unam
1397 1062 1523 1122 faculam
1539 1060 1634 1122 albam
1657 1062 1742 1124 nnius
1762 1062 1870 1126 librae:

1087 1176 1150 1224 tutu
1169 1164 1329 1237 celebrans,
1352 1151 1418 1225 lotis
1439 1162 1584 1233 manibus,
1606 1166 1694 1222 vertit
1715 1183 1745 1224 se
1765 1162 1802 1223 ad
1823 1165 1889 1241 al·¹

1087 1276 1172 1336 tare,
1203 1275 1232 1326 et
1253 1274 1450 1345 prosequutus
1470 1273 1513 1323 est
1545 1262 1685 1337 Missam,
1718 1283 1808 1341 usque
1835 1263 1871 1323 nd

1086 1365 1192 1426 dictam
1225 1365 1387 1425 orationem
1409 1364 1544 1426 Dontt'ae
1564 1363 1640 1426 lesu
1667 1363 1793 1426 Christe
1815 1365 1872 1448 qni

1088 1466 1205 1529 dixisti
1225 1464 1390 1545 Apostolis
1421 1466 1485 1527 ιιιίι
1504 1484 1613 1544 pacem
1634 1485 1731 1525 laeam
1753 1466 1794 1526 do
1817 1483 1874 1525 ao·

1089 1568 1138 1628 bis
1155 1578 1209 1628 etc.
1232 1563 1379 1625 Drdiuutis
1395 1566 1484 1643 igitur
1502 1565 1531 1625 in
1552 1565 1611 1625 suis
1634 1566 1714 1637 locis,
1736 1575 1769 1624 ut
1789 1563 1872 1644 prius

1088 1685 1181 1747 genam
1198 1664 1387 1735 flectentibus,
1402 1665 1478 1725 dicta
1495 1667 1624 1725 oratione
1644 1664 1804 1744 praedicta,
1822 1681 1873 1723 ce-

1089 1768 1202 1829 lebrans
1224 1765 1300 1827 dedit
1320 1783 1419 1845 pacem
1439 1765 1568 1844 primum
1587 1763 1749 1837 Cardinali,
1773 1762 1873 1824 deinde

1088 1867 1326 1938 Protbonotario,
1336 1877 1364 1927 et
1379 1866 1454 1927 lacte
1468 1867 1667 1927 communione
1682 1865 1736 1926 sub
1747 1876 1874 1941 utroquo

1088 1969 1191 2047 specie,
1208 1966 1433 2028 communicarit
1450 1968 1547 2046 primo
1562 1966 1756 2039 cardinalem,
1771 1964 1872 2027 deinde

1089 2067 1348 2129 Protbonotarium
1369 2066 1399 2125 in
1421 2084 1514 2127 cornu
1534 2065 1681 2145 Epistolae
1702 2065 1791 2126 simul
1816 2083 1871 2143 ge·-

1090 2168 1227 2238 nuflexos,
1249 2166 1351 2244 quise
1373 2164 1506 2225 adstatim
1528 2165 1759 2245 purificaverunt
1771 2188 1781 2239 3
1809 2175 1873 2225 tum

1090 2270 1236 2333 celebrans
1258 2265 1350 2327 abluit
1377 2265 1503 2344 digitos,
1522 2266 1592 2326 lavit
1624 2284 1726 2328 manus
1747 2276 1776 2330 et
1798 2284 1870 2346 per·

1090 2370 1158 2431 lecit
1179 2369 1307 2437 Missum,
1325 2364 1472 2426 Ordinatis
1493 2367 1522 2425 in
1544 2368 1603 2425 suis
1625 2368 1705 2440 locis,
1726 2377 1760 2426 ut
1780 2366 1874 2445 prius,

1091 2469 1254 2549 genuflexis.
1277 2466 1364 2526 lllissa
1382 2464 1472 2538 linita,
1491 2466 1639 2527 celebrans
1659 2466 1736 2529 dedit
1756 2466 1875 2527 benedi-

1090 2572 1213 2634 ctionem
1245 2570 1341 2630 dicens
1373 2568 1416 2629 sit
1438 2586 1548 2628 norrea
1569 2578 1625 2629 ιιι.
1649 2586 1685 2630 ac
1715 2578 1877 2647 posuerunt

1093 2682 1260 2752 paramenta
1280 2688 1378 2731 omnes
1399 2679 1429 2729 et
1450 2668 1597 2729 redierunt
1624 2667 1821 2746 unusquisque
1842 2667 1878 2729 ud

1094 2772 1296 2834 habitationem
1318 2788 1409 2831 suum.
1434 2767 1585 2841 Ordinati‚
1602 2768 1678 2829 dicta
1700 2767 1829 2848 Epistola
1849 2780 1879 2830 et

1094 2886 1192 2936 tractu
1214 2871 1363 2951 usquead
1385 2871 1522 2931 ultimum
1541 2889 1668 2942 versum,
1683 2868 1880 2950 deposuerunt
1941 2933 1946 2943 ,

1094 2975 1269 3046 tunicellas,
1290 2982 1319 3033 et
1343 2972 1371 3031 in
1388 2971 1459 3031 albis
1480 2990 1580 3032 coram
1600 2972 1764 3034 celebrante
1782 2991 1876 3050 genua

1093 3076 1255 3137 decrerunt.
1290 3073 1375 3133 blissn
1397 3072 1474 3134 dicta
1505 3083 1548 3133 cst
1580 3072 1614 3134 de
1641 3072 1712 3138 seria
1746 3072 1800 3132 sub
1832 3074 1877 3136 dis

1094 3187 1240 3239 currente.

1134 3277 1244 3338 Eadem
1261 3275 1318 3349 die,
1334 3276 1414 3338 circa
1436 3273 1538 3336 boram
1559 3293 1629 3351 xxa,
1648 3276 1726 3356 Papa
1749 3276 1827 3340 venit
1843 3273 1880 3336 ad

1094 3381 1254 3461 cappellam
1270 3378 1465 3458 supradictam
1488 3378 1547 3437 sine
1564 3396 1665 3450 cruce,
1675 3375 1878 3439 cardinalibus

1095 3483 1190 3562 ipsum
1212 3479 1419 3557 sequentibus,
1441 3478 1492 3539 ubi
1513 3478 1603 3539 dictae
1634 3489 1702 3538 sunt
1724 3476 1880 3539 matutinae

1095 3581 1291 3643 tenebrarum.
1314 3579 1391 3657 Papa
1415 3578 1539 3639 venitin
1560 3596 1649 3658 cappa
1681 3578 1716 3638 ιιι
1735 3578 1860 3637 scarleto
1866 3597 1878 3649 ι

1095 3680 1226 3741 fimbrias
1258 3680 1388 3759 portarit
1421 3677 1661 3757 archiepiscopus
1697 3675 1880 3737 Patraceusis

1095 3783 1249 3851 assistens,
1270 3790 1300 3839 et
1326 3780 1383 3838 alia
1404 3778 1500 3838 omitia
1521 3776 1674 3838 observata
1695 3785 1763 3835 sunt
1795 3793 1878 3835 more

1095 3883 1189 3943 solito.
1224 3879 1303 3957 Papa
1333 3878 1361 3937 in
1393 3875 1448 3940 bne
1477 3874 1547 3935 dixit
1580 3877 1742 3938 orationem
1774 3874 1879 3954 respi-

1097 3982 1183 4041 ciens
1203 3987 1259 4039 etc.
1526 4058 1528 4061 Α

1138 4081 1224 4140 Feria
1245 4078 1357 4157 quinta,
1379 4093 1477 4139 xxtn.
1503 4074 1571 4135 dicti
1595 4075 1698 4135 mensis
1720 4072 1828 4144 martii,
1849 4072 1878 4136 iu

1097 4181 1193 4242 Coena
1214 4178 1341 4249 Domini,
1362 4175 1417 4237 SS.
1438 4174 1526 4236 DN.
1548 4187 1669 4256 paratus
1688 4193 1770 4234 more
1792 4172 1880 4235 solito

1099 4283 1176 4344 venit
1197 4281 1233 4340 ad
1255 4278 1417 4359 cappellam
1442 4273 1585 4354 majorem
1617 4275 1646 4335 in
1668 4294 1725 4353 qua
1746 4273 1819 4334 Rev.
1844 4273 1880 4342 D,

1097 4381 1256 4444 cardinalis
1277 4378 1475 4442 Ulixbonensis
1509 4375 1666 4438 celebrarit
1692 4375 1810 4436 blissam
1831 4392 1882 4434 so·

1098 4485 1241 4544 lcmnemt
1275 4476 1338 4539 dedi
1360 4478 1458 4544 locum
1488 4475 1677 4537 demandato
1708 4474 1766 4536 SS.
1787 4474 1822 4534 D.
1846 4472 1880 4536 tt.
1983 4435 2010 4474 ἰ

1097 4583 1192 4662 Papae
1214 4580 1331 4642 cuidam
1351 4590 1461 4639 asserto
1475 4577 1565 4638 nobili
1588 4586 1617 4637 et
1637 4576 1714 4635 allini
1736 4575 1795 4635 sire
1810 4592 1883 4638 oon-

1097 4685 1253 4763 sanguinao
1273 4681 1361 4761 Regis
1376 4681 1579 4759 Hispaniarum
1595 4675 1680 4755 juxta
1699 4677 1735 4736 D.
1757 4675 1881 4740 Pisauri:

1099 4783 1209 4856 deinde,
1225 4782 1442 4862 superveniente
1457 4778 1598 4840 Senatore
1614 4778 1717 4849 Urbis,
1729 4787 1758 4836 et
1774 4796 1804 4836 se
1819 4786 1883 4854 post

1098 4886 1209 4946 dictum
1238 4883 1361 4943 nobilem
1383 4883 1544 4960 Hispanum
1564 4876 1648 4954 juxta
1671 4876 1727 4937 loci
1759 4875 1883 4954 disposi-

1100 4988 1204 5047 tionem
1228 4986 1358 5056 locante,
1372 4982 1450 5061 Papa
1472 4980 1613 5041 commisit
1636 4975 1705 5036 mibi
1728 4975 1806 5054 quod
1828 4975 1885 5035 Se·

1099 5085 1194 5147 natori
1211 5084 1248 5144 ad
1267 5084 1412 5143 sinistram
1435 5100 1527 5151 suam,
1547 5088 1612 5138 aute
1633 5076 1803 5148 assistentes,
1826 5075 1882 5144 hoc

1099 5198 1143 5249 est
1162 5188 1237 5247 inter
1259 5184 1467 5264 Presbyterum
1493 5177 1674 5241 cardinalem
1694 5176 1883 5247 assistentem,

1099 5300 1128 5348 et
1148 5288 1290 5366 praelatos
1311 5283 1485 5354 assistentes,
1507 5281 1602 5340 locum
1619 5277 1730 5350 darem,
1752 5283 1841 5355 prout
1856 5286 1884 5335 et

1099 5389 1228 5545 seeDigitio·
1260 5494 1336 5543 sexta
1368 5480 1495 5561 ejusdem
1527 5477 1743 5546 hebdomadae,
1777 5490 1880 5534 xxvrn

1102 5585 1168 5645 dicti
1190 5585 1293 5645 mensis
1312 5581 1422 5655 martii,
1445 5578 1500 5640 SS.
1516 5578 1552 5638 D.
1567 5574 1673 5638 Noster
1690 5577 1719 5634 in
1735 5593 1824 5654 cappa
1847 5571 1881 5632 ιιι

1101 5686 1248 5759 scarlato,
1270 5696 1299 5747 ιι
1319 5686 1406 5745 mitra
1428 5682 1463 5742 de
1484 5679 1573 5761 perlis
1596 5677 1783 5760 simpliciore,
1808 5674 1885 5745 venit

1607 5793 1637 5844 36
