4492 6859
251 653 363 735 (rana)
383 613 389 620 ’

251 789 373 851 Medicis
405 788 442 848 ad
463 787 612 849 dexteram
644 788 817 851 divertentes
839 808 891 869 per
915 789 1045 849 viculum

250 901 281 949 et
303 891 331 949 in
354 889 446 967 capite
467 889 545 949 illius
563 884 650 965 jnxta
671 889 790 949 domum
806 889 941 950 Marcelli
956 888 1044 968 Gopo

254 991 289 1049 di
303 993 415 1069 ferro,
439 987 547 1048 iterum
578 987 614 1046 nd
647 988 793 1050 dexteram
826 992 871 1048 ria
905 997 987 1050 recta
1007 987 1045 1046 nd

253 1088 373 1148 domum
396 1087 581 1165 praedictam.
605 1087 787 1166 Equitarunt
809 1102 905 1151 nutem
931 1090 1046 1167 episco-

252 1208 308 1267 pus
328 1186 468 1247 Niciensis
489 1189 601 1266 primus
623 1186 734 1250 Orator
756 1190 830 1251 inter
849 1190 1045 1250 Arelatensem

252 1301 282 1349 et
309 1288 504 1366 Saguntinum
526 1288 764 1368 Archiepiscopos
791 1291 934 1368 praelatos
958 1288 1046 1348 Pala·

253 1387 308 1461 tii3
327 1386 469 1448 secundus
485 1389 560 1447 inter
578 1388 836 1468 Arcbiepiscopum
857 1388 1044 1450 Cusentinum

252 1488 417 1566 praelatum
430 1487 534 1547 Palatii
552 1506 570 1547 a
589 1489 708 1562 dextris,
723 1501 752 1549 et
763 1489 939 1569 Episcopum
953 1488 1044 1550 lom·

252 1587 412 1648 beriensem
429 1584 586 1649 Oratorem
604 1588 692 1668 Regis
711 1590 851 1650 Francius
871 1609 889 1648 a
909 1591 1043 1665 sinistris3

251 1686 490 1770 tertiuslllinter
505 1689 684 1769 Episcopum
698 1692 941 1753 concordiensem
956 1710 1044 1771 prae·

257 1849 357 1859 -a——-
751 1855 1042 1864 -—-·-.—-.—--—-

298 1937 333 1997 tt)
350 1935 442 1985 Petrus
459 1936 526 1986 Cara
546 1940 769 2000 iurisconsultus,
794 1944 915 1992 oratione
937 1944 1045 2005 perele-

251 2015 339 2074 ganti,
355 2015 463 2064 nomine
487 2016 578 2066 Caroli
601 2018 679 2069 Ducit
702 2019 864 2078 Sabandiee,
888 2021 1038 2070 Alexandro

253 2093 432 2144 obedientiam
451 2097 585 2156 praestitit
601 2099 712 2146 solemni
730 2099 800 2155 ritu,
817 2099 1040 2150 aliis0retoribua

258 2174 432 2224 adstantibus.
443 2174 507 2224 Cum
521 2178 545 2225 in
556 2175 700 2225 burchardi
712 2177 847 2227 codicibus
859 2178 1043 2228 desiderentur

253 2264 322 2312 qnae
340 2253 437 2301 Auctor
454 2254 562 2315 scripsit
579 2268 593 2302 a
613 2266 702 2305 mense
716 2256 791 2317 J'unio
813 2256 846 2305 ad
870 2255 946 2305 linem
964 2255 1043 2317 hujus

253 2331 329 2387 anni,
346 2342 398 2377 non
415 2330 506 2379 inutile
524 2331 574 2380 erit
591 2332 633 2381 bic
650 2345 683 2380 ex
695 2335 751 2383 aliis
764 2336 941 2383 monumentis
958 2335 1043 2395 aliqua

252 2407 491 2470 subjungeremus
502 2422 552 2470 pro
563 2411 711 2471 appendice
722 2412 880 2462 adservatis.
893 2412 967 2461 Plura
975 2413 1043 2462 Ora-

253 2490 297 2535 tor
314 2486 449 2536 disserens
466 2486 500 2535 de
517 2489 682 2550 Apostolicae
698 2490 773 2542 Sedis
784 2491 931 2552 majestate,
947 2490 981 2539 de
995 2491 1043 2541 Sa·

252 2563 348 2613 bandis
359 2564 530 2627 Principibus,
539 2579 588 2615 ncc
601 2580 652 2616 non
662 2568 694 2617 de
704 2569 869 2621 Pontificibus
880 2571 1043 2633 quiAlexan·

251 2644 295 2692 dri
307 2643 413 2694 nomine
426 2644 559 2706 appellati,
570 2644 635 2696 haec
648 2646 757 2705 addidit,
767 2661 800 2697 ex
813 2650 962 2697 testimonio
973 2649 1043 2713 Ray·

252 2723 322 2771 natdi
340 2723 386 2784 qai
403 2734 437 2771 ex
454 2724 575 2773 oratione
592 2728 662 2787 typis
679 2726 749 2775 edita
767 2727 868 2788 selegit.

297 2822 307 2844 ·
330 2801 465 2852 Pulchrior
482 2802 531 2853 tibi
548 2805 599 2852 erit
615 2809 641 2854 et
657 2804 807 2866 gloriosius,
819 2806 840 2854 si
859 2804 1042 2868 (quodomnet

255 2882 403 2940 antumant)
419 2881 445 2929 in
470 2881 573 2931 ‘lurcos
590 2884 695 2932 molitus
712 2882 810 2942 tueris,
835 2887 912 2945 teqna
930 2885 1042 2933 alterum

256 2959 437 3009 Alexandrum
465 2960 581 3021 llagnum
607 2962 634 3008 in
661 2961 804 3011 orientales
821 2962 881 3011 illos
909 2962 990 3023 Reges
1014 2964 1041 3012 el

253 3040 367 3099 populos
383 3037 482 3087 Christi
499 3040 590 3087 hostes
602 3039 767 3099 ostenderis,
784 3044 812 3089 ut
827 3040 910 3102 (qnod
927 3041 1040 3089 maxime

250 3118 367 3165 omniurn
379 3117 522 3179 optandum
534 3121 585 3176 est,
601 3117 770 3181 tnturnmqna
784 3121 938 3181 speramus)
954 3120 1041 3167 orien-

255 3199 334 3246 talem
351 3210 411 3246 cnm
428 3197 586 3248 occidentali
602 3196 720 3247 Ecclesia
737 3199 893 3260 conjungas,
908 3203 935 3248 et
946 3201 973 3247 te
984 3200 1042 3247 tan·

255 3276 315 3324 dem
333 3289 425 3324 verum
443 3275 620 3324 Alexandrum
638 3276 773 3339 hlagnum,
787 3276 939 3325 Pontificem
956 3278 1040 3324 maxi·

252 3366 332 3411 mum,
350 3358 481 3403 terrarum
494 3354 636 3415 mundique
648 3354 751 3415 Regem,
764 3359 791 3404 et
802 3354 900 3404 Christi
913 3355 1038 3404 vicarium

252 3445 357 3484 omnem
375 3444 468 3482 omnes
484 3432 600 3481 salutent
616 3436 643 3481 ct
661 3433 779 3483 adorent.
797 3432 906 3483 Gentitis
919 3434 962 3482 itte
979 3436 1039 3482 tuus

253 3514 383 3573 gloriosae
405 3513 548 3561 memoriae
562 3511 678 3562 Pontifex
690 3514 821 3562 maximus
843 3513 966 3563 callistus
983 3512 1040 3574 lll,

252 3595 281 3640 nt
297 3594 410 3654 primum
429 3592 463 3641 ad
480 3592 656 3653 apostolatum
668 3598 820 3654 assumptus
836 3592 899 3651 luit,
914 3592 940 3641 id
952 3596 1040 3642 mente

251 3672 391 3732 concepit,
410 3671 537 3732 vovitque
554 3682 583 3719 se
595 3676 724 3733 perpetuo
744 3674 805 3720 totis
817 3670 955 3720 conatibus
972 3670 1041 3719 Tur·

251 3762 299 3798 cos
317 3753 344 3798 et
361 3749 479 3798 inddeles
507 3753 718 3811 persecuturum.
735 3749 775 3798 Ad
791 3762 849 3798 eam
877 3762 933 3797 rem
959 3748 1041 3811 peril·

254 3827 374 3876 ciendam
390 3839 424 3877 ex
441 3829 511 3877 omni
529 3828 632 3889 Europa
650 3830 731 3876 multa
757 3830 823 3876 marl
846 3832 975 3889 terraque
991 3840 1040 3888 pa·

253 3908 339 3966 ravit,
355 3906 493 3955 nonnullas
520 3905 695 3956 barbarorum
713 3907 812 3956 insulas
829 3906 856 3955 vi
874 3910 1039 3967 expugnatas

249 3988 337 4046 cepit,
354 3986 473 4045 ingentes
490 3985 580 4034 clades
593 3984 716 4034 hostibus
733 3986 828 4033 intulit.
843 3984 873 4033 lit
884 3983 963 4044 intro:
974 3984 1038 4034 Dum

251 4066 380 4123 majorem
402 4063 509 4110 molitur
526 4064 674 4123 victoriam,
691 4062 717 4111 in
735 4063 818 4125 ipsius
836 4062 959 4125 primitiis
977 4076 1039 4113 san·

251 4140 387 4189 ctissimus
404 4139 522 4189 Pontilex
539 4140 572 4189 ad
590 4143 679 4191 coelos
692 4148 846 4202 revocatur,
863 4144 938 4204 cuins
955 4147 1038 4193 morte

249 4222 320 4270 sicut
336 4222 486 4281 interrupta
511 4224 572 4268 sunt
588 4223 692 4278 omnia,
717 4222 752 4269 ita
770 4219 849 4271 Turcl
875 4226 902 4270 ct
929 4220 1038 4271 barbari

249 4301 365 4349 maximo
384 4302 455 4347 nretn
467 4296 581 4349 liberati.
598 4297 657 4347 'libi
668 4299 714 4348 uni
725 4311 794 4350 nnnc
810 4301 852 4349 hic
863 4300 956 4358 honos,
974 4300 1038 4350 baec

252 4379 340 4441 palma
352 4378 480 4437 debetur,
496 4380 525 4427 ut
536 4377 607 4440 qnod
620 4382 729 4439 patruus
741 4378 862 4429 Callistus
875 4382 1040 4442 incoeperat,

250 4470 335 4521 nepos
346 4457 498 4506 Alexander
509 4455 630 4506 laticibus
643 4458 768 4519 auspiciis
780 4459 966 4520 prosequendo
979 4471 1037 4520 per·

249 4539 332 4587 sscras.
348 4536 440 4587 Oblata
466 4538 508 4584 est
532 4535 579 4583 tibi
597 4538 646 4585 hoc
664 4541 784 4597 tempore
802 4537 910 4599 insignis
934 4538 1039 4587 occasio

249 4620 289 4667 rei
306 4615 374 4666 bene
390 4615 535 4678 gerendae,
555 4627 622 4677 quac
640 4618 666 4665 te
683 4617 764 4679 magis
789 4621 869 4680 atque
891 4618 974 4679 magis
997 4618 1039 4666 in·

248 4696 365 4745 cendere
388 4696 601 4757 inflammareque
625 4694 714 4745 debet.
729 4695 924 4746 celeberrimus
947 4695 1039 4746 Ferdi·

250 4776 353 4825 naudus
377 4776 432 4827 ilex
448 4774 609 4838 Hispaniae,
626 4776 696 4827 unde
721 4777 768 4826 tibi
785 4776 949 4826 nobilissima
967 4776 1037 4838 origo

249 4858 308 4911 cst,
325 4858 463 4917 postquam
481 4855 611 4904 barbaros
636 4854 780 4905 Christiani
809 4857 920 4905 nominis
947 4855 1037 4905 hostes

249 4932 293 4982 bis
311 4937 389 4996 atqua
401 4936 506 4997 saepius
518 4936 616 4998 ingenti
628 4936 704 4985 clade
716 4938 859 4998 percussit,
870 4941 898 4986 et
910 4937 1037 4998 trophaea

248 5030 441 5081 saepenumero
458 5018 567 5080 deipsis
585 5021 692 5078 statuit,
710 5018 847 5080 superiora
860 5032 928 5068 anno
945 5018 1037 5068 victri-

248 5099 325 5149 cibus
341 5101 422 5161 signis
434 5100 590 5149 universnm
602 5098 725 5148 bethicae
742 5111 850 5161 regnum
862 5100 912 5148 iliis
930 5100 1035 5161 eripuit,

249 5179 458 5242 christianisque
476 5180 599 5228 restituit.
616 5177 636 5228 0
653 5179 757 5228 leliccm
774 5180 944 5241 divinumque
962 5179 1036 5242 prin·

250 5258 385 5322 cipemlo
410 5259 584 5307 clarissimum
600 5261 627 5307 et
655 5260 911 5321 praestantissimum
938 5259 1034 5317 hegen

248 5340 352 5387 cunctis
364 5338 475 5387 saeculis
493 5338 577 5386 literis
594 5349 624 5386 ac
641 5339 815 5387 monumentis
832 5336 1032 5386 celebrandum!

249 5418 304 5469 ilac
321 5432 372 5467 nna
388 5416 547 5467 Perdinandi
563 5418 673 5467 victoria
686 5419 801 5468 latrones
819 5416 856 5466 iili
869 5418 1033 5478 spurcissimi

249 5497 399 5558 trepidant,
416 5499 621 5557 pertimescunt,
638 5494 753 5546 latebras
770 5499 908 5558 quaerunt.
924 5493 1035 5544 Proinde

249 5578 272 5624 si
295 5576 478 5639 Redemptoris
503 5576 585 5624 nostri
610 5575 708 5623 vexilla
726 5578 751 5625 te
768 5577 835 5624 duce
864 5576 982 5628 moveri,
1009 5576 1035 5623 ct

250 5651 393 5700 Alexandri
410 5651 449 5715 Υι.
474 5652 547 5714 signa
575 5652 791 5714 praesenserint,
814 5655 904 5700 tantus
922 5663 968 5700 eos
996 5651 1033 5700 ιιιι

249 5732 359 5783 nomime
386 5734 474 5782 terror
497 5730 622 5791 invadet,
647 5736 676 5781 ut
704 5730 780 5782 tacite
796 5730 844 5782 tibi
873 5734 1030 5781 eventurum

737 648 1021 717 renumeratos
1042 650 1266 714 ahhxannttt
1288 651 1416 715 suxit.
1839 657 1904 720 dlii

1114 790 1206 849 latum
1229 789 1332 850 Palatii
1346 808 1364 849 a
1380 789 1502 864 dextris,
1519 800 1549 851 et
1569 789 1749 871 Episcopum
1770 792 1901 870 Foroju·

1113 890 1232 951 liensem
1254 887 1410 951 Oratorem
1432 888 1559 967 ejusdem
1592 890 1680 970 Regis
1698 891 1852 974 'Franciae
1882 911 1901 958 a

1112 991 1247 1063 sinisti-im
1269 998 1408 1067 quartus,
1431 988 1563 1050 videlicet
1582 990 1618 1051 tt.
1640 990 1783 1054 hhanns
1808 990 1901 1055 Orio·

1114 1091 1158 1162 li,
1182 1091 1252 1150 licet
1273 1090 1308 1150 ‹le
1330 1107 1406 1150 noro
1426 1106 1482 1148 non
1511 1090 1632 1152 venisset
1652 1090 1701 1152 sed
1722 1104 1902 1171 procurator

1113 1190 1180 1251 dicti
1202 1191 1294 1251 Ducis
1316 1190 1346 1250 in
1368 1189 1449 1253 Urbe
1466 1187 1529 1266 jam
1549 1191 1684 1271 pluribus
1701 1195 1783 1253 antris
1800 1194 1902 1260 tntmt

1111 1300 1141 1350 et
1160 1301 1256 1363 esset,
1277 1292 1346 1368 quia
1379 1289 1492 1351 dicebat
1520 1310 1551 1351 se
1581 1293 1668 1353 etiarn
1701 1291 1730 1352 in
1762 1296 1900 1359 mandato

1112 1391 1290 1451 nominatum
1322 1410 1382 1452 esse
1413 1390 1450 1450 ad
1482 1392 1684 1470 praestandam
1709 1394 1900 1457 obedientiam

1111 1490 1228 1570 Papae,
1248 1493 1402 1569 equitavit,
1423 1504 1455 1552 nt
1476 1493 1585 1565 ceteri,
1607 1493 1717 1555 medius
1740 1496 1814 1556 inter
1835 1496 1900 1575 epl-

1111 1614 1231 1676 scopum
1262 1596 1502 1675 Segorbicensem
1535 1599 1698 1675 praelatum
1730 1598 1832 1659 Palatii
1870 1608 1901 1659 et

1110 1696 1282 1775 Magistrum
1302 1696 1406 1757 domus
1421 1696 1516 1775 Papae
1530 1716 1547 1756 a
1563 1698 1729 1774 dextris,·et
1740 1699 1775 1759 Ι).
1786 1698 1899 1761 loban-

1111 1930 1269 1989 credamuS,
1285 1930 1356 1993 quod
1373 1931 1524 1982 Alexandro
1550 1932 1643 1996 Magno
1665 1935 1789 1997 contigit,
1805 1934 1846 1984 cui
1864 1933 1898 1984 ab

1111 2010 1209 2057 ultimis
1227 2010 1306 2057 etiam
1334 2010 1423 2059 mnndi
1451 2012 1584 2061 littoribus
1612 2012 1755 2074 legationes
1781 2011 1898 2074 undique

1111 2087 1313 2146 nuntiabantur,
1330 2088 1426 2149 quibus
1443 2093 1553 2141 cunctae
1564 2095 1658 2153 gentes
1675 2093 1749 2142 velut
1764 2091 1898 2142 destinato

1111 2167 1161 2216 sibi
1178 2167 1239 2228 Regi
1256 2166 1477 2230 obsequerentur.

1154 2266 1163 2287 ·
1184 2245 1248 2294 Dum
1266 2248 1343 2307 igitur
1361 2247 1504 2310 trepidant,
1521 2249 1583 2298 tolle
1601 2261 1705 2298 moras:
1723 2249 1811 2298 nocuit
1824 2261 1898 2299 sem·

1109 2337 1159 2386 pcr
1175 2324 1281 2374 ditlerre
1297 2326 1406 2387 paratis.
1422 2325 1507 2375 Habes
1533 2338 1638 2388 quoque
1655 2326 1746 2384 domi,
1764 2330 1791 2376 et
1808 2326 1893 2377 inhia

1109 2404 1223 2452 excelsis
1240 2406 1316 2453 tectis
1343 2406 1423 2454 veluti
1451 2407 1585 2467 captivum
1609 2406 1734 2456 Ziaimum
1756 2407 1893 2457 Sullanum

1109 2483 1193 2543 magni
1211 2482 1357 2534 Turcorum
1373 2485 1449 2546 Regis
1466 2484 1591 2545 tratrem,
1608 2487 1750 2536 maximum
1768 2489 1841 2538 certe
1852 2486 1896 2537 ln·

1109 2562 1184 2609 tnrae
1202 2565 1261 2611 tuae
1279 2563 1405 2613 victoriae
1423 2568 1600 2613 momentum:
1617 2567 1639 2615 is
1656 2578 1708 2615 non
1726 2578 1809 2627 parvo
1821 2564 1896 2628 adjn·

1110 2641 1197 2687 mento
1216 2638 1261 2687 tibi
1279 2641 1495 2705 exercitibusque
1512 2644 1564 2693 tuis
1581 2644 1670 2694 multis
1687 2643 1834 2694 rationibus
1852 2648 1893 2696 cst

1109 2717 1221 2767 iuturus.
1239 2719 1297 2769 Non
1314 2720 1443 2778 deerunt,
1459 2725 1488 2770 nt
1510 2722 1618 2783 opinor,
1637 2723 1662 2771 in
1687 2725 1739 2771 tam
1757 2722 1896 2783 praeclaro

1109 2797 1252 2860 divinoque
1274 2812 1356 2861 opera
1382 2799 1524 2849 Christiani
1551 2800 1699 2863 Principes,
1726 2800 1896 2862 Potentatus,

1109 2876 1297 2939 Respublicae=
1310 2892 1402 2929 omnes
1414 2879 1534 2930 omnibus
1547 2880 1663 2941 viribus,
1676 2880 1797 2930 omnibus
1813 2880 1898 2943 copiis

1110 2959 1136 3005 te
1153 2961 1314 3018 sequentur:
1334 2958 1398 3007 nihil
1425 2962 1498 3008 certe
1526 2958 1559 3009 ad
1588 2971 1645 3009 eam
1673 2958 1897 3009 remdelutnrnm

1110 3033 1159 3084 tihi
1178 3035 1271 3093 rideo,
1288 3036 1366 3085 modo
1383 3037 1469 3095 retis,
1485 3038 1554 3088 velle
1568 3041 1655 3089 autem
1672 3037 1770 3089 debesa
1786 3050 1836 3088 nec
1853 3042 1897 3099 te,

1109 3113 1171 3162 mibi
1188 3113 1286 3172 crede,
1302 3114 1380 3177 hujus
1392 3115 1495 3165 consilii
1508 3130 1622 3180 unquam
1639 3117 1794 3179 poenitebit.
1806 3116 1898 3169 Parata

1108 3195 1152 3242 est
1168 3192 1214 3242 tibi
1225 3195 1381 3244 immortalis
1392 3195 1490 3257 gloria,
1507 3197 1666 3255 Alexander,
1684 3196 1761 3246 modo
1779 3200 1807 3245 tu
1824 3196 1900 3248 Chri-

1109 3270 1144 3321 sti
1162 3272 1312 3334 gloriam,a
1329 3286 1382 3335 qno
1399 3277 1443 3322 tua
1460 3275 1546 3323 omnis
1564 3279 1684 3335 emanat,
1701 3275 1854 3338 diligenter,
1870 3280 1900 3326 ut

1098 3356 1219 3414 sperant
1236 3365 1344 3411 omnes,
1373 3353 1509 3415 inquiras;
1527 3366 1575 3404 nec
1592 3355 1663 3403 enim
1691 3354 1724 3404 ad
1741 3353 1847 3414 cibum,
1863 3353 1898 3404 ad

1109 3434 1220 3493 potum,
1237 3431 1269 3480 ad
1287 3431 1436 3480 titillantem
1454 3434 1671 3495 prurientemqne
1688 3431 1810 3493 corporis
1821 3432 1899 3482 rolu-
1957 3467 1965 3476 .

1108 3516 1209 3573 ptatem
1228 3513 1285 3561 nati
1302 3524 1411 3569 snmus,
1427 3524 1537 3571 verum,
1553 3516 1582 3561 nt
1600 3512 1671 3562 soles
1686 3511 1791 3570 dicere,
1807 3511 1899 3562 adde·

1108 3604 1175 3651 cns,
1191 3592 1225 3642 ad
1252 3591 1423 3653 dignitatem,
1440 3591 1473 3641 ad
1501 3590 1628 3652 labores,
1644 3590 1678 3641 ad
1701 3591 1848 3654 iustitiam,
1862 3592 1898 3642 ad

1109 3684 1252 3721 aerumnas
1268 3673 1346 3721 otiam
1372 3684 1423 3733 pro
1437 3670 1541 3734 justitia
1567 3670 1759 3733 perferendas,
1786 3674 1899 3735 atquae

1109 3751 1194 3812 maior
1208 3750 1314 3812 institia
1332 3750 1383 3799 dici
1400 3751 1596 3813 excogitarique
1615 3753 1718 3811 potest,
1733 3761 1811 3812 quam
1829 3749 1901 3807 inin-

1108 3830 1163 3877 rias
1175 3829 1279 3879 Christo
1288 3827 1458 3889 ltedemptori
1472 3831 1565 3877 nostro
1577 3828 1662 3876 illatas
1674 3828 1764 3876 ulcisci
1774 3848 1781 3875 ε
1791 3839 1898 3890 gregem

1108 3920 1184 3957 suum
1201 3922 1215 3956 ι
1233 3907 1355 3958 barbaris
1371 3920 1550 3970 oppressum,
1573 3906 1753 3955 Christianum
1770 3907 1897 3968 populum

1107 3987 1192 4038 'l'erra
1207 3986 1301 4036 Sancta
1319 3986 1458 4047 spoliatum
1477 3984 1600 4036 ludibriis
1612 3988 1639 4033 et
1650 3984 1815 4034 contumeliis
1832 3982 1897 4034 alle·

1108 4069 1188 4123 ctum,
1206 4064 1362 4115 defenderet
1378 4065 1484 4126 Cogita,
1501 4063 1577 4114 Pater
1592 4063 1702 4122 Sancte,
1719 4065 1784 4125 quot
1800 4062 1895 4122 urbes,

1107 4146 1173 4204 quot
1189 4143 1356 4205 provincias,
1372 4146 1436 4204 quot
1454 4152 1546 4203 regna,
1563 4145 1628 4204 quot
1645 4141 1754 4203 imperia
1772 4144 1799 4190 et
1816 4153 1898 4203 supe·

1107 4222 1224 4274 rioribus
1241 4226 1268 4272 et
1284 4220 1385 4272 nostris
1402 4222 1517 4271 saeculis
1544 4220 1652 4270 barbari
1669 4219 1825 4270 christianis
1846 4220 1897 4270 erl·

1107 4314 1198 4365 pnere.
1215 4302 1279 4354 Nam
1296 4300 1526 4365 utlcrosolymam
1537 4299 1647 4350 Terram
1663 4299 1785 4350 Sanctam
1797 4297 1897 4349 Christi

1107 4383 1286 4441 domicilium,
1303 4386 1331 4431 et
1348 4394 1378 4429 oa
1396 4380 1482 4429 omnia
1499 4379 1572 4438 loca,
1588 4379 1614 4428 in
1630 4377 1725 4441 quibus
1741 4377 1836 4428 salutis
1846 4389 1897 4428 no·

1106 4467 1179 4512 strae
1196 4459 1323 4525 mysteria
1349 4462 1411 4507 sunt
1428 4461 1542 4508 tractata
1558 4458 1665 4507 silentio
1681 4459 1895 4519 praetereamus,

1105 4553 1136 4591 nt
1152 4543 1273 4605 Syriam,
1288 4537 1464 4598 Phoenicem,
1479 4539 1638 4600 nimium,
1654 4536 1778 4600 Achajam
1791 4539 1896 4586 nostro·

1107 4634 1166 4671 rum
1183 4622 1244 4669 oiim
1260 4616 1407 4668 sabaudiae
1417 4617 1567 4680 Principum
1584 4614 1761 4679 provinciam,
1778 4615 1895 4665 utGraa-

1105 4703 1173 4749 ciam
1190 4703 1217 4748 et
1236 4699 1325 4748 Asiam
1341 4697 1486 4757 Minorem,
1513 4708 1544 4745 ac
1569 4696 1720 4744 innumeras
1747 4694 1804 4744 fere
1830 4706 1896 4757 pro·

1107 4781 1209 4829 vincias
1227 4779 1395 4835 omittamus,
1420 4776 1513 4826 horret
1530 4776 1631 4826 animus
1649 4774 1803 4824 meminisse
1828 4785 1894 4836 quat

1106 4859 1196 4909 clades
1214 4858 1313 4907 nostris
1325 4858 1403 4905 etiam
1421 4854 1586 4916 temporibus
1603 4854 1784 4903 mahometana
1801 4849 1892 4900 rables

1106 4939 1212 5001 populis
1228 4937 1386 4986 Christianis
1404 4934 1543 4984 inllixerits
1559 4944 1654 4982 recens
1672 4936 1713 4981 eat
1730 4929 1815 4978 adhuc
1826 4928 1895 4979 Con·

1106 5018 1337 5079 stantinopolitann
1365 5014 1517 5070 calamitas,
1546 5009 1681 5061 recentior
1706 5007 1824 5059 Euboica
1842 5008 1897 5057 ela·

1105 5098 1172 5156 des,
1189 5110 1257 5159 qnae
1279 5095 1337 5146 sine
1364 5092 1491 5156 iacrymis
1517 5089 1705 5141 acbristianis
1731 5084 1818 5137 audiri
1849 5085 1895 5138 vel

1106 5178 1209 5227 censeri
1228 5189 1280 5224 non
1291 5178 1410 5237 possunt.
1422 5173 1451 5222 lit
1468 5170 1538 5235 infru
1548 5188 1556 5219 .-
1568 5171 1621 5234 Age
1633 5174 1721 5232 itaque
1733 5163 1896 5228 Alexander,

1106 5269 1222 5317 exurge,
1238 5259 1264 5304 tc
1282 5256 1367 5316 ipsum
1385 5255 1488 5309 excita,
1505 5255 1531 5301 te
1543 5251 1665 5308 hortare,
1681 5252 1708 5298 te
1729 5259 1823 5297 rernm
1835 5244 1895 5295 Ale·

1105 5336 1236 5385 xandrnm
1255 5336 1280 5383 in
1306 5332 1448 5383 orientales
1473 5332 1532 5381 iilos
1549 5329 1668 5380 inlideles
1690 5326 1818 5384 ostenda,
1834 5335 1895 5374 nam

1105 5413 1210 5463 Christo
1228 5414 1295 5462 duce
1321 5425 1372 5460 non
1392 5412 1492 5459 minora
1520 5413 1592 5460 certe
1608 5411 1732 5470 gesturus
1749 5417 1795 5463 es,
1815 5414 1894 5465 qnam

1105 5492 1255 5544 Alexander
1275 5492 1318 5541 ille
1329 5492 1444 5553 Magnus,
1460 5490 1504 5550 qni
1522 5501 1580 5538 cum
1594 5487 1665 5536 nullo
1677 5496 1790 5547 unquam
1809 5483 1894 5542 hoste,

1104 5575 1134 5620 ιιι
1151 5572 1256 5632 legitur,
1272 5578 1312 5619 est
1329 5580 1501 5630 congressus,
1517 5579 1595 5629 quem
1608 5578 1657 5616 non
1674 5562 1777 5622 vicerit,
1794 5559 1893 5611 nnllam

1104 5652 1197 5703 urbem
1224 5650 1343 5708 obsedit,
1374 5661 1452 5711 qnam
1479 5659 1532 5697 non
1559 5645 1767 5709 expugnaverit,
1796 5641 1892 5691 nullam

1104 5734 1209 5795 genum
1221 5731 1302 5792 adiit,
1313 5741 1391 5793 qnam
1403 5741 1456 5780 non
1465 5726 1619 5787 calcaverim
1631 5723 1680 5776 aed
1688 5723 1723 5775 de
1735 5722 1778 5773 bis
1789 5720 1857 5773 satis
1870 5737 1891 5765 ι.

1611 5822 1641 5870 ³2
