4492 6859
314 648 355 708 at
778 632 1061 711 ronrutcsrus'
1080 643 1303 709 tnnouuttut
1324 641 1476 706 ocrsvr.
1850 639 1959 725 (sam)

315 785 467 864 episcopus
488 783 645 863 Gajetanus
671 796 699 846 et
720 782 830 847 Orator
860 784 948 864 llegis
967 784 1104 864 Neapoli·
1170 782 1235 845 sede
1254 800 1342 860 qttam
1356 780 1392 839 ad
1413 779 1509 840 statim
1527 776 1698 853 amovimus,
1711 790 1742 841 et
1754 778 1956 860 genudexitin

317 884 374 943 tsni
393 901 449 944 una
468 904 536 946 cum
546 886 610 946 aliis
621 882 795 947 Oratoribus
806 884 944 964 ejusdem,
958 884 1008 963 qui
1020 902 1104 947 xxti.
1156 881 1328 960 ,faldistorio
1354 880 1431 960 quod
1460 899 1496 941 ex
1523 890 1592 940 tunc
1614 880 1642 940 ln
1664 882 1839 962 plaudente
1871 899 1957 961 supe·

318 981 407 1060 bujus
425 986 534 1065 recepti
553 986 673 1047 luerunt
690 985 726 1045 ad
748 985 948 1064 praestandam
967 984 1104 1046 obedien·
1170 984 1277 1044 riorem
1289 980 1414 1063 gradum
1429 979 1528 1041 altaris
1544 980 1598 1040 sibi
1611 980 1823 1056 ordinavimus,
1840 982 1958 1041 mitrato

319 1084 387 1145 iiam
400 1084 579 1145 ordinariam
590 1085 673 1164 regio
688 1084 812 1157 nornine,
826 1086 874 1145 cui
890 1096 984 1146 tamen
1006 1086 1105 1146 nullus
1170 1079 1295 1138 retinens
1316 1078 1343 1136 ln
1366 1077 1473 1155 sopite:
1494 1087 1523 1136 rt
1543 1088 1696 1136 cantorum
1711 1076 1772 1138 duo
1797 1085 1868 1136 aule
1894 1095 1959 1137 sca·

317 1184 433 1245 obviam
455 1185 558 1246 missus
570 1228 580 1259 ,
599 1184 647 1247 sed
668 1196 702 1245 ut
721 1185 834 1264 privata
856 1204 977 1266 persona
992 1184 1104 1247 Urbem
1170 1178 1279 1240 bellum
1297 1179 1326 1237 in
1347 1176 1442 1237 medio
1461 1176 1545 1236 ebori
1572 1176 1645 1237 inter
1671 1175 1800 1237 baneltos
1827 1174 1958 1256 Presby-

318 1285 448 1346 intravit.
1171 1290 1267 1338 terum
1291 1289 1320 1337 et
1351 1276 1546 1336 Diaconorum
1576 1275 1775 1337 cardinalium
1808 1275 1959 1356 positum,

359 1385 445 1445 Feria
466 1394 584 1463 quarta,
610 1385 652 1446 ill
672 1383 800 1465 ejusdem
821 1387 925 1449 mensis
946 1383 1106 1447 decembris
1173 1396 1261 1457 supet·
1282 1395 1341 1455 quo
1362 1376 1435 1437 liber
1453 1377 1562 1455 poslffls
1582 1386 1656 1446 etti,
1675 1375 1830 1456 genuflexi,
1848 1376 1891 1436 ud
1915 1376 1959 1437 ³¹·

320 1481 452 1544 babitum
479 1494 522 1544 est
544 1484 695 1563 publicum
716 1489 918 1548 consistorium
945 1486 1055 1547 Romae
1075 1489 1104 1546 in
1174 1489 1236 1538 tare
1269 1478 1366 1549 versi,
1388 1479 1557 1556 inceperunt
1581 1476 1713 1536 ielflssifflss
1741 1476 1873 1538 dicentes
1902 1475 1960 1537 Κί·

319 1584 426 1663 palatio
447 1585 613 1664 Apostolico
634 1586 710 1667 apud
732 1587 764 1647 S.
784 1586 905 1648 Petrum
924 1586 1107 1666 inprimant
1170 1578 1219 1638 rie
1233 1577 1365 1647 eleison,
1382 1575 1444 1635 aliis
1460 1574 1627 1636 cantoribus
1642 1576 1669 1635 in
1686 1593 1740 1637 suo
1758 1577 1826 1636 loco
1837 1575 1960 1655 genibus

319 1684 424 1765 majori
447 1686 514 1745 aula
535 1686 564 1744 in
584 1704 643 1765 qua
666 1685 805 1748 Oratores
826 1688 910 1747 lllmi.
929 1685 1103 1747 Perdinandi
1172 1677 1250 1739 llexis
1269 1675 1514 1756 respondentibus,
1530 1693 1618 1752 (luam
1633 1694 1725 1754 usque
1737 1674 1773 1735 sd
1788 1675 1960 1738 finemsual

320 1782 437 1846 Siciliae
467 1785 565 1865 Regis,
593 1799 624 1848 ut
650 1805 738 1867 supra
758 1788 882 1869 recepti,
898 1785 1105 1869 praestiterunt
1172 1771 1352 1854 Pt'ssseillfflli,
1373 1772 1452 1831 ”⁰¹¹⁸
1474 1781 1568 1831 [ΒΜ
1590 1772 1617 1830 Ῑῐὶ
1635 1790 1670 1832 0⁸
1687 1771 1722 1833 de
1743 1771 1859 1834 Sfllissw
1881 1771 1959 1834 Μ·

316 1886 431 1945 satiram
451 1885 639 1948 obedientiam
661 1887 696 1947 ι),
718 1888 970 1960 Dominonosrr03
989 1888 1105 1947 offitio.
1170 1872 1258 1954 poldo
1287 1873 1363 1933 lucta
1391 1874 1542 1931 mentione.
1567 1871 1659 1931 Finita
1691 1871 1822 1945 letania,
1852 1872 1893 1932 ii.
1926 1873 1958 1933 D.

317 2001 382 2046 nem
403 1985 469 2047 sectr
489 1987 637 2068 episeopus
653 1986 892 2067 anefflnu‚‚qufi
911 1987 974 2048 hep}
993 1988 1104 2050 urbem
1171 1971 1333 2034 Cardinalis
1354 1971 1497 2043 Senensis,
1517 1991 1534 2030 a
1554 1972 1678 2033 dexteris
1698 1971 1793 2051 Papae
1814 1975 1959 2047 assistens,

1170 2082 1247 2132 stans
1275 2091 1377 2132 sersus
1398 2070 1434 2130 ad
1455 2072 1596 2151 populum
1618 2071 1697 2145 dixit,
1712 2072 1827 2135 detecto
1850 2076 1958 2155 capite:

1171 2186 1268 2238 orote.
1300 2173 1398 2243 Tum,
1424 2170 1559 2250 depositis
1590 2172 1669 2253 Papa
1694 2185 1723 2235 et
1753 2174 1960 2236 Cardinalibus

1170 2296 1205 2337 ac
1237 2274 1372 2355 praelatis
1402 2271 1534 2334 omnibus
1559 2275 1663 2347 mitris,
1688 2274 1834 2353 genuflexi
1863 2294 1960 2338 arnna

1173 2385 1334 2437 oraverunt
1347 2372 1383 2433 ad
1400 2372 1530 2453 spacium
1547 2372 1675 2433 duorum
1695 2386 1778 2454 pater
1797 2386 1903 2437 noster
1919 2378 1960 2438 rel

316 2085 443 2146 intravit.
458 2086 566 2147 Deinde
587 2086 672 2149 iidem
689 2085 840 2161 Oratores,
860 2089 959 2167 paucis
975 2089 1103 2167 ipsorum

314 2184 445 2264 demptis,
466 2184 511 2244 dle
532 2186 617 2247 lunae
632 2188 716 2247 tertia
738 2188 840 2248 mensis
855 2186 983 2266 januarii
1005 2207 1103 2247 reces-

314 2297 416 2346 serunt
436 2305 472 2347 ex
491 2284 572 2348 Urbe
592 2285 629 2345 ad
643 2286 752 2365 Regem
773 2305 859 2347 suum
875 2287 1008 2348 redituri.

357 2385 444 2446 Peris
464 2387 575 2465 quinta,
593 2386 624 2448 d.
649 2386 753 2448 mensis
768 2384 908 2464 januarii,
928 2384 1105 2467 Epiphaniae

315 2486 443 2559 Domini,
464 2485 496 2546 S.
518 2485 555 2546 D.
578 2498 673 2548 noster
688 2498 807 2566 paratus
820 2506 855 2550 ex
875 2505 957 2548 more
983 2486 1104 2558 amictu,

317 2586 395 2658 siba,
415 2586 555 2665 cingulo,
576 2588 671 2660 stola,
692 2587 812 2666 pluviali
833 2588 924 2648 rubeo
938 2619 948 2659 ,·
967 2598 996 2647 et
1012 2585 1102 2646 ¹mitra

317 2686 459 2765 processit
477 2690 666 2766 personaliter
679 2686 733 2748 sub
749 2687 953 2758 baldaccbino,
968 2687 1103 2766 praelatis

319 2795 349 2846 et
359 2784 559 2847 Cardiualibus
569 2788 676 2866 paratis
685 2804 720 2846 ac
730 2786 899 2847 officialibus
913 2788 940 2846 in
953 2785 1106 2864 superpel-

317 2884 389 2945 liciis
401 2885 647 2965 praecedentibus,
659 2898 688 2947 ct
704 2888 780 2947 venit
791 2886 828 2945 ad
843 2886 988 2947 basilicam
1003 2884 1103 2946 Sancti

317 2983 408 3056 Petri,
430 2985 479 3045 ubi
499 2984 626 3047 ascendit
648 2998 828 3067 suggestum,
850 2987 927 3065 quod
949 2997 1103 3066 propterea

317 3084 345 3144 in
367 3083 460 3146 medio
481 3085 614 3148 basilicae
632 3087 796 3149 ordinatum
810 3100 876 3149 erat
895 3086 935 3146 ibi
953 3106 987 3148 eu
1009 3086 1103 3145 iorma

316 3195 346 3245 et
372 3185 532 3263 quantitate
564 3199 651 3265 prout
686 3188 715 3247 ln
748 3187 823 3249 libro
854 3186 1104 3250 Caerlmoniarum

1171 2476 1259 2536 circa.
1281 2472 1389 2534 Deinde
1411 2473 1448 2533 tt.
1469 2473 1504 2533 D.
1533 2472 1695 2535 Cerdinalis
1720 2473 1753 2534 S.
1781 2473 1909 2555 Georgii
1928 2476 1960 2535 ad

1170 2574 1313 2636 sinistram
1336 2575 1431 2656 Papae
1456 2574 1608 2641 assistens,
1637 2586 1716 2635 stans
1749 2574 1787 2635 ad
1820 2578 1959 2656 populum

1173 2694 1289 2750 sersus,
1320 2676 1387 2736 dixit
1409 2676 1496 2736 simili
1519 2694 1606 2747 soce,
1628 2677 1739 2738 leonte.
1760 2676 1801 2737 Et
1821 2696 1959 2739 surrexe·

1170 2789 1242 2836 runt
1263 2792 1375 2848 omnes,
1395 2787 1425 2836 et
1445 2776 1523 2855 Papa
1542 2776 1602 2836 sine
1620 2777 1708 2836 mitra
1722 2786 1803 2837 stans
1818 2778 1848 2837 in
1862 2777 1958 2838 eodem

1173 2877 1237 2936 loco
1268 2877 1304 2934 ad
1329 2877 1421 2936 altare
1449 2894 1551 2938 versus
1581 2876 1652 2936 dixit
1684 2878 1711 2935 in
1744 2888 1858 2938 cantu:
1883 2877 1958 2939 lesi

1172 2976 1307 3038 Creator
1326 2975 1481 3056 Spiritus,
1495 2994 1530 3036 ex
1550 2977 1626 3036 libro
1643 2993 1730 3054 qttarn
1750 2995 1829 3038 unus
1848 2980 1957 3059 episeo-

1170 3094 1278 3156 porum
1300 3076 1504 3144 assistentiam,
1528 3094 1583 3136 non
1604 3075 1782 3152 Cardinalis,
1803 3098 1908 3140 corum
1927 3097 1957 3139 eo

1171 3177 1306 3251 tenebnt3
1328 3178 1542 3238 convenientius
1562 3178 1648 3239 etiam
1671 3182 1764 3259 ipsum
1782 3180 1896 3242 librom
1914 3192 1955 3242 te·

1171 3280 1276 3339 nuisset
1288 3278 1375 3339 Prior
1387 3278 1633 3358 Presbyterorum
1650 3277 1877 3355 Cardinalinm3
1890 3299 1957 3341 esa·

1171 3388 1249 3439 tores
1271 3377 1417 3458 prosecuti
1442 3390 1530 3452 strat,
1556 3390 1585 3439 et
1614 3380 1836 3459 compleverunt
1868 3392 1955 3444 totum

1171 3477 1322 3558 hymnum.
1340 3480 1429 3559 Papa,
1448 3498 1483 3541 eo
1504 3481 1627 3559 incepto,
1646 3480 1813 3560 genuflexit,
1826 3481 1879 3543 sed
1896 3501 1955 3542 mv

1171 3595 1239 3639 nens
1260 3578 1409 3657 usquead
1431 3576 1514 3641 inem
1535 3580 1622 3658 primi
1650 3598 1762 3642 sersus.
1781 3580 1852 3651 Duo
1873 3582 1955 3655 dicto,

316 3301 404 3344 manu
416 3304 478 3346 mea
493 3287 656 3367 conscripto
667 3299 711 3349 est
725 3288 904 3369 designatum
925 3305 994 3347 curn
1008 3288 1104 3346 onmi-

316 3383 369 3446 bus
391 3385 455 3446 aliis
481 3389 728 3466 praeparamentls
750 3388 851 3449 eodem
879 3388 953 3449 libra
980 3388 1029 3447 iol.
1052 3386 1103 3447 Pb.

316 3504 384 3547 curn
407 3488 590 3564 sequentibus
616 3487 790 3566 designatis,
811 3487 952 3566 religiosis
972 3498 1003 3547 et
1024 3487 1104 3547 clero

317 3582 405 3645 Urbis
434 3584 508 3644 inira
536 3582 620 3662 juxta
641 3598 808 3665 suggestum
831 3586 1103 3659 circumstantibus,

316 3684 422 3759 quibus
441 3683 477 3745 de
496 3684 632 3747 mandato
652 3686 759 3746 llicerli
781 3686 868 3749 Urbis
905 3686 967 3748 beri
1000 3685 1028 3745 ld
1057 3687 1105 3746 ia·
1170 3693 1289 3760 accepta
1311 3682 1411 3752 mitra,
1429 3681 1555 3743 ascendit
1575 3682 1612 3741 sd
1632 3685 1814 3755 solium,ubl
1829 3684 1955 3766 deposta

316 3782 449 3843 ciendum
475 3785 570 3846 lucrm
589 3786 761 3848 intimatum.
780 3788 813 3847 ln
837 3786 905 3846 aula
925 3804 1029 3866 magm
1044 3785 1105 3844 Ps·
1170 3782 1258 3841 mitra
1291 3785 1369 3843 stetit
1399 3781 1434 3841 ad
1462 3781 1547 3843 linem
1580 3783 1695 3863 hymnis
1722 3803 1783 3864 quo
1815 3787 1956 3866 completo

316 3884 376 3945 latii
395 3881 479 3962 juxto
499 3888 606 3947 ostium
627 3905 735 3966 parrae
763 3886 907 3967 cappellae
935 3884 1105 3946 distributae
1170 3892 1302 3944 cantores
1334 3882 1468 3944 dixerunt
1494 3902 1634 3945 s'ersum:
1666 3885 1785 3946 Emitte
1809 3888 1956 3968 spirituas

314 3985 435 4048 luerunt
444 3985 578 4048 candelae
589 3986 804 4059 cardinalibus,
816 3987 951 4066 praelatis
967 3995 997 4045 et
1009 3984 1105 4044 omni·
1170 3991 1256 4043 tuum
1270 3993 1326 4043 etc.
1342 3981 1419 4043 Tum
1434 3982 1574 4056 Pontifex,
1588 3984 1731 4058 absoluto,
1741 3985 1814 4047 dixit
1829 3985 1956 4049 (iremus

315 4088 369 4148 bus
395 4087 480 4160 aliis,
503 4087 620 4166 dempto
645 4086 809 4160 Pontilice,
842 4088 890 4147 cui
924 4085 953 4146 in
988 4102 1103 4145 camera
1169 4092 1197 4142 et
1218 4085 1378 4144 orationem
1408 4082 1495 4146 Dens
1515 4085 1572 4166 qui
1593 4087 1695 4148 cordo
1716 4087 1860 4166 pretium
1881 4100 1955 4160 etc,

314 4188 466 4268 Papagalli
493 4187 576 4247 datae
606 4186 724 4246 luerunt
760 4187 834 4247 duae
864 4203 1006 4265 magnae,
1032 4202 1104 4262 qttas
1169 4184 1318 4263 praedicto
1339 4184 1476 4266 episcopo
1498 4186 1644 4246 assistente
1665 4204 1722 4247 non
1748 4186 1900 4249 Cardinali
1920 4190 1956 4251 li·

315 4287 375 4350 duo
406 4287 514 4348 nobiles
542 4297 717 4367 portarunt,
739 4298 768 4348 et
798 4304 853 4346 una
880 4304 994 4365 persa,
1014 4303 1103 4364 quarn
1170 4286 1255 4346 brum
1272 4297 1393 4346 tenente.
1407 4284 1472 4354 liua
1491 4283 1581 4357 linita,
1597 4298 1729 4348 cantaras
1745 4288 1956 4368 responderunt

315 4388 394 4469 Pspa
411 4405 499 4447 manu
515 4388 632 4466 propria
651 4386 790 4466 portavit,
808 4397 839 4447 et
857 4387 964 4466 singuli
982 4386 1103 4464 praeisti
1170 4386 1275 4447 Arnen.
1295 4385 1349 4448 Ubi
1364 4386 1440 4446 laeta
1454 4398 1497 4448 est
1513 4388 1661 4448 conclusio
1679 4387 1788 4466 absque
1802 4388 1956 4454 Dominus

315 4490 412 4550 etalii
444 4488 594 4548 inferiores
621 4504 687 4546 suas
708 4487 839 4548 candelas
870 4485 1023 4567 portabant
1050 4504 1103 4544 ur·
1169 4485 1327 4547 vobiscum
1348 4486 1394 4546 vel
1412 4486 1638 4549 benedicamus
1655 4488 1809 4564 Domino,
1829 4502 1861 4552 et
1881 4490 1956 4572 Papa

315 4591 413 4653 dentes
440 4600 470 4649 et
501 4606 556 4667 pro
588 4586 790 4650 cardinalibus
823 4606 925 4649 eorum
959 4586 1102 4647 scutiferi.
1167 4584 1251 4657 sedit,
1261 4596 1378 4666 accepta
1391 4586 1486 4646 mitra.
1499 4586 1574 4647 Turn
1585 4588 1800 4650 D.Franciscus
1814 4588 1850 4651 de
1860 4590 1957 4651 Padua

315 4688 395 4759 Quae
414 4688 528 4767 quidem
547 4688 691 4760 candelae,
708 4690 736 4748 in
756 4689 846 4748 arctis
866 4688 957 4767 capsis
978 4686 1007 4746 in
1026 4685 1102 4747 dicta
1169 4683 1330 4746 advocatus
1345 4687 1559 4759 consistorialis,
1575 4689 1691 4749 nomine
1711 4690 1956 4753 canonizationem

314 4790 444 4871 cappella
465 4800 549 4849 eraut
570 4788 717 4869 repositae.
736 4787 814 4867 Papa
830 4789 858 4847 in
879 4797 1016 4868 suggesto
1030 4804 1103 4847 con·
1170 4783 1336 4863 hujusmodi
1358 4787 1537 4847 sollicitantis
1563 4790 1613 4865 qui
1641 4790 1669 4849 id
1690 4792 1786 4852 iacere
1813 4790 1956 4860 debebat,

314 4893 434 4953 stitutus
461 4890 531 4951 iecit
554 4891 713 4951 orationem
740 4891 769 4950 in
797 4888 967 4950 faldistorio.
995 4886 1102 4948 Deinde
1167 4898 1246 4947 stans
1267 4889 1295 4946 in
1318 4887 1404 4968 plano
1420 4889 1575 4968 cappellae,
1594 4901 1659 4951 ante
1677 4889 1809 4951 inlimum
1830 4892 1955 4971 gradum

314 4991 442 5053 ascendit
462 4990 557 5053 sedem
578 4992 759 5065 eminentem,
778 4990 828 5052 ubi
855 4993 968 5071 accepit
995 4988 1102 5051 Cardi·
1167 4986 1349 5067 soliiPapne,
1361 4988 1443 5068 petiit
1458 4990 1626 5051 canonizari
1643 4991 1763 5053 Beatum
1773 4990 1955 5073 leopoldum

316 5095 394 5153 nales
405 5137 415 5166 ,
438 5104 467 5153 et
487 5093 632 5170 praelatos
652 5110 749 5153 omues
769 5103 886 5172 paratos
905 5090 943 5149 ad
962 5107 1102 5152 reseren-
1169 5087 1281 5148 dicensr
1310 5086 1476 5150 beatissime
1504 5089 1614 5162 Pater,
1635 5089 1700 5170 Ego
1723 5092 1902 5153 Franclseus
1922 5091 1956 5151 de

318 5195 396 5254 tiam:
417 5194 493 5253 lacte
515 5194 689 5266 reverentia,
710 5193 789 5254 venit
810 5190 960 5254 adsedem
979 5208 1101 5272 parram
1170 5188 1286 5262 Padus,
1315 5190 1474 5251 advocatus
1495 5191 1723 5263 consistorialis,
1748 5193 1957 5272 procuratorio

315 5312 350 5355 ex
370 5292 512 5354 broebato
532 5285 599 5354 auri
615 5304 681 5355 ante
704 5293 831 5355 medium
851 5292 951 5353 altaris
972 5291 1025 5352 sibi
1046 5308 1102 5370 pa·
1167 5291 1281 5352 nomine
1294 5291 1466 5353 serenissimi
1485 5291 1639 5373 Principis,
1653 5304 1682 5355 et
1701 5293 1829 5366 Domini,
1848 5294 1957 5357 domini

319 5404 433 5465 ratam,
455 5394 504 5454 ubi
525 5394 625 5455 sedens
653 5393 690 5453 ad
711 5393 857 5475 Populum
879 5412 991 5465 seretis,
1010 5394 1112 5482 altare
1167 5391 1297 5453 Pederici
1318 5392 1441 5455 liomsni
1459 5393 1645 5473 imperatoris
1672 5414 1787 5476 semper
1809 5398 1956 5476 Augusti,

319 5492 435 5554 renibus
453 5494 556 5567 tersis,
575 5493 643 5563 lecit
660 5512 781 5574 perram
796 5494 953 5555 orationem
971 5511 1022 5555 seu
1037 5512 1102 5554 ser·
1166 5493 1307 5556 inststttar
1320 5494 1481 5566 instantius,
1495 5506 1524 5553 et
1541 5496 1740 5557 instantissime
1754 5508 1822 5578 peto
1837 5517 1855 5558 a
1871 5498 1904 5559 S.
1919 5499 1954 5558 P.

320 5611 443 5665 monem,
469 5594 557 5654 risam
578 5605 608 5655 ct
627 5605 739 5674 partem
768 5595 979 5655 miraculorum
1005 5592 1102 5655 Sancti
1167 5593 1353 5666 canonicari,
1374 5605 1403 5654 et
1422 5594 1452 5654 in
1476 5596 1631 5677 cathalogo
1655 5610 1822 5660 sanctorum
1844 5598 1954 5662 Christi

320 5691 458 5773 beopoldi
479 5695 617 5757 reserens.
640 5696 706 5765 lino
727 5695 804 5757 iacto
824 5693 901 5778 Papa
924 5696 1048 5756 surrexit
1067 5694 1100 5759 de
1166 5691 1292 5756 adscribi
1313 5694 1453 5756 Sanctum
1474 5695 1654 5777 leopoldum
1679 5702 1896 5775 consessorem,
1920 5720 1954 5762 ex
