4492 6859
311 628 353 687 88
781 626 1068 695 PONTlFlchUS
1089 627 1312 695 mitodedun
1331 628 1487 695 OCTAl'l.

310 760 388 841 Papa
416 760 453 820 ad
479 764 638 843 cappellam
674 761 817 841 majorem
848 778 934 828 eunte
964 767 1106 847 praedicti

309 859 449 923 Oratores
468 862 627 925 Scotorum
637 864 724 944 Regis
737 865 768 925 S.
788 865 866 928 Suae
880 867 1012 944 graviter
1026 885 1102 928 con·

310 962 420 1039 quaesti
440 972 529 1035 eunt,
551 962 704 1027 Cardinale
725 966 929 1047 Andegarense
950 987 998 1029 eos
1017 967 1105 1046 adja-

310 1075 403 1123 vante.
426 1064 470 1124 Ex
494 1079 553 1140 quo
582 1061 660 1143 Papa
681 1065 813 1126 mandari
834 1068 901 1128 iecit
921 1080 956 1129 et
972 1069 1040 1147 ipsis
1072 1079 1105 1130 et

308 1163 394 1223 alteri
415 1161 502 1240 Regis
517 1161 684 1242 Hungarise
699 1163 821 1227 Oratori
841 1186 876 1230 ne
894 1170 922 1228 in
942 1170 1101 1247 cappellam

313 1262 455 1323 intrarent
462 1284 473 1336 3
495 1262 574 1339 quod
600 1275 629 1324 et
654 1264 719 1325 leci.
748 1265 858 1329 Deinde
883 1270 1103 1348 quamprimum

313 1359 345 1421 S.
358 1361 391 1422 S.
407 1361 494 1435 iacta,
515 1379 549 1421 ex
570 1380 662 1437 inore,
677 1364 817 1439 oratione,
835 1367 941 1427 solium
955 1368 1106 1428 ascendis·

313 1474 366 1536 set,
390 1464 487 1523 vocari
508 1464 577 1525 lecit
596 1482 695 1526 omnes
715 1464 892 1540 cardinales,
914 1468 1019 1547 quibus
1039 1480 1106 1529 ante

313 1581 380 1623 eum
392 1581 445 1642 per
461 1562 606 1624 circulum
618 1564 758 1625 stantibus
769 1567 921 1647 proposuit
935 1586 997 1630 rem
1013 1587 1106 1647 qaae·

292 1662 411 1723 ¹stionis
432 1659 595 1722 Oratorum
617 1661 732 1742 Regum
755 1664 983 1744 praedictorum,
1001 1686 1105 1730 eorum

313 1773 409 1839 petens
433 1762 605 1835 consilium
627 1763 698 1835 sed,
722 1782 754 1823 re
776 1780 835 1826 non
865 1766 974 1839 decisa,
1000 1767 1106 1829 cardl-

312 1863 391 1923 naias
411 1862 448 1921 ad
466 1880 519 1922 sua
541 1862 606 1923 losa
627 1862 776 1925 redierant
787 1886 798 1938 ς
816 1865 946 1927 lecerunt
967 1866 1067 1930 deinde
1077 1869 1106 1928 in

314 1962 413 2042 cappis
432 1962 491 2022 suis
512 1964 717 2023 reverentiam.
739 1964 908 2026 cardinales
930 1965 965 2026 de
986 1966 1107 2029 Sabellis

310 2073 340 2123 et
357 2061 499 2123 Columna
527 2073 698 2123 manserunt
725 2063 802 2142 apud
821 2064 1014 2140 Pontificem,
1036 2066 1106 2127 dum

311 2160 442 2222 Senensis
463 2172 492 2222 et
510 2161 542 2221 8.
564 2162 685 2241 Georgii
721 2179 789 2222 cum
822 2165 885 2224 aliis
906 2165 1108 2229 cardinalibus

311 2271 479 2340 paramenta
499 2261 693 2341 acciperent3
712 2261 762 2324 sed
784 2265 878 2336 male;
897 2264 1018 2326 debebat
1033 2268 1106 2329 enirn

310 2361 449 2420 Ascamm
481 2378 549 2421 cam
573 2358 719 2423 ΟοΙιιιιιιιιι
741 2363 876 2425 mansisse
898 2365 947 2441 qui
976 2365 1107 2444 juniores

310 2472 404 2520 erant.
421 2459 541 2520 interim
562 2459 643 2540 Papa
676 2461 824 2522 mandarit
855 2463 924 2523 milri
947 2465 1026 2541 quod
1052 2483 1107 2544 pro

312 2559 368 2620 boc
400 2576 482 2619 mane
512 2558 728 2639 archiepiscopo
759 2559 791 2620 8.
819 2561 954 2623 Andreae
984 2572 1014 2623 et
1043 2565 1107 2642 epi·

310 2676 399 2738 scopo
418 2658 587 2737 Olasquensi
611 2659 764 2737 praedietis
786 2660 885 2721 locum
907 2661 1007 2724 darem
1030 2664 1106 2724 inter

308 2762 455 2840 episcopos
474 2761 639 2821 assistentes
651 2771 681 2821 et
698 2762 834 2841 episcopo
851 2761 1038 2824 Sireminensi
1059 2764 1108 2822 in·

312 2868 357 2920 ter
378 2856 520 2920 Oratores
540 2860 716 2939 praedictos,
735 2860 814 2937 quod
832 2859 1033 2922 Sirentinensis
1054 2879 1108 2923 ac·

312 2959 437 3037 captavit
444 2979 454 3031 3
469 2958 511 3018 illi
532 2975 604 3018 aero
625 2969 806 3031 recusantes,
829 2961 986 3040 cappellam
1008 2962 1107 3023 exire-

313 3067 392 3118 rant
412 3056 524 3116 Paratis
543 3056 749 3118 cardinalibus
767 3069 796 3118 et
818 3060 962 3138 praelatis,
980 3062 1107 3122 surrexit

313 3157 453 3230 Pontifex,
473 3167 502 3220 et
520 3168 597 3218 stans
615 3158 675 3220 sine
696 3159 794 3230 mitra,
817 3158 957 3221 benedixit
975 3160 1107 3223 candelas

312 3257 348 3317 ad
369 3255 432 3336 ejus
452 3258 602 3319 sinistrant
625 3259 654 3318 in
675 3257 739 3336 ejus
759 3261 821 3320 acie
848 3262 994 3340 cappellae
1023 3261 1108 3321 ordi·

313 3368 404 3431 natas,
430 3358 573 3437 aspersit,
598 3368 628 3418 et
659 3361 826 3429 incensavit.
852 3360 929 3419 Tum
961 3360 1108 3425 distribuit

312 3456 385 3517 daos
414 3475 534 3535 magnos
567 3474 668 3518 cereos
695 3469 760 3519 ante
781 3478 811 3519 ae
831 3459 942 3519 oblatos
973 3471 1002 3520 et
1031 3461 1109 3523 dedit

313 3556 411 3617 comiti
430 3555 579 3617 Tondillae
600 3573 617 3614 a
638 3555 745 3617 dextris
766 3558 850 3618 etl).
873 3558 1011 3621 Mauritio
1022 3561 1107 3622 fratri

314 3673 369 3716 suo
388 3673 405 3713 a
427 3655 553 3715 sinistris
572 3656 724 3716 stantibus.
974 3722 977 3727 ,

358 3754 395 3814 ll.
409 3754 442 3815 P.
460 3754 496 3815 l).
515 3753 669 3817 teonettos
689 3756 814 3837 episcop.
835 3756 1039 3837 Traguriensis
1055 3777 1110 3819 re·

318 3857 360 3917 nit
378 3855 416 3915 ad
431 3856 581 3936 ⁴pulpitum
603 3855 631 3915 in
653 3857 718 3916 loco
736 3856 813 3918 edito
837 3867 1024 3937 preparatum
1059 3856 1108 3917 obi

317 3955 387 4019 iecit
407 3957 512 4018 bonam
540 3959 700 4019 oratlonem
722 3957 757 4019 de
776 3957 1005 4020 confederatione
1035 3959 1109 4020 inter

317 4056 486 4119 Pontificem
505 4070 535 4119 et
555 4058 677 4120 Venetos
693 4058 781 4130 lacta,
803 4058 905 4121 deinde
925 4059 995 4138 legit
1013 4059 1108 4119 omnis

314 4158 443 4238 capitula
464 4176 538 4236 quae
558 4159 696 4237 stipulata
724 4168 792 4218 sunt
814 4158 941 4219 Venetiis
962 4158 991 4217 in
1013 4157 1110 4218 ducali

316 4261 424 4341 palatio
435 4278 487 4338 per
502 4259 582 4318 lllos.
603 4259 680 4338 Aug.
702 4258 812 4318 Ducem
834 4268 863 4317 et
883 4258 919 4318 l).
933 4258 1110 4319 Venetorum

320 4377 433 4430 exona,
451 4369 480 4418 et
494 4357 531 4417 ll.
554 4359 582 4416 ia
603 4356 722 4419 cbristo
740 4356 773 4417 P.
795 4356 832 4417 D.
850 4356 1002 4417 Nicolaum
1013 4359 1112 4418 Fran·

316 4477 384 4519 cum
395 4457 780 4537 episcopumTrevisensem,
791 4476 825 4519 ac
838 4457 949 4518 lulium
960 4458 1112 4520 caesarem

323 4558 359 4619 de
380 4560 497 4619 Varano
514 4556 717 4618 camerarium
735 4568 802 4630 etc,
823 4559 937 4619 nomine
955 4557 1111 4631 Pontificio,

272 4657 280 4669 '
320 4658 366 4720 dle
394 4656 445 4717 29.
469 4656 570 4717 mensis
601 4656 761 4718 decembris
792 4658 922 4738 proxime
947 4658 1109 4737 praeteriti,

322 4772 609 4821 saucomarias
630 4754 803 4831 Nativitate3
823 4756 929 4835 quibus
951 4756 1035 4818 lectis
1060 4754 1113 4817 de·

321 4856 431 4920 scendit
451 4855 486 4916 de
508 4855 641 4934 pulpito,
667 4866 696 4915 et
723 4853 780 4914 88.
801 4855 837 4914 D.
859 4854 916 4927 nl,
943 4866 1020 4916 stans
1052 4855 1112 4916 sine

320 4957 428 5031 mitra,
450 4957 555 5035 incepit
588 4954 629 5016 Te
658 4955 767 5016 Deum.
792 4954 824 5014 ln
846 4953 902 5017 llne
928 4955 1006 5035 Papa
1036 4956 1115 5016 dedit

319 5057 545 5120 benedictionem
561 5065 591 5116 et
608 5054 752 5135 plenarias
770 5053 961 5134 indulgentias
976 5074 1047 5133 quas
1063 5073 1113 5117 cc·

321 5159 436 5220 lebrans
455 5156 654 5237 pronuntiavit
663 5177 675 5228 ς
697 5173 756 5232 quo
775 5155 854 5215 iacto
881 5154 1114 5235 archiepiscopus

322 5257 354 5317 8.
389 5258 542 5331 Andreae,
563 5266 593 5318 et
620 5256 770 5335 episcopus
797 5254 981 5333 Glasquensia
1013 5274 1113 5316 coram

322 5356 461 5419 Pontiflce
479 5358 626 5438 protestati
648 5365 715 5414 sunt
733 5354 767 5414 de
788 5353 894 5433 injuria
910 5352 994 5416 bodie
1010 5371 1112 5416 eorum

321 5456 395 5537 Regi
414 5458 513 5530 iacta,
533 5467 656 5536 petentes
678 5455 744 5536 ipsis
761 5451 905 5529 justitiam
929 5452 1086 5515 ministrari
1105 5476 1115 5527 3

322 5559 397 5619 idem
418 5558 626 5637 supplicarunt,
639 5567 668 5618 et
688 5556 838 5636 protestati
858 5566 925 5615 suat
946 5554 1111 5617 cardinalis

323 5657 532 5737 andegavensis
553 5675 620 5717 cum
643 5654 816 5717 Oratoribus
838 5653 924 5733 llegis
946 5654 1111 5726 Franciae,

1860 620 1971 707 (rasa)

1172 769 1275 830 comite
1293 766 1454 839 Tondillae,
1476 763 1562 844 llegls
1583 759 1806 842 Portogalliae,
1826 769 1858 821 et
1881 759 1970 838 Regis

1172 870 1391 940 Romanorum3
1413 867 1491 947 Papa
1513 863 1657 944 respondit
1676 859 1852 923 cardinales
1883 877 1971 937 prae·

1171 971 1248 1032 dicta
1265 969 1411 1030 ordinasse
1430 981 1460 1029 et
1480 966 1557 1045 quod
1579 966 1639 1044 ipse
1657 963 1782 1025 libenter
1805 961 1849 1022 eis
1875 957 1968 1035 justi·

1173 1072 1241 1132 tiam
1263 1071 1445 1130 mlnistraret.

1213 1170 1298 1233 Faria
1312 1170 1438 1243 sextaffl.
1452 1169 1554 1229 mensis
1567 1166 1678 1239 martii,
1690 1164 1718 1223 in
1737 1173 1859 1226 secreto
1874 1162 1970 1223 consi·

1173 1272 1263 1332 storio
1287 1269 1358 1331 ller.
1382 1270 1412 1329 in
1440 1269 1558 1330 cbristo
1579 1267 1612 1326 P.
1636 1277 1665 1328 et
1685 1264 1721 1324 b.
1743 1263 1890 1324 lulianus
1910 1261 1973 1340 epi·

1173 1389 1278 1450 scopus
1299 1367 1459 1441 Ostiensis,
1480 1366 1640 1429 cardinalis
1661 1364 1693 1426 S.
1716 1362 1799 1425 Petri
1827 1361 1868 1423 ad
1901 1360 1972 1423 Vm·

1173 1473 1240 1533 cala
1274 1469 1437 1549 vulgariter
1470 1478 1664 1546 noncupatus,
1686 1463 1901 1543 pronuntiatas
1932 1474 1973 1523 est

1174 1572 1285 1651 legatos
1305 1570 1341 1631 de
1362 1570 1450 1630 latere
1471 1567 1507 1627 ad
1529 1567 1692 1628 Marehlam
1712 1564 1932 1624 sneanisana·
1945 1574 1971 1623 et

1174 1670 1304 1732 Venetiae
1314 1692 1327 1741 ,·
1343 1668 1392 1729 sed
1412 1685 1468 1728 non
1490 1668 1545 1728 luit
1566 1683 1647 1727 more
1668 1666 1753 1726 solito
1770 1662 1810 1723 ad
1826 1663 1970 1743 palatium

1172 1786 1260 1829 suum
1281 1788 1298 1828 a
1320 1768 1443 1847 collegio
1460 1764 1656 1827 cardinalium
1679 1764 1868 1835 associatus,
1889 1759 1973 1837 cujas

1175 1886 1290 1930 causam
1313 1868 1425 1946 ignoro.

1215 1966 1363 2028 Dominica
1375 1965 1468 2044 prima
1480 1962 1848 2042 quadragesimae,mensis
1865 1961 1974 2034 mmm,

1174 2077 1327 2144 antequam
1350 2064 1403 2124 88.
1425 2064 1460 2124 D.
1484 2060 1518 2124 ll.
1537 2064 1627 2125 exiret
1644 2062 1679 2124 de
1697 2079 1829 2134 camera,
1849 2060 1889 2121 l).
1901 2061 1973 2122 ller-

1174 2166 1311 2226 nardinus
1330 2163 1563 2237 camberia,SS.
1584 2163 1619 2223 ll.
1642 2160 1676 2222 Ν.
1697 2161 1795 2242 Papae
1815 2161 1973 2222 cubicula-

1175 2265 1236 2326 rius
1257 2275 1403 2335 secretas,
1422 2263 1499 2325 dedit
1520 2262 1592 2324 tter.
1613 2264 1643 2323 in
1661 2261 1781 2324 cbristo
1803 2261 1893 2341 Patri
1914 2261 1974 2322 Oo-

1176 2366 1254 2425 mino
1274 2365 1408 2443 episcopo
1429 2364 1612 2436 Plentlnensi,
1636 2372 1665 2423 et
1686 2361 1768 2435 mibi,
1788 2372 1862 2423 octo
1887 2362 1973 2423 libros

1175 2463 1393 2525 caerimonialcs
1413 2463 1546 2540 antiquos
1567 2479 1622 2541 pro
1640 2461 1834 2522 instructione
1855 2472 1973 2535 nostra,

1174 2574 1202 2624 et
1236 2564 1362 2625 faciliori
1388 2563 1594 2642 compositione
1622 2562 1691 2623 nori
1724 2559 1796 2621 libri
1827 2562 1973 2623 eserirsm·

1174 2662 1299 2724 alarum.

1216 2760 1366 2823 [lominica
1387 2760 1569 2833 Palmaram,
1583 2762 1613 2820 8.
1635 2759 1738 2821 memls
1758 2757 1891 2840 aprilis,
1906 2757 1970 2818 dam

1175 2860 1275 2921 Passio
1295 2860 1442 2920 diceretur
1464 2859 1593 2919 intimari
1613 2857 1736 2919 dominis
1760 2859 1909 2939 pmelatls
1928 2878 1971 2920 as·

1175 2959 1358 3031 sistentibns,
1381 2970 1410 3020 et
1430 2958 1493 3019 aliis
1514 2956 1708 3032 Oratoribus,
1728 2958 1818 3020 etlam
1840 2957 1971 3020 Protbo·

1175 3061 1310 3131 notariis,
1333 3057 1382 3137 qul
1406 3061 1434 3119 in
1457 3059 1586 3138 cappella
1608 3058 1820 3133 interfuerant,
1842 3077 1969 3138 quoram

1177 3178 1316 3222 numerus
1336 3170 1400 3220 erat
1421 3159 1629 3238 qninquaginta
1650 3160 1697 3219 vel
1714 3156 1813 3233 circa,
1832 3158 1870 3221 de
1890 3176 1970 3218 nssn·

1175 3260 1242 3322 dato
1254 3258 1318 3339 88.
1338 3258 1374 3319 Ι).
1394 3257 1430 3321 Ν.
1452 3255 1559 3337 Papae,
1580 3258 1657 3336 quod
1672 3258 1700 3317 in
1721 3268 1845 3321 tonsura
1868 3270 1899 3320 et
1917 3258 1968 3318 lta·

1176 3360 1237 3420 bitu
1259 3356 1384 3418 honestis
1401 3376 1437 3417 ac
1458 3356 1625 3418 decentibus
1646 3358 1790 3431 incedere,
1803 3371 1834 3421 et
1852 3360 1970 3441 sirtguiis

1175 3457 1276 3518 diebus
1298 3457 1496 3536 cappellarum
1517 3456 1553 3515 ad
1578 3459 1738 3536 cappellam
1761 3460 1888 3533 venire,
1917 3479 1969 3522 non

1175 3576 1228 3637 per
1248 3558 1331 3616 aulas
1350 3566 1379 3617 et
1398 3555 1545 3635 porticus,
1566 3575 1602 3617 ac
1624 3557 1775 3619 basilicam
1806 3557 1841 3619 8.
1872 3560 1967 3635 Petri,

1177 3659 1222 3719 rel
1238 3657 1306 3717 alibi
1321 3655 1520 3729 deambulare,
1534 3667 1564 3718 et
1580 3657 1717 3737 spatiare,
1738 3667 1767 3719 et
1789 3657 1849 3720 88.
1871 3659 1909 3721 O.
1926 3659 1970 3733 Ν.,

1176 3757 1263 3820 linitis
1281 3758 1401 3829 officiis,
1424 3776 1458 3818 ex
1484 3758 1615 3837 cappella
1645 3758 1796 3835 usquead
1823 3776 1970 3821 cameram

1177 3859 1326 3940 Papagalli
1341 3859 1369 3916 in
1386 3855 1483 3935 cappis
1497 3856 1568 3928 suis,
1583 3857 1688 3934 quibus
1700 3856 1731 3916 in
1747 3856 1863 3937 capella
1882 3869 1970 3920 utun·

1177 3968 1238 4030 tur,
1259 3958 1419 4029 associare,
1443 3954 1571 4016 debeant.
1792 3941 1796 3947 ’

1217 4056 1381 4128 Dominica,
1399 4056 1447 4117 l5.
1470 4055 1580 4134 aprilis,
1595 4054 1724 4117 Pasclraa
1737 4054 1971 4120 Resurrectionis

1177 4155 1293 4218 Domlnl
1313 4154 1347 4215 Ν.
1370 4154 1437 4215 lesu
1458 4153 1590 4228 clirlsti,
1612 4153 1667 4214 88.
1690 4154 1725 4214 ll.
1747 4153 1781 4215 Ν.
1804 4155 1834 4215 ln
1857 4175 1970 4219 canam

1179 4256 1329 4337 Papagalli
1350 4253 1466 4314 indutus
1488 4271 1569 4315 more
1590 4264 1743 4326 consueto,
1765 4256 1847 4317 circa
1871 4256 1971 4318 limam

1178 4376 1225 4420 ιιι.
1244 4356 1493 4439 processionaliter
1511 4355 1586 4416 venit
1607 4355 1643 4414 ad
1665 4355 1812 4417 basilicam
1832 4356 1867 4418 8.
1882 4356 1970 4420 Petri

1180 4458 1344 4519 Portatusa
1366 4455 1452 4516 tertia
1470 4455 1537 4515 aula
1557 4455 1585 4514 in
1607 4454 1674 4515 sede
1690 4474 1754 4528 sua,
1769 4467 1838 4517 ante
1850 4457 1971 4520 mediam

1180 4568 1292 4637 portam
1308 4554 1442 4616 basilicae
1457 4552 1587 4613 iirmavit
1600 4573 1641 4627 se,
1663 4554 1713 4613 ubl
1728 4555 1873 4635 genullexi
1893 4567 1972 4619 erant

1180 4669 1308 4736 quatuor
1330 4653 1407 4716 cives
1427 4652 1639 4725 Bononienaes,
1661 4652 1752 4729 nudi,
1774 4653 1921 4735 corrigias
1944 4654 1971 4714 ln

1180 4758 1304 4819 calloet
1327 4755 1472 4826 baculos,
1494 4769 1545 4813 seu
1568 4753 1698 4830 virgulas
1720 4751 1749 4814 ln
1774 4753 1910 4815 manibus
1929 4765 1972 4817 tc·

1180 4868 1289 4929 neantes,
1305 4873 1389 4932 quos,
1404 4862 1552 4932 praesente
1572 4851 1652 4932 Papa
1668 4861 1698 4911 et
1717 4870 1753 4913 ex
1772 4849 1839 4929 ejus
1859 4854 1972 4934 specidi

1180 4954 1326 5025 mandato,
1348 4952 1561 5013 Paenitentiarii
1583 4951 1661 5011 circo
1683 4969 1733 5012 eos
1753 4961 1861 5014 stantes
1877 4953 1972 5015 absol·

1182 5064 1295 5117 vertmt.
1325 5051 1438 5111 llorom
1471 5068 1564 5121 unus,
1591 5062 1655 5129 post
1682 5050 1793 5112 dictum
1825 5051 1973 5115 Miserere

1180 5171 1265 5233 super
1281 5170 1330 5212 eos
1355 5168 1407 5229 per
1429 5148 1666 5210 Paenitentia-ios
1684 5149 1861 5230 praedictos,
1877 5170 1933 5231 pro
1945 5170 1975 5212 sc

1180 5263 1209 5314 et
1229 5251 1292 5311 aliis
1313 5249 1410 5311 tribus
1431 5248 1490 5308 suls
1511 5248 1594 5308 sociis
1615 5249 1730 5328 publice
1750 5250 1898 5310 confessas
1917 5260 1974 5322 est,

1181 5350 1254 5431 ipsos
1286 5359 1440 5436 propterea
1470 5347 1543 5405 hanc
1576 5348 1777 5426 poenitentiam
1806 5366 1973 5429 peragere,

1181 5449 1247 5529 quia
1267 5466 1357 5509 unum
1379 5447 1633 5528 presbyterumet
1655 5464 1745 5507 unum
1768 5446 1895 5510 lratrem
1922 5465 1975 5508 su·

1181 5548 1280 5630 spendi
1299 5550 1438 5609 iecerunt.
1454 5546 1564 5608 Fuerat
1583 5549 1660 5609 enim
1675 5546 1794 5626 qnidam
1808 5548 1973 5627 presbyter,

1181 5661 1208 5712 et
1231 5648 1394 5727 llcllglosos
1420 5665 1520 5718 unos,
1546 5666 1639 5726 stirpes·
1668 5647 1813 5708 Bononiae
1838 5659 1974 5725 tanquam
