4492 6859
258 642 373 725 (aras)

268 776 419 850 cariemis,
437 771 546 837 Orator
567 775 734 856 imperialis,
756 774 855 836 babuit
874 774 1046 835 audientiam

260 880 404 958 privatam
423 894 440 935 a
462 874 515 935 88.
539 875 577 935 D.
592 875 638 947 tt,
658 888 687 936 et
708 875 894 955 imperatoris
911 873 1044 932 mandata

180 984 185 991 “
263 976 418 1037 Sanctitati
433 974 509 1035 Suae
522 974 661 1055 exposuit.

302 1075 388 1134 Faria
406 1083 494 1143 sexta,
510 1074 603 1151 prima
618 1074 695 1146 maii,
714 1074 817 1133 festum
836 1071 1044 1152 Apostolorum

261 1173 387 1252 Philippi
401 1182 430 1235 et
444 1173 542 1233 lacubi
560 1185 627 1247 etc,
640 1174 668 1232 in
683 1171 737 1234 line
748 1173 859 1244 Missae,
875 1171 953 1251 Papa
967 1171 1045 1231 dedit

262 1272 483 1334 benedictionem
510 1283 538 1332 et
562 1272 754 1351 indulgentias
784 1274 943 1352 plenarias,
973 1290 1044 1349 quas

258 1372 419 1454 publicarit
433 1373 591 1445 celebrans,
609 1371 707 1434 deinde
722 1372 863 1433 Sanctitas
874 1361 942 1433 *Sua
958 1390 1042 1431 crea·

259 1474 303 1533 vit
321 1488 412 1531 unum
434 1472 462 1530 in
483 1472 614 1544 militem,
635 1472 743 1533 scilicet
761 1472 884 1531 Sixtum.
928 1515 936 1531 .
982 1515 990 1529 .
1032 1515 1040 1530 .

258 1571 324 1633 lut
345 1572 408 1631 nt).
430 1571 589 1633 Cardinalis
604 1571 702 1631 Sancti
716 1570 794 1631 Petri
816 1570 853 1631 ad
872 1571 992 1631 Vincula
1008 1589 1047 1630 ex-

259 1690 363 1733 sorore
378 1689 431 1730 sua
453 1682 592 1750 nepotem,
614 1672 661 1731 cui
676 1672 704 1729 in
716 1669 770 1731 fine
788 1669 917 1729 habitum
937 1668 968 1728 S.
990 1668 1044 1730 lo-

263 1772 365 1832 bannis
375 1771 626 1850 Hierusulpmitani
638 1771 792 1849 imposuit3
804 1770 912 1841 deiude,
925 1768 1044 1829 dimissis

262 1881 329 1932 aute
358 1872 450 1931 altare
477 1871 575 1945 mitra,
597 1871 727 1950 pluviali,
750 1881 779 1931 et
805 1871 900 1942 stola,
926 1878 1044 1948 accepto

259 1973 420 2050 capuccioo
448 1982 477 2031 et
502 1969 557 2029 alia
578 1973 671 2045 stola,
690 1979 824 2051 portatus
841 1979 885 2029 est
903 1970 939 2028 ad
961 1970 1043 2048 pala-

259 2073 335 2131 tium
356 2070 515 2132 cardinalis
536 2072 672 2151 praedicti
691 2069 775 2148 juxto
796 2069 943 2130 basilicam
955 2088 1042 2150 prae·

258 2170 378 2246 dictam,
392 2170 442 2231 ubi
456 2171 524 2231 lecit
541 2171 693 2249 prandium
712 2182 741 2233 et
759 2173 859 2252 piures
876 2168 1044 2231 cardimles

258 2289 328 2332 cum
348 2290 390 2332 eo.

304 2372 389 2432 Faria
409 2379 497 2441 sexta,
516 2388 554 2431 vr.
569 2368 646 2443 maii,
666 2370 710 2429 ΙΙΙ.
727 2368 865 2449 Princeps
884 2366 963 2430 0tbu
983 2369 1043 2428 lla-

259 2472 359 2532 rariae
379 2481 434 2531 etc.
455 2471 530 2542 Dux,
550 2471 601 2548 qui
632 2469 757 2529 Sabbata
779 2469 886 2529 Sancto
913 2469 1043 2547 proxiruc

259 2573 417 2651 praeterito
434 2570 559 2632 Rumam
581 2570 680 2645 venit,
700 2588 717 2629 a
739 2571 849 2630 nemine
874 2580 969 2629 tamen
991 2588 1043 2630 re·

259 2681 384 2751 ceptus,
406 2674 523 2732 recessit
542 2689 576 2731 ex
597 2670 676 2734 Urbe
697 2690 715 2730 a
734 2670 842 2731 familia
864 2671 900 2731 lt.
919 2670 955 2731 D.
966 2670 1042 2732 car·

257 2770 361 2831 dinalis
389 2770 489 2831 Sancti
516 2771 608 2830 llarci
632 2773 813 2843 associatus,
846 2772 968 2851 patriam
993 2790 1043 2832 re-

257 2872 394 2948 diturus3
417 2875 441 2932 is
469 2873 561 2934 irater
574 2883 626 2933 est
652 2874 687 2933 li.
708 2873 743 2933 D.
763 2874 817 2935 mei
841 2875 954 2935 Alberti
979 2873 1042 2952 epi·

257 2975 339 3053 scopi
353 2973 577 3053 Argentinensis,
588 2984 617 3033 et
629 2973 674 3033 bis
692 2974 792 3035 diebus
811 2973 915 3052 quibus
933 2974 1044 3036 Romae

256 3073 315 3133 luit
335 3091 493 3151 numquam
517 3073 595 3133 veuit
615 3073 651 3131 ad
670 3076 840 3154 cappellam3
859 3073 910 3134 sed
931 3074 986 3134 88.
1006 3074 1042 3135 1).

257 3172 352 3251 N.qui
366 3172 500 3234 credebat
512 3174 605 3251 ipsum
623 3173 863 3234 sabbatoindlbis
874 3172 911 3232 ad
925 3175 1044 3252 cappel-

258 3274 317 3333 lam
340 3282 506 3344 venturum,
529 3273 651 3334 verbum
673 3273 743 3334 iecit
759 3274 819 3334 sine
843 3272 1044 3334 cardinalibus

258 3373 294 3433 de
323 3376 387 3433 luco
407 3372 461 3431 sibi
488 3371 591 3444 dando,
616 3372 694 3451 quod
722 3391 775 3431 sua
796 3382 859 3434 erat
877 3372 974 3452 opinio
989 3372 1043 3431 sibi

258 3476 357 3535 locum
376 3474 445 3535 dare
466 3476 494 3533 in
513 3474 604 3533 barrco
614 3472 810 3534 cardinalium
826 3481 890 3552 post
905 3473 1042 3532 ultimum

259 3575 429 3647 Diaconum3
448 3573 495 3636 sed
510 3592 575 3652 ego,
589 3582 709 3634 vocatus
729 3591 746 3631 a
768 3572 924 3632 Sanctitate
938 3571 1000 3631 Sua
1013 3582 1043 3632 et

259 3673 466 3753 interrogatus,
483 3674 540 3734 dixi
558 3674 611 3734 sibi
630 3675 727 3734 locum
747 3674 775 3732 in
790 3691 927 3752 supremo
947 3671 1042 3751 gradu

258 3771 344 3852 juxta
365 3778 470 3837 solium
490 3775 583 3855 Papae
595 3774 732 3846 dandum,
751 3774 827 3852 quod
842 3771 1043 3834 cardinalibus

261 3875 385 3935 multum
408 3877 516 3955 placuit
526 3898 537 3948 ;
553 3876 607 3935 luit
627 3875 675 3936 bic
695 3873 767 3934 idem
790 3873 854 3933 Dux
876 3891 942 3934 cum
961 3873 1043 3950 cquis

263 3992 357 4037 xxix.
384 3980 412 4036 in
438 3975 559 4055 hospitio
593 3976 753 4055 campanae
784 3993 872 4054 prope
901 3973 1042 4054 campum

263 4076 370 4137 Florae
391 4076 564 4154 hospitatus,
579 4078 627 4153 qui
645 4077 700 4136 luit
720 4075 867 4154 lieapulim
883 4094 950 4135 cum
964 4074 1043 4154 Rege

264 4195 321 4254 pro
342 4176 512 4254 quibusdam
534 4178 662 4255 negotiis,
681 4179 854 4254 puniturus
875 4176 990 4237 recessit
1008 4194 1043 4235 cx

263 4276 345 4339 Urbe
369 4276 414 4338 die
431 4278 514 4337 lunae
532 4294 633 4339 xxvtr.
652 4278 767 4356 aprilis,
781 4277 825 4338 die
843 4276 1001 4353 [lominica
1019 4278 1042 4337 si

259 4389 341 4438 recte
363 4378 487 4438 memini.

302 4477 354 4540 Die
381 4480 501 4558 septima
519 4475 606 4555 junii,
625 4479 698 4539 lestc
719 4477 900 4540 Pentecostes
915 4479 944 4539 in
961 4496 1042 4550 sero,

260 4579 375 4640 881).
401 4578 435 4639 ll.
455 4579 553 4639 incidit
576 4580 604 4639 in
629 4578 824 4641 infirmitatem
854 4579 947 4639 fluxus
974 4580 1043 4639 satis

258 4678 428 4759 periculosi.

304 4779 441 4851 Sabbata,
457 4780 592 4857 vigesima
609 4781 727 4858 septima
750 4780 851 4841 mensis
868 4777 954 4856 junii,
977 4779 1042 4839 bla-

260 4879 382 4959 gnilicus
401 4879 536 4940 Nicolaus
552 4879 674 4942 Ursinus
688 4860 866 4953 ,'Pititiani‚
887 4881 999 4942 Suanae
1014 4891 1043 4943 et

259 4981 347 5041 llolae
380 4980 506 5052 comes,
544 4979 663 5040 iuturus
695 4980 864 5061 capitaneus
896 4979 1043 5041 Generalis

260 5080 383 5139 Sanctae
404 5079 548 5138 llomanae
564 5078 720 5153 Ecclesiae,
737 5080 845 5142 Urbem
859 5082 1042 5159 ingressurus

258 5197 326 5240 cum
348 5198 399 5239 sua
421 5179 528 5238 familia
549 5177 697 5240 dumtaxat
717 5191 745 5241 ct
766 5180 989 5261 particularibus
1007 5199 1042 5239 a·

259 5281 349 5353 micis,
366 5298 422 5341 non
441 5291 535 5340 tuanen
551 5278 664 5339 familiis
676 5280 882 5352 cardinalium,
898 5282 1043 5358 ingressus

258 5390 302 5442 est
321 5400 373 5460 per
400 5379 579 5441 viridarium
609 5378 710 5439 Palatii
729 5381 885 5460 apostolici
907 5380 943 5438 ad
965 5381 1042 5439 San-

258 5480 417 5541 ctissimum
445 5480 600 5541 [lominum
630 5492 761 5540 nostrum
792 5500 809 5540 a
838 5499 896 5558 qrro
923 5479 1043 5560 benigne

258 5594 393 5662 receptus
408 5594 471 5655 est3
488 5582 587 5644 deinde
608 5581 682 5643 idem
699 5581 811 5655 Comes,
822 5603 856 5644 cx
878 5583 963 5642 astris
978 5583 1043 5662 opi·

257 5686 371 5746 niunem
393 5704 490 5748 secum
512 5685 618 5748 babens
639 5684 718 5762 quod
745 5685 828 5747 hodic
849 5684 924 5747 bauo
945 5701 1041 5762 ungu-

726 636 1005 702 PONTlFlchUS
1027 629 1249 700 lllNOcENTll
1270 634 1421 700 0crtv1.

1833 640 1893 701 483

1111 792 1178 833 rum
1194 774 1276 853 signo
1292 773 1411 852 iusignia
1434 774 1626 853 capitaneatus
1644 786 1738 838 essmt
1749 773 1896 853 capienda,

1110 875 1190 951 petiit
1212 886 1241 935 et
1268 876 1388 935 obtinuit
1410 894 1426 934 a
1447 874 1502 934 SS.
1524 875 1559 934 Ι).
1581 873 1614 935 N.
1639 876 1757 953 insignia
1786 872 1894 950 bujus-

1110 973 1187 1033 modi
1208 974 1260 1034 sibi
1283 975 1345 1035 dari
1367 974 1422 1036 boc
1436 975 1546 1035 ordine.
1569 973 1767 1036 sanctissimus
1787 973 1892 1034 Domi·

1110 1090 1163 1131 nus
1184 1073 1284 1134 Noster
1299 1075 1327 1134 in
1343 1076 1409 1133 aula
1426 1073 1614 1147 Pontificum,
1632 1085 1747 1153 recepto
1769 1074 1892 1154 pluviali

1109 1192 1197 1253 supra
1217 1177 1320 1235 stolum
1335 1187 1363 1235 et
1378 1174 1557 1248 rochettum,
1568 1181 1569 1185 ’
1579 1174 1717 1236 benedixit
1736 1175 1821 1235 ambo
1835 1194 1890 1236 ve·

1110 1275 1189 1348 xilla,
1200 1286 1286 1354 prout
1307 1279 1335 1335 in
1347 1272 1509 1336 Ordinario.
1526 1275 1666 1336 Punicam
1678 1275 1718 1337 illi
1732 1275 1891 1337 successive

1110 1391 1209 1434 coram
1228 1394 1257 1434 sc
1277 1373 1425 1453 genuflexo
1437 1374 1564 1447 tradidit,
1579 1374 1689 1436 deiude.
1707 1420 1714 1434 .
1733 1419 1740 1433 .
1760 1385 1848 1454 prout
1862 1369 1890 1434 in

1109 1473 1208 1533 eodem
1231 1472 1306 1533 libro
1326 1474 1500 1547 continetur,
1512 1485 1540 1534 et
1562 1473 1676 1534 tandem
1697 1473 1841 1534 baculum.
1860 1516 1889 1533 ..

1110 1573 1159 1653 scd
1173 1573 1248 1633 arcis
1263 1573 1361 1645 Urbis,
1373 1585 1460 1653 prout
1478 1573 1551 1634 inira
1563 1574 1667 1645 dicam,
1680 1574 1730 1652 qui
1746 1573 1891 1652 posthaec

1110 1673 1269 1734 successive
1285 1684 1427 1753 receptus,
1442 1676 1589 1735 osculatus
1602 1684 1644 1735 est
1654 1674 1754 1753 pedem
1766 1671 1891 1734 Pontib-

1110 1776 1151 1832 cis
1172 1771 1227 1857 (l).
1249 1773 1329 1843 Quae
1350 1786 1445 1835 tamen
1458 1777 1575 1848 omnia,
1597 1777 1699 1836 vexilla
1720 1786 1749 1836 et
1770 1776 1892 1836 baculus

1109 1875 1187 1953 apud
1206 1876 1259 1935 88.
1274 1876 1430 1935 Dominum
1446 1873 1583 1935 Nostrum
1606 1886 1813 1937 remanserunt.
1832 1874 1893 1935 Pa·

1109 1979 1187 2037 milia
1203 1975 1344 2050 comitis,
1365 1974 1478 2035 dimisso
1493 1974 1604 2038 comite
1624 1977 1653 2036 iu
1671 1974 1792 2047 Palatio,
1813 1975 1892 2037 venit

1108 2077 1145 2135 ad
1164 2077 1281 2164 domuum
1300 2075 1334 2136 dc
1356 2074 1505 2147 lllartellis,
1526 2075 1646 2153 positam
1665 2092 1752 2154 supra
1781 2073 1889 2136 flumen

1105 2174 1189 2254 juxta
1209 2178 1285 2236 viam
1306 2175 1409 2235 &atae
1423 2174 1531 2236 blariae
1547 2175 1581 2236 de
1601 2175 1738 2254 Populo,
1757 2193 1811 2254 pro
1828 2176 1889 2253 ipso

1109 2278 1219 2340 cnmite
1240 2276 1410 2337 ordinatam.

1151 2379 1310 2450 Dominica,
1331 2374 1466 2455 vigesima
1488 2386 1591 2435 octava
1608 2371 1696 2450 junii,
1711 2374 1786 2435 bonu
1808 2391 1890 2435 manc

1109 2477 1210 2539 Comes
1232 2476 1396 2556 praedictus
1416 2476 1557 2551 equitavit
1577 2493 1645 2537 eum
1667 2475 1771 2534 familia
1790 2493 1889 2535 secum

1109 2578 1147 2639 ad
1155 2572 1566 2655 Montemxmorum(u)‚unde
1578 2578 1691 2634 renicns
1701 2575 1777 2634 circa
1790 2573 1892 2634 boram

1110 2680 1322 2751 duodecimam,
1341 2696 1358 2736 a
1374 2676 1486 2735 familiis
1504 2674 1566 2734 Rll.
1579 2676 1642 2735 Dl).
1654 2674 1849 2736 cardinalium
1863 2686 1893 2736 et
1976 2742 1978 2745 ,

1111 2782 1166 2843 88.
1181 2782 1218 2841 D.
1232 2780 1278 2853 N„
1298 2780 1332 2840 de
1351 2776 1483 2837 mandato
1502 2776 1666 2836 sanctitatis
1682 2776 1769 2847 Suae,
1790 2774 1891 2835 ordine

1110 2869 1247 2945 consueto
1268 2890 1400 2958 receptus
1420 2890 1474 2950 est,
1492 2889 1521 2939 et
1541 2876 1577 2937 ad
1598 2876 1717 2938 domum
1737 2874 1893 2934 habitatio·

1110 2986 1153 3044 nis
1172 3001 1239 3044 suae
1256 2979 1449 3060 supradictam
1471 2977 1627 3039 honorifice
1645 2977 1822 3045 associatus;
1845 2974 1893 3034 in·

1110 3084 1198 3144 travit
1210 3100 1260 3161 per
1276 3091 1388 3159 portam
1404 3079 1491 3139 Urbis
1503 3074 1586 3153 juxta
1598 3076 1776 3139 viridarium
1786 3075 1892 3153 Papae.

1109 3185 1229 3244 Familia
1247 3182 1341 3261 Papae
1365 3181 1525 3258 expectavit
1546 3196 1612 3238 eum
1632 3174 1715 3253 juxta
1740 3175 1891 3237 ecclesiam

1110 3285 1208 3344 Sancti
1227 3280 1371 3359 Pelegrini
1392 3290 1474 3339 extra
1495 3290 1609 3357 portam
1628 3276 1826 3355 praedictam,
1847 3275 1893 3332 la·

1109 3385 1203 3445 miliae
1223 3379 1417 3444 cardinalium
1437 3379 1515 3439 ultra
1533 3378 1673 3450 Pontem,
1692 3374 1776 3454 juxta
1802 3373 1892 3433 Pala-

1110 3488 1182 3545 tium
1204 3482 1238 3543 de
1265 3481 1417 3560 Spinellis:
1448 3479 1525 3538 venit
1556 3479 1641 3537 etiam
1663 3475 1688 3538 ci
1709 3475 1822 3535 obviam
1852 3473 1889 3534 l).

1109 3584 1244 3644 blattbias
1259 3584 1409 3661 episcopus
1424 3576 1599 3638 Securieusis
1615 3588 1642 3637 et
1660 3594 1727 3637 eum
1745 3593 1826 3635 more
1841 3592 1891 3635 so·

1109 3685 1160 3746 litu
1170 3683 1287 3762 excepit,
1300 3698 1387 3760 quem
1400 3680 1528 3757 equitare
1538 3677 1619 3738 tecta
1635 3674 1741 3737 dextris
1762 3672 1893 3747 Comitis,

1109 3786 1178 3864 quia
1196 3783 1232 3843 ad
1251 3778 1379 3857 ejusdem
1398 3777 1516 3839 comitis
1543 3777 1687 3835 sinistram
1714 3785 1779 3834 erat
1796 3774 1893 3833 Fratr-

1109 3888 1203 3947 ciscus
1232 3883 1311 3944 cibo.
1342 3880 1497 3955 Postquam
1530 3875 1635 3935 familia
1673 3874 1767 3953 Papae
1798 3874 1891 3952 ipsum

1108 3986 1234 4064 excepit,
1254 3981 1356 4041 mansit
1376 3978 1412 4036 ad
1433 3974 1496 4051 ejus
1526 3976 1686 4034 instantiam
1717 3972 1890 4032 Franciscus

1110 4086 1286 4168 praedictus,
1301 4076 1385 4156 cujus
1406 4076 1441 4135 ad
1463 4075 1607 4137 dexteram
1622 4072 1705 4154 posui
1725 4071 1761 4130 ll.
1783 4071 1821 4130 l).
1840 4067 1891 4128 lli·

1110 4190 1223 4249 colaum
1243 4183 1314 4245 cibo
1343 4176 1590 4256 archiepiscopum
1610 4173 1804 4234 Arelatensem
1825 4169 1891 4247 pri·

1110 4307 1191 4349 mum
1223 4304 1257 4346 ex
1283 4280 1417 4363 praelatis
1438 4275 1567 4349 Palatii,
1589 4286 1653 4355 post
1672 4292 1757 4333 ensa
1785 4268 1892 4331 dextris

1109 4390 1275 4469 episcopum
1300 4384 1521 4451 cordunensem,
1544 4375 1627 4439 etad
1649 4375 1794 4435 sinistram
1825 4370 1890 4450 epi·

1109 4507 1230 4569 scopum
1255 4485 1454 4547 secoviensem
1477 4479 1676 4561 praedictum,
1698 4473 1796 4535 deinde
1819 4472 1891 4554 aiios

1107 4593 1250 4672 praelatos
1269 4586 1386 4658 Palatii,
1404 4596 1433 4646 et
1451 4583 1522 4644 alios
1543 4580 1622 4639 binos
1654 4587 1682 4638 et
1710 4576 1811 4634 binos:
1834 4572 1891 4631 boc

1108 4690 1207 4750 ordine
1223 4690 1351 4749 venimus
1366 4685 1411 4744 via
1428 4680 1606 4744 Romadorae
1620 4674 1689 4757 (eie)
1703 4675 1739 4735 ad
1750 4674 1892 4752 campum

1108 4791 1212 4850 Florae
1230 4784 1371 4862 lllajorem
1391 4803 1442 4864 per
1464 4783 1579 4843 domum
1605 4779 1639 4839 de
1665 4776 1797 4837 blaximis
1826 4783 1891 4833 ante

1111 4890 1230 4951 domum
1249 4885 1410 4950 cardinalis
1430 4882 1588 4987 Neapolis,
1604 4878 1741 4957 hospitale
1756 4875 1892 4933 Alaman-

1150 5068 1183 5127 (t)
1198 5066 1282 5114 Verba
1298 5062 1418 5121 Codicis,
1437 5061 1478 5110 bie
1501 5061 1604 5109 omnino
1622 5058 1777 5117 deturpata,
1795 5053 1892 5101 descri-

1109 5147 1199 5207 ptione
1215 5143 1335 5193 vialardii
1353 5146 1413 5190 sunt
1429 5138 1599 5190 restituenda:
1618 5157 1627 5178 a
1646 5134 1725 5183 Diade
1743 5133 1766 5180 la
1783 5131 1893 5180 benedi-

1109 5228 1185 5274 zione
1202 5237 1216 5273 a
1233 5225 1285 5272 due
1302 5220 1455 5278 standardi,
1471 5221 1515 5281 poi
1532 5217 1608 5266 diede
1625 5218 1648 5264 ta
1665 5214 1742 5263 solita
1768 5215 1842 5260 resta
1865 5211 1894 5260 dl

1109 5305 1237 5354 Generalc
1254 5317 1268 5351 a
1284 5300 1374 5355 Niculd
1390 5301 1439 5349 clre
1457 5301 1488 5362 gli
1506 5305 1581 5347 stava
1594 5293 1784 5357 inginocehiato
1796 5290 1895 5348 avanti,

1110 5398 1124 5433 c
1146 5384 1307 5440 finalmente,
1327 5382 1407 5429 datoli
1435 5380 1459 5426 lo
1485 5381 1574 5426 stocco
1593 5390 1607 5424 e
1624 5375 1641 5423 il
1659 5372 1795 5434 cappello,
1812 5381 1893 5417 orna·

1110 5464 1190 5512 menti
1207 5462 1234 5510 di
1251 5461 1373 5522 capitano
1391 5456 1520 5516 gencrale,
1539 5453 1555 5501 li
1574 5452 1650 5501 diede
1668 5452 1683 5499 il
1702 5450 1821 5497 bastone.
1839 5467 1849 5488 ι

1150 5544 1184 5602 (2)
1199 5540 1272 5590 Nunc
1290 5539 1370 5588 Monte
1385 5536 1472 5585 Morio.
1484 5531 1530 5582 llic
1543 5544 1629 5587 mons,
1645 5528 1756 5578 diversis
1773 5524 1890 5587 appella·

1111 5619 1228 5670 tionibus
1246 5618 1297 5667 buc
1315 5618 1377 5665 illuc
1393 5616 1419 5663 in
1431 5612 1518 5663 biario
1536 5610 1702 5676 significatus,
1714 5606 1762 5658 sed
1777 5615 1894 5656 exama-

1111 5700 1250 5750 nuensium
1268 5709 1369 5755 errore,
1385 5698 1414 5743 ut
1431 5693 1555 5743 arbitror.
