4492 6859
230 658 354 742 (ttae)

233 796 376 874 gavensis,
396 812 463 855 cum
485 811 543 873 quo
560 791 713 874 prandium
735 793 802 855 iecit
815 838 824 868 ,
838 805 869 855 et
889 813 956 856 cum
975 796 1016 857 eis

233 895 331 956 Sancti
352 895 431 956 Petri
452 895 487 953 ad
503 894 624 955 l'incula
646 906 675 955 at
695 894 730 956 de
750 894 892 955 Columna
909 892 1014 955 Cardi-

232 998 310 1056 nales
320 1016 330 1067 3
342 995 399 1055 duo
410 994 563 1074 portitores
585 996 757 1055 vexillorum
767 1013 819 1074 per
835 1006 925 1056 totam
939 995 1014 1055 riam

231 1096 343 1174 portari
366 1096 496 1156 iecerunt
513 1097 614 1157 vexilla
635 1097 692 1176 ipsa
717 1115 769 1175 per
790 1098 903 1173 aliquos
936 1095 1015 1156 circa

231 1196 298 1255 illos
319 1194 470 1254 mediantes
492 1196 595 1273 qtaibus
614 1197 666 1275 ipsi
686 1207 796 1256 tuntum
813 1214 931 1256 manum
944 1196 1016 1256 dex·

233 1305 326 1354 teram
355 1294 554 1373 apponebant3
581 1306 610 1356 et
648 1312 736 1375 supra
768 1308 883 1374 pontem
914 1295 1017 1357 Sancti

230 1396 333 1474 Angeli
355 1407 457 1456 ventus
477 1406 535 1455 tarn
559 1396 709 1457 rebemeus
728 1408 792 1457 erat
812 1397 890 1475 quot
918 1408 1014 1459 erecta

233 1497 336 1555 vexilla
363 1497 410 1555 rix
431 1506 549 1575 portare
580 1507 745 1575 patuerunt
766 1497 955 1571 latrareruut
980 1518 1016 1559 e·

230 1606 363 1671 questres
384 1613 451 1656 cum
474 1596 582 1657 vexillis
608 1595 725 1656 domum
746 1596 813 1657 dicti
843 1596 1013 1692 Cardinalig.

230 1696 268 1754 D.
294 1695 438 1757 liebertus
457 1707 538 1756 extra
564 1708 678 1775 portam
703 1694 831 1773 ejusdem
853 1697 956 1759 domus
977 1698 1014 1758 ad

230 1799 400 1856 comitantes
420 1815 449 1857 se
468 1798 622 1871 conuertit,
638 1810 666 1858 ct
686 1796 796 1859 birreta
816 1800 964 1876 praedicta
985 1802 1014 1861 in

230 1898 325 1977 capite
345 1909 466 1971 retento,
487 1898 621 1976 praelatis
644 1897 862 1970 recedentibus,
880 1910 908 1959 et
930 1900 1015 1961 cubi·

231 1999 351 2059 culariis
382 1998 492 2076 gratias
516 1998 596 2077 egit3
616 1997 716 2059 deinde
745 1999 867 2059 intrarit
896 1998 1014 2059 domurn

231 2098 425 2177 praedictam,
446 2101 475 2157 in
497 2115 554 2176 que
575 2115 696 2177 pransus
718 2110 768 2158 est.
790 2095 893 2160 Officio
913 2099 1014 2160 Missae

230 2198 398 2279 supradicto
426 2198 620 2260 interfuerunt
650 2217 748 2259 omnes
782 2197 949 2262 cardinales
985 2201 1013 2260 in

233 2298 315 2360 Urbe
329 2299 487 2371 existentes,
497 2298 612 2379 dempto
631 2301 694 2360 solo
712 2298 748 2358 ll.
768 2298 891 2360 Domino
909 2300 1015 2363 Cordi·

232 2400 296 2459 nale
317 2398 417 2460 Sancti
436 2398 553 2478 Georgii
576 2399 753 2471 Camerario,
774 2402 824 2478 qui
843 2418 899 2460 non
926 2402 1013 2462 venit.

231 2498 269 2558 lli
284 2510 381 2561 autem
396 2499 600 2571 interfuerunt,
614 2498 887 2573 vicecancellarius,
900 2498 1014 2580 Neapo-

235 2600 351 2673 limnas,
358 2600 389 2660 S.
405 2599 510 2671 blanci,
522 2598 554 2659 S.
563 2598 644 2660 Petri
658 2597 695 2656 ad
707 2598 1012 2679 Vincula,Epircopi,·

232 2699 468 2780 turegiensis,
499 2698 532 2759 S.
562 2696 737 2771 Clementis,
763 2700 798 2759 tle
832 2699 1013 2773 Comitibus,

232 2800 412 2873 Parmensis,
431 2800 613 2881 Presbyteri
618 2821 631 2870 ,·
651 2798 800 2871 Senensis,
820 2799 855 2860 de
876 2799 1014 2875 Sabellis,

231 2900 374 2961 Columna
387 2914 416 2961 et
430 2900 582 2973 ascania,
604 2900 743 2961 Dioconi
763 2898 949 2973 Cardimles3
969 2901 1015 2961 ie·

231 3019 330 3062 ceram
351 3000 422 3060 mibi
443 3001 609 3062 memoriale
627 3018 682 3079 pro
702 2998 861 3060 ordinando
881 3012 937 3062 etc.
960 3001 1015 3061 sub

232 3100 278 3161 his
298 3100 402 3160 verbis.

376 3198 580 3279 Praeporantla
598 3218 653 3279 pro
673 3199 881 3262 Conlaloncrio.

276 3300 456 3363 Ordinantur
469 3300 570 3359 vexilla
582 3300 651 3370 duo,
667 3299 765 3360 deinde
779 3301 864 3361 etiam
879 3313 907 3362 et
922 3300 1016 3362 bacu-

232 3402 278 3462 lus
296 3400 378 3461 albus
393 3417 512 3478 grossus
530 3399 714 3477 longitudinis
734 3401 817 3460 unius
834 3402 946 3462 brachii
968 3404 1013 3463 rel

232 3504 312 3563 circa
334 3511 362 3561 et
383 3499 457 3559 duae
477 3508 594 3577 stangae
615 3518 669 3577 pro
690 3500 808 3561 vexillis.

274 3601 372 3663 Vestes
393 3616 460 3659 cum
479 3600 637 3659 armaturis
658 3618 712 3678 pro
731 3598 853 3659 Domino
867 3599 1012 3676 llobert03

232 3704 314 3764 locris
334 3702 362 3761 iu
384 3717 443 3778 quo
463 3718 493 3759 se
510 3698 611 3760 vestiat
629 3709 693 3779 post
712 3698 890 3761 devotionem
904 3700 1013 3761 Sacra-

233 3803 332 3865 menti.

274 3902 341 3960 Duo
358 3898 466 3960 nobiles
486 3900 613 3972 armati,
632 3900 683 3978 qui
705 3901 951 3979 vexillaportent.
974 3935 1013 3947 -

232 4000 402 4063 Pontificale
422 4000 451 4059 in
470 4016 529 4076 quo
549 4010 616 4059 sunt
638 4001 781 4061 orationes
813 4018 868 4079 pro
895 4000 1012 4062 benedi-

229 4101 325 4162 ctione
346 4111 376 4160 et
396 4098 547 4160 traditione
569 4100 748 4159 vexillorum.

275 4204 359 4276 Aqua
380 4197 526 4259 benedicta
547 4216 614 4259 cum
635 4197 808 4278 dispersoris
828 4211 883 4262 etc.

274 4300 359 4360 Faria
389 4314 435 4357 rx.
466 4300 569 4359 mensis
600 4298 759 4361 decembris
784 4300 839 4362 luit
865 4299 1013 4381 publicum

230 4400 432 4461 consistorium
465 4400 493 4459 in
526 4400 617 4477 prima
640 4400 707 4459 aula
733 4400 829 4479 palatii
857 4402 1012 4481 Apostolici

229 4501 308 4581 apurl
330 4500 470 4561 Sanctum
492 4499 635 4571 Petrom;
651 4499 679 4558 in
701 4517 760 4579 quo
780 4499 816 4559 D.
839 4500 943 4562 Petrus
958 4520 1011 4562 ne-

230 4621 284 4681 pos
301 4601 347 4661 lll.
369 4599 566 4678 Portugalliae
587 4599 685 4679 llegis,
699 4601 836 4679 magister
848 4597 965 4661 Ordinis
980 4601 1011 4662 S.

231 4702 332 4787 lacobl
352 4701 387 4763 de
408 4701 513 4779 Spata,
530 4711 559 4758 et
580 4700 695 4777 quidam
717 4702 792 4760 alius
814 4702 923 4780 collega
943 4720 1012 4762 suus

232 4785 373 4864 Oratores
398 4797 525 4877 ejusdem
552 4798 639 4879 Regis
665 4801 719 4862 SS.
741 4801 776 4861 D.
797 4799 832 4860 N.
862 4803 1012 4880 praestite-

231 4914 302 4963 runt
322 4900 508 4962 obedientiam
534 4900 659 4961 debitam
680 4913 708 4961 et
729 4912 909 4975 consuetum,
925 4913 955 4962 et
982 4903 1011 4961 in

232 5001 332 5063 eodem
355 5001 474 5080 publica
495 5005 664 5064 consistorio
681 5005 800 5083 petitum
821 5016 849 5065 et
864 5004 1011 5067 obtentum

232 5103 290 5163 luit
310 5101 430 5181 pallium
453 5120 507 5180 pro
527 5104 619 5164 electo
639 5104 774 5183 lspalensi
794 5117 848 5166 etc.

274 5202 423 5263 Dominica
442 5204 527 5263 tertia
547 5203 704 5277 Adventus,
727 5206 867 5268 Gaudete
897 5226 1012 5268 nuncu·

232 5316 311 5384 pata,
332 5320 378 5364 xt.
396 5304 464 5364 dicti
482 5305 583 5365 mensis
603 5305 774 5381 decembris,
785 5307 856 5367 llev.
873 5307 1012 5369 Dominus

232 5404 392 5467 Cardtnalis
413 5402 444 5464 S.
467 5403 619 5465 Clementis
639 5406 796 5468 celebrarit
818 5409 931 5469 blissam
955 5427 1012 5488 pu-

232 5506 338 5565 blicam
359 5508 388 5565 in
408 5506 536 5586 cappella
556 5505 731 5584 supradicta,
751 5507 829 5589 Papa
854 5522 1012 5590 praesente,

232 5606 269 5667 dc
290 5603 374 5683 cujus
395 5606 529 5666 mandato
550 5605 613 5667 dedi
640 5608 736 5668 locum
765 5608 930 5688 supradicto
950 5608 1013 5670 Do·

232 5709 311 5769 mina
333 5707 448 5781 Petro,
469 5702 589 5769 Oratori
614 5719 642 5768 et
672 5712 765 5787 nepoti
793 5710 880 5789 Regis
901 5709 1012 5772 Portu·

705 654 985 719 eonnnrcarus
1007 654 1230 720 innocuum
1251 655 1402 720 oaravr.
1822 662 1861 723 ra
1980 741 1983 747 ‚

1082 796 1210 874 golliae,
1228 813 1284 856 non
1305 796 1433 857 obstante
1455 795 1532 872 qtrod
1553 797 1704 874 religiosus
1724 808 1816 869 esset,
1833 797 1863 857 in

1082 897 1225 977 superiori
1243 895 1337 975 gradu
1358 896 1420 955 solii
1440 895 1535 974 Papae
1554 914 1642 976 supra
1663 897 1784 957 tratrem
1803 896 1864 954 Pa-

1081 1015 1147 1076 pae,
1166 1008 1193 1057 et
1213 994 1281 1070 lilio,
1299 1014 1333 1056 aa
1352 998 1449 1075 generi
1470 994 1604 1057 Oratoris
1624 994 1753 1073 ejusdem
1774 1015 1808 1056 ex
1822 997 1865 1054 si·

1082 1096 1144 1156 mili
1171 1097 1305 1157 mandata
1334 1096 1398 1157 dedi
1427 1098 1524 1158 locum
1551 1097 1579 1156 in
1608 1097 1737 1158 inieriori
1768 1099 1863 1175 gradu

1081 1196 1145 1256 solii
1164 1193 1300 1272 ejusdem.
1322 1198 1440 1257 Interim
1457 1196 1616 1257 Cardinalis
1635 1198 1782 1258 celebrans
1797 1210 1863 1260 ante

1081 1296 1204 1376 primam
1226 1293 1399 1380 Orationem
1415 1295 1484 1356 dixit
1503 1308 1559 1359 etc.

1123 1397 1185 1456 lluc
1204 1415 1269 1457 sera
1283 1397 1361 1457 circa
1374 1396 1476 1459 boram
1487 1414 1599 1460 xxrttr.
1613 1396 1676 1479 (tt.
1692 1398 1862 1482 decembris)

1082 1497 1160 1558 venit
1180 1495 1216 1555 ad
1238 1496 1347 1559 Urbem
1368 1497 1524 1558 Fracassus
1544 1496 1620 1558 iilius
1635 1499 1669 1557 D.
1691 1498 1810 1559 liuberti
1829 1500 1864 1560 de

1082 1594 1190 1657 Sancto
1209 1596 1348 1658 Sererina
1362 1597 1554 1658 Gonialonerii
1572 1610 1626 1659 etc.
1645 1618 1713 1661 cum
1730 1600 1863 1679 squadris

1081 1714 1191 1760 xxxin.
1218 1700 1309 1778 gentis
1330 1716 1481 1759 armorum
1502 1712 1548 1759 etc

1123 1799 1272 1859 Dominica
1294 1815 1370 1860 xxv.
1400 1798 1567 1872 decembris,
1594 1801 1716 1860 intrante
1736 1816 1812 1860 anno
1847 1819 1864 1859 a

1081 1897 1235 1961 D'atiritute
1251 1899 1364 1959 Domini
1377 1898 1480 1968 litu,
1492 1898 1563 1960 testo
1576 1898 1738 1960 Natiuitatis
1749 1898 1863 1959 Domini

1081 2000 1173 2059 nostri
1193 1999 1261 2060 lesu
1282 1996 1388 2060 Christi
1404 1997 1458 2059 SS.
1474 1996 1614 2058 Dominus
1633 2010 1728 2060 noster
1744 2009 1862 2078 paratus

1081 2116 1163 2159 more
1179 2099 1273 2172 solito,
1289 2096 1343 2157 sub
1361 2097 1543 2170 baldachino,
1562 2100 1695 2178 praelatis
1709 2110 1738 2160 et
1757 2098 1863 2160 Cardi-

1081 2199 1193 2259 nulibus
1211 2198 1319 2277 paratis
1339 2196 1589 2277 praecedentibus,
1612 2200 1690 2258 venit
1707 2198 1743 2257 ad
1764 2199 1864 2259 basili·

1081 2316 1146 2359 cem
1166 2298 1263 2359 Sancti
1284 2297 1363 2359 Petri
1383 2298 1457 2359 inter
1478 2297 1581 2357 horam
1597 2316 1651 2360 xv.
1670 2309 1698 2359 et
1717 2316 1792 2374 xri„
1813 2300 1863 2360 ubi

1081 2400 1240 2461 celebrarit
1260 2399 1375 2460 Missam
1395 2400 1550 2460 solemnem
1573 2418 1654 2460 more
1674 2400 1771 2461 solito:
1790 2419 1864 2481 qrrae

1081 2497 1240 2559 linita·luit
1267 2500 1346 2558 circa
1379 2498 1481 2559 horam
1509 2515 1576 2559 xxi.
1603 2498 1731 2559 Primaua
1757 2519 1862 2578 aquam

1083 2598 1163 2660 dedit
1183 2596 1292 2659 Orator
1315 2596 1510 2657 venetiarum.
1536 2598 1698 2658 Secundam
1719 2617 1806 2677 nepos
1834 2612 1864 2661 et

1082 2697 1192 2759 Orator
1220 2697 1308 2776 Regis
1331 2694 1536 2774 Portugalliae.
1567 2696 1695 2757 Tertiam
1724 2698 1863 2759 Dominus

1082 2799 1228 2861 llobertus
1267 2797 1483 2858 Conialonerius
1515 2796 1679 2859 Ecclesiae.
1721 2797 1863 2868 Quartam

1082 2900 1278 2978 lilerquardus
1300 2896 1419 2959 brisacb
1442 2894 1551 2958 Orator
1573 2899 1747 2977 imperialis:
1773 2917 1860 2979 nepos
1923 2966 1925 2969 g

1081 3012 1111 3061 et
1143 2997 1254 3060 Orator
1282 2998 1369 3077 Regia
1397 2998 1589 3078 Portugalliae
1617 2999 1695 3060 stetit
1721 2996 1758 3058 in'
1779 2999 1865 3078 plano

1081 3099 1147 3160 solli
1179 3117 1267 3177 supra
1294 3098 1402 3157 dictum
1434 3098 1589 3159 Dominum
1616 3097 1798 3171 liebertum,
1830 3098 1865 3162 de

1082 3219 1140 3278 quo
1158 3198 1200 3258 ini
1219 3217 1270 3277 per
1293 3198 1565 3258 vicecaneettarium
1587 3209 1618 3258 et
1647 3196 1863 3278 Neapolitanum

1081 3289 1250 3361 Cardina'les
1270 3298 1471 3377 reprehensus,
1487 3298 1562 3375 quod
1584 3298 1679 3377 Papae
1693 3296 1864 3377 significari,

1082 3401 1132 3479 qui
1152 3411 1245 3461 tamen
1267 3398 1360 3458 noluit
1380 3398 1462 3458 aliter
1480 3398 1630 3477 disponere
1650 3409 1705 3458 etc.

1126 3499 1275 3561 Dominica
1288 3497 1455 3557 Palmarum
1469 3513 1554 3557 xrtrr.
1574 3497 1640 3558 dicti
1655 3498 1758 3557 mensis
1767 3495 1863 3578 (mar-

1082 3603 1113 3660 tii
1126 3600 1149 3683 ),
1162 3599 1217 3661 SS.
1229 3600 1264 3660 D.
1279 3598 1313 3658 ll.
1330 3608 1448 3677 paratus
1463 3614 1543 3657 more
1558 3597 1642 3657 solito
1654 3599 1730 3658 renit
1744 3596 1779 3655 ad
1795 3615 1865 3676 eap-

1081 3704 1185 3782 pcllam
1204 3698 1360 3778 majorem,
1374 3695 1423 3757 ubi
1435 3740 1444 3770 ,
1457 3715 1491 3757 ex
1509 3713 1610 3768 mare,
1632 3714 1683 3776 per
1698 3695 1863 3757 Cardinales

1081 3804 1110 3863 in
1132 3820 1234 3865 aarum
1249 3800 1346 3880 cappis
1365 3796 1525 3860 reverentia
1543 3797 1632 3868 iacta,
1647 3806 1676 3856 et
1689 3796 1863 3875 paramentis

1081 3923 1132 3985 per
1153 3921 1202 3965 eoa
1223 3900 1323 3962 deinde
1344 3898 1574 3977 receptissima
1595 3898 1624 3956 iu
1645 3897 1710 3956 sede
1729 3913 1793 3968 sua,
1810 3896 1863 3958 be·

1081 4004 1186 4066 nedixit
1213 4004 1322 4082 palmas
1341 4000 1370 4059 iu
1391 3998 1498 4075 angula
1518 3996 1554 4055 ad
1580 3997 1724 4056 sinistram
1756 4013 1862 4070 suam,

1080 4107 1146 4166 loco
1160 4101 1351 4162 assistentium
1373 4098 1567 4178 praelatorum
1581 4106 1635 4156 etc.
1650 4094 1862 4157 vicecancella-

1080 4205 1141 4266 rius
1162 4201 1240 4263 dedit
1259 4200 1368 4281 palmas
1378 4194 1520 4268 Pontifici,
1531 4195 1629 4258 deinde
1645 4194 1728 4256 Pant.
1743 4207 1862 4274 accepto

1080 4303 1224 4384 gremiali,
1245 4301 1321 4362 dedit
1352 4298 1454 4358 sibiet
1477 4297 1641 4356 aliismore
1666 4296 1758 4356 solito.
1791 4295 1861 4364 Dedi
1981 4330 1982 4333 =

1079 4416 1145 4465 ante
1165 4400 1388 4464 benedictionem
1391 4440 1519 4457 .....
1538 4393 1604 4479 (sic)
1607 4440 1739 4455 .....
1763 4397 1860 4458 locum

1080 4507 1123 4567 lll.
1151 4505 1188 4565 D.
1216 4502 1322 4579 blegne
1352 4498 1427 4560 Duci
1459 4497 1672 4577 blonopolensi,
1694 4498 1743 4577 qui
1769 4516 1860 4580 nuper

1080 4603 1208 4685 quodam
1238 4603 1283 4663 die
1305 4603 1379 4662 inter
1408 4598 1571 4659 Dominicas
1595 4598 1749 4670 bostare,
1769 4609 1798 4659 et
1824 4602 1862 4661 de

1079 4706 1254 4774 Poeticae,
1277 4701 1315 4762 ad
1336 4699 1445 4762 Urbem
1467 4697 1624 4760 devotionis
1644 4718 1730 4760 causa
1752 4718 1862 4761 conre-

1079 4817 1173 4877 nerat,
1195 4807 1222 4863 in
1243 4800 1387 4882 superiori
1408 4798 1500 4879 gradu
1520 4798 1582 4859 solii
1598 4818 1614 4858 a
1629 4798 1736 4861 dextris
1757 4801 1861 4880 Papae,

1079 4918 1107 4967 et
1135 4906 1170 4965 D.
1191 4904 1361 4965 lilauritium
1382 4900 1454 4961 Cibo
1475 4899 1596 4986 iratrem
1618 4900 1713 4981 Papae
1733 4900 1769 4960 ad
1789 4902 1861 4960 sini·

1078 5017 1169 5065 stram
1201 5003 1295 5081 Papae
1316 5003 1344 5061 in
1364 5000 1463 5061 eudem
1483 4999 1577 5079 gradu
1609 4999 1724 5073 locavi3
1755 5000 1860 5077 quibus

1079 5104 1156 5185 Papa
1178 5104 1254 5165 dedit
1273 5103 1344 5162 duas
1364 5118 1430 5162 suas
1451 5103 1559 5181 palmas
1581 5118 1698 5180 magnas
1717 5101 1861 5172 tenendas,

1079 5219 1107 5268 et
1136 5208 1164 5266 in
1195 5205 1375 5286 processione
1400 5200 1563 5282 portandas.
1596 5200 1668 5261 Post
1695 5199 1862 5263 cardinales

1078 5308 1189 5386 accepit
1217 5307 1342 5386 palmam
1373 5305 1533 5383 lmperator
1571 5300 1861 5380 Constantinopolita-

1079 5426 1144 5482 nns,
1165 5417 1274 5487 etpost
1294 5424 1360 5467 eum
1380 5404 1445 5464 Dux
1465 5401 1630 5482 praedictus
1651 5419 1719 5464 cum
1734 5402 1810 5462 dicto
1824 5401 1862 5462 D.

1079 5508 1214 5569 blauritio
1235 5527 1252 5565 a
1271 5505 1391 5566 sinistris
1412 5503 1470 5564 suis
1491 5502 1650 5565 accedente.
1675 5504 1788 5564 lllissem
1810 5522 1862 5565 ce·

1079 5608 1202 5670 lebravit
1223 5606 1295 5667 ller.
1325 5604 1464 5666 Dominus
1484 5603 1644 5665 Cardinalis
1665 5604 1763 5666 Sancti
1790 5605 1859 5667 Cle-

1080 5709 1204 5783 mentis,
1231 5707 1278 5768 cui
1307 5705 1362 5767 SS.
1394 5704 1430 5765 D.
1451 5704 1485 5765 tt.
1512 5703 1588 5766 dedit
1618 5723 1704 5766 unam
1734 5707 1859 5787 palmam
