4492 6859
236 672 347 757 (arm)

237 826 308 869 num
329 809 464 870 omnibus
489 808 657 871 mandatum
687 814 764 892 quod
789 833 890 877 omues
919 827 1024 875 stratas

235 928 289 989 pro
312 910 357 969 dle
377 910 523 989 praedicta
542 912 728 988 mundarent,
737 926 797 974 eta
818 925 1024 976 serocxtremo

236 1026 328 1086 usque
360 1028 410 1089 per
445 1007 613 1071 hodiernam
643 1012 719 1072 diem
752 1030 856 1092 magua
886 1031 1024 1093 campana

234 1106 369 1188 Capitolii
392 1107 513 1187 saepius
526 1120 554 1170 et
576 1111 686 1172 iteratis
708 1113 819 1173 vicibus
846 1114 1024 1192 pulsaretur,

232 1207 477 1289 quemadmodum
521 1210 549 1270 in
589 1213 786 1273 anniversario
824 1202 1025 1294 assumptionis

230 1320 262 1370 et
282 1309 474 1370 coronationis
491 1310 585 1390 Papae
604 1311 667 1374 lieri
689 1315 839 1375 consuevit
844 1339 855 1388 3
867 1326 896 1376 et
912 1315 941 1374 in
957 1333 1024 1377 sero

232 1411 387 1488 utriusque
419 1410 473 1472 diei
494 1412 580 1472 multi
602 1415 682 1492 ignes
714 1433 766 1493 per
787 1415 898 1478 Urbem
930 1415 1022 1489 iacti3

230 1506 364 1569 similiter
386 1510 414 1569 in
436 1510 544 1590 palatio
564 1513 732 1593 Apostolico
752 1525 783 1576 et
802 1525 899 1576 castro
923 1513 1023 1575 Sancti

230 1612 351 1691 hugeli3
373 1612 439 1675 item
470 1613 636 1674 ordinatum
656 1614 739 1693 quod
758 1624 838 1677 totus
858 1614 963 1677 Clarus
994 1626 1023 1677 et

231 1731 331 1776 omues
346 1712 498 1791 religiones
513 1714 542 1772 in
559 1713 682 1775 Basilica
693 1714 793 1777 Sancti
805 1715 887 1776 Petri
904 1734 934 1775 se
950 1734 1023 1777 con·

230 1824 412 1893 gregarent,
428 1823 459 1873 et
485 1813 565 1874 circa
588 1813 692 1875 horam
722 1815 862 1876 decimam
885 1828 1022 1894 quartam

231 1914 324 1975 dictae
345 1912 513 1975 Dominicae
525 1958 535 1988 ,
567 1917 818 1998 processionaliter
847 1917 884 1976 ab
923 1915 1021 2001 eadem

229 2013 352 2075 basilica
365 2013 502 2091 usquead
519 2015 669 2076 ecelesiam
681 2016 863 2095 praedictam
882 2017 1023 2090 venirent,

234 2115 352 2176 Vicario
370 2113 457 2176 Urbis
475 2115 688 2193 processionem
710 2116 801 2195 ipsam
822 2116 851 2175 in
866 2113 1023 2196 pontificali

229 2215 329 2275 habitu
362 2225 517 2293 sequente:
540 2226 606 2296 post
626 2216 782 2297 prandium
804 2217 1024 2279 vicecancella-

229 2318 294 2378 rius
305 2312 426 2377 interfici
437 2316 520 2390 iecit,
529 2316 557 2376 iu
569 2318 650 2377 curia
660 2336 713 2377 sua
725 2330 789 2380 anie
800 2317 917 2379 domum
929 2336 1022 2393 suam,

228 2419 259 2477 in
283 2418 329 2477 via
351 2415 478 2495 publica,
500 2434 588 2494 quam
609 2418 722 2498 maguis
744 2411 879 2479 trabibus
896 2418 1023 2497 undiquc

231 2518 360 2590 clausit,
382 2518 510 2594 quinqua
537 2526 664 2591 tauros,
693 2520 742 2595 qui
769 2518 868 2597 plures
894 2517 1022 2579 homines

189 2666 193 2671 .
226 2620 373 2680 laeserunt
392 2629 423 2679 et
445 2618 614 2681 occiderunt
636 2632 789 2698 antequam
806 2621 858 2700 ipsi
874 2620 1024 2681 interime·

228 2731 344 2781 rentur.
357 2720 490 2799 Episcopi
503 2719 634 2781 Pacensis
643 2730 672 2781 et
686 2720 875 2782 Astorieensis
882 2719 1022 2782 Oratores

229 2820 319 2899 Hegio
339 2829 368 2879 et
390 2818 520 2898 Reginae
542 2818 752 2898 Hispaniarum
773 2821 871 2899 parari
890 2820 1023 2882 lecerunt

226 2921 315 2981 etiam
335 2917 438 2981 eoudni
460 2930 525 3001 post
542 2919 669 2981 medium
691 2922 817 3001 Agonis,
838 2932 868 2983 et
889 2920 1022 2982 trabibus

231 3032 262 3082 et
286 3006 390 3082 tabulis
408 3020 544 3083 Castrum
567 3039 657 3082 unum
679 3024 803 3085 eminens
824 3041 892 3084 eum
914 3022 1022 3097 Turri,

231 3124 280 3183 cui
300 3140 404 3183 nomeu
426 3122 567 3184 dederunt
590 3122 753 3196 Grunoto,
771 3134 799 3184 ct
818 3142 834 3182 a
856 3132 937 3184 reiro
958 3133 1022 3202 post

909 3282 1020 3292 ...ι-..-

234 3371 322 3421 crucis
335 3372 461 3421 vexilium
473 3372 652 3435 praelerebat,
665 3374 785 3423 altiorem
797 3373 867 3422 arcis
878 3373 1020 3422 alambrae

233 3456 334 3501 turrem
361 3452 530 3509 conscendit,
552 3456 578 3501 ei
600 3455 713 3502 erectam
738 3464 844 3501 crucem
866 3452 1022 3513 reliquaque

233 3533 331 3581 vexitia
347 3533 449 3581 cunctis
466 3530 594 3592 ostendit,
611 3543 689 3593 quam
706 3543 765 3581 cum
782 3530 907 3580 Catholici
923 3530 1021 3580 Princi-

234 3623 304 3673 pes,
319 3613 442 3674 regiaque
466 3613 574 3674 proles,
590 3616 618 3663 et
634 3612 772 3677 universus
788 3612 923 3661 exercitus
945 3609 1021 3660 llexis

230 3690 340 3753 genibus
365 3690 419 3741 Deo
445 3691 544 3753 gratias
567 3695 676 3754 agentes
703 3691 876 3750 adorassent,
898 3695 926 3741 ei
951 3691 1021 3739 arcis

227 3770 372 3819 Atarnhraa
388 3773 535 3821 custodiam
552 3773 637 3835 iguico
653 3772 789 3823 ileudozio
804 3771 959 3822 Teudiliaao
974 3784 1021 3821 co·

234 3852 290 3900 miti
311 3853 525 3911 commisissent,
545 3853 578 3901 ad
602 3852 696 3902 urbem
715 3865 810 3903 novam
836 3853 972 3901 redieruut
994 3854 1020 3900 in

233 3934 338 3988 cestra,
354 3942 498 3991 secumque
517 3929 676 3980 Boabdeiem
700 3930 876 3980 adduxeruut.
892 3928 939 3978 tibi
956 3940 1022 3989 per·

235 4021 343 4058 manere
376 4013 541 4068 statuerunt,
567 4013 739 4072 quoadusque
764 4009 872 4061 traditis
901 4009 981 4059 armis
1006 4020 1021 4056 a

234 4090 353 4147 Hauris,
369 4092 396 4136 et
413 4090 495 4136 auctis
511 4088 718 4138 Christianorum
736 4091 849 4139 miiitum
865 4085 1022 4148 praesidiis,

237 4169 264 4216 iu
281 4166 375 4214 urbem
392 4166 621 4227 populosissimam
640 4170 720 4219 tutior
736 4174 809 4219 esset
824 4164 1022 4230 ingressusflic

234 4244 329 4294 diebus
346 4246 436 4306 paucis
453 4247 615 4304 commorati,
626 4248 783 4311 quibusdem
799 4249 925 4299 conlectis
941 4258 1022 4308 nego·

236 4327 298 4382 tiis,
315 4330 342 4375 et
359 4325 440 4375 rebus
456 4324 490 4375 ad
506 4325 580 4376 urhis
596 4329 741 4391 ingressum
763 4329 922 4379 necessariis
948 4341 1022 4378 com·

235 4407 354 4469 paratis,
380 4416 441 4455 cum
469 4407 556 4456 multis
583 4411 690 4459 armatis
716 4409 867 4472 equitibus,
894 4420 960 4472 quos
987 4420 1021 4458 ex

233 4487 322 4535 multis
344 4486 464 4548 partibus
489 4487 661 4547 acciverant,
683 4495 710 4539 et
735 4504 826 4553 magno
853 4491 1020 4541 sacerdotum

233 4581 362 4636 numero,
385 4568 416 4619 Ta
437 4569 518 4619 Deum
536 4568 671 4618 badoniae
686 4569 862 4628 decantante,
880 4566 1019 4620 Cranatam

230 4649 324 4698 urbem
342 4648 395 4698 Deo
413 4648 512 4711 optimo
529 4651 659 4708 maximo,
675 4650 751 4710 cuius
768 4650 865 4700 auxilio
886 4649 948 4698 belli
971 4662 1021 4710 pe·

228 4733 363 4791 raptatum
380 4727 457 4778 licem
474 4730 667 4791 gloriosamque
683 4730 818 4778 victoriam
836 4729 940 4779 lucrant
956 4728 1021 4778 ade·

228 4809 284 4869 pii,
301 4809 399 4870 gratias
416 4812 525 4871 agentes
542 4810 662 4871 ingressi,
673 4809 804 4872 valdeque
816 4809 945 4859 laetantes
957 4813 1019 4858 sota

229 4900 299 4951 quae
316 4888 438 4950 religiose
450 4892 634 4950 promiserant,
646 4891 844 4951 persolvernate
855 4888 951 4938 deinde
963 4900 1020 4938 oer-

230 4973 270 5018 tos
287 4970 393 5018 nuntios
416 4980 475 5018 cum
500 4970 584 5020 literis
605 4969 638 5020 de
663 4971 790 5029 victoria,
806 4982 883 5031 quam
900 4968 954 5019 Deo
977 4969 1020 5026 iu·

228 5051 308 5097 vante
329 5046 362 5097 de
379 5047 476 5098 ilauris
492 5048 656 5100 Christianae
673 5050 808 5113 religionis
829 5048 951 5100 hostibus
973 5049 1020 5099 ha·

229 5126 371 5187 hoisssot,
388 5126 422 5177 ad
438 5126 616 5179 innocentium
642 5142 773 5180 summum
790 5129 958 5189 Pontificem,
985 5130 1018 5180 ad

225 5202 399 5265 Cardiuaies,
415 5205 448 5254 ad
465 5205 628 5257 Christianos
644 5210 795 5270 principes,
812 5207 844 5257 ad
867 5220 959 5257 omnes
977 5209 1019 5257 iii·

227 5283 338 5345 spauiae
365 5284 519 5347 Siciiiaeque
552 5286 672 5337 civitates
699 5286 864 5338 destinarunt
894 5308 919 5331 ι.
947 5285 1018 5337 Haec

227 5364 331 5410 baccus
348 5365 529 5421 marinaeus,
545 5364 669 5414 callebas
691 5364 760 5427 iiisp.
788 5365 828 5415 iih-
853 5366 892 5415 20.
910 5363 1017 5415 videndi

229 5438 569 5490 cummanentibus.
594 5453 615 5488 c·
643 5443 677 5491 th
708 5441 779 5493 sarit
803 5442 849 5493 ab.
871 5443 910 5493 2⁰.
932 5453 954 5490 c.
978 5443 1017 5493 92

226 5520 366 5568 Termera.
378 5519 404 5567 ia
417 5519 510 5570 Circo.
520 5518 597 5580 spos.
607 5523 691 5569 ntra.
702 5524 858 5573 vatican.
876 5519 1016 5584 Ccoqropi.

227 5596 268 5647 tib.
284 5601 307 5647 2.
324 5596 375 5647 ool.
391 5601 414 5648 ².
430 5611 485 5660 cera
499 5600 537 5649 ab.
551 5598 723 5649 sibendun.
740 5603 777 5652 rb.
795 5600 812 5651 t.
823 5602 846 5652 8.
863 5604 1016 5661 harusam,

228 5676 319 5727 Annei
337 5676 398 5727 acci.
415 5679 448 5729 od
463 5691 525 5728 aaa.
550 5679 617 5728 alba
643 5678 810 5731 Honumeuia
830 5681 953 5732 nonnulla
975 5682 1017 5730 iu·

228 5759 320 5808 venies
335 5758 444 5822 insuper
461 5760 486 5809 iu
503 5756 642 5821 appendic.

704 673 989 741 subsistentis
1008 674 1235 741 inuocabant
1256 674 1409 739 beravi.

1819 673 1883 735 tait

1092 814 1244 876 ecclesiam
1264 812 1420 892 Hospitalis
1441 819 1589 891 praeterea
1610 810 1695 872 ailam
1718 809 1825 871 turrim
1839 810 1881 871 si·

1093 914 1200 976 militer
1221 933 1255 974 es
1274 912 1390 985 tabulis,
1414 922 1627 991 repraesentare
1647 910 1772 972 volentes
1792 929 1885 990 expu-

1092 1013 1255 1094 gnationem
1266 1023 1295 1074 et
1310 1012 1461 1073 victoriam
1474 1009 1738 1072 coniraGranatam
1747 1010 1885 1084 habitam3

1092 1127 1122 1176 et
1134 1115 1234 1195 primis
1246 1112 1403 1174 Granatam
1427 1110 1599 1172 iuuantibus
1614 1121 1692 1172 certa
1709 1110 1781 1171 dona
1796 1129 1886 1190 para·

1092 1224 1185 1288 runt3
1208 1214 1257 1291 qui
1277 1211 1391 1291 quidem
1409 1210 1496 1288 jocus
1515 1211 1663 1274 Dominica
1674 1227 1730 1272 xvi.
1747 1211 1880 1272 similiter

1091 1312 1156 1374 fieri
1184 1311 1321 1385 debebat,
1342 1311 1389 1373 sed
1412 1320 1530 1391 propter
1556 1309 1684 1389 pluviam
1706 1309 1764 1369 luit
1783 1329 1815 1370 ea
1837 1301 1883 1374 die

1092 1412 1319 1492 praetermissus.
1341 1411 1429 1473 Facta
1452 1412 1546 1491 igitur
1566 1412 1660 1473 omnia
1683 1412 1710 1470 in
1735 1410 1883 1473 Dominlca

1091 1512 1202 1575 decima
1221 1530 1296 1573 nona
1314 1508 1444 1588 ejusdem
1464 1513 1577 1572 mensis.
1600 1511 1633 1571 iu
1650 1528 1734 1571 mane
1752 1507 1883 1586 ejusdem

1090 1613 1146 1673 diei
1175 1630 1247 1675 xix.
1277 1614 1440 1691 praedictus
1464 1613 1615 1693 episcopus
1642 1611 1773 1673 Pacensis
1803 1611 1883 1673 eele-

1090 1711 1190 1773 bravii
1221 1713 1336 1774 Missam
1358 1713 1504 1792 publicum
1525 1713 1691 1774 solemniter
1725 1712 1753 1772 in
1780 1710 1881 1774 eadem

1089 1813 1222 1885 ecclesia,
1239 1823 1270 1874 et
1290 1812 1391 1875 deinde
1412 1812 1486 1874 lecta
1507 1823 1550 1875 est
1572 1832 1624 1893 per
1644 1812 1881 1874 nationemeam-

1090 1909 1155 1973 dem
1177 1912 1308 1972 solemnis
1330 1913 1496 1992 processi03
1519 1912 1617 1976 deinde
1638 1926 1704 1995 post
1724 1912 1879 1994 prandium

1092 2012 1178 2071 ludus
1196 2012 1400 2090 supradictus,
1421 2023 1451 2074 et
1476 2012 1580 2076 ibidem
1605 2016 1684 2075 etin
1704 2015 1803 2094 sigone
1821 2058 1831 2087 ,
1852 2025 1883 2076 ei

1090 2114 1167 2173 tauri
1199 2115 1380 2185 mactati,a
1411 2113 1540 2190 quihus,
1571 2132 1631 2175 uno
1651 2095 1728 2192 equo
1749 2113 1876 2194 dempto,

1089 2231 1174 2275 nemo
1193 2215 1285 2275 laesus
1306 2212 1371 2273 tuit.
1393 2212 1497 2274 Plures
1517 2213 1602 2275 etiam
1631 2216 1752 2294 praelati
1772 2215 1880 2293 Hispa·

1090 2331 1144 2376 nae
1155 2314 1277 2375 nationis
1288 2313 1389 2375 diebus
1400 2313 1521 2375 dirersis
1535 2317 1697 2377 successiva
1713 2326 1810 2376 tauros
1825 2315 1881 2376 do·

1090 2425 1198 2476 narum
1212 2414 1326 2493 publice
1343 2413 1511 2475 occidendos
1519 2437 1529 2489 3
1544 2426 1573 2477 et
1591 2415 1707 2494 quidam
1720 2435 1755 2476 ex
1765 2417 1804 2478 cis
1819 2426 1880 2478 tota

1090 2514 1136 2578 die
1156 2533 1214 2575 una
1232 2532 1334 2594 panem
1356 2526 1384 2575 et
1400 2517 1497 2574 vinum
1515 2516 1544 2575 ln
1559 2518 1652 2596 platea
1669 2517 1803 2577 omnibus
1825 2536 1879 2579 vo-

1091 2615 1214 2677 lentibus
1232 2614 1301 2685 iecit
1321 2615 1488 2675 minisuari.
1510 2614 1547 2676 ii.
1562 2616 1700 2677 Dominus
1719 2616 1879 2678 cardinalis

1090 2717 1190 2779 Sancti
1211 2715 1331 2794 Georgii
1354 2714 1429 2776 dedit
1462 2717 1611 2794 quoddam
1644 2717 1790 2798 pallium,
1820 2719 1880 2780 sive
1950 2713 1955 2722 ’

1090 2817 1248 2890 bravium,
1270 2829 1299 2877 et
1319 2818 1431 2896 galeam
1452 2828 1618 2896 argenteam
1636 2836 1690 2898 pro
1717 2818 1797 2879 hasta
1828 2819 1877 2879 iu·

1090 2918 1224 2979 dentibus
1245 2920 1274 2978 in
1293 2936 1398 2996 agone,
1409 2918 1526 2979 circiter
1543 2919 1599 2982 vai.
1615 2919 1795 2981 Ducaiorum
1817 2919 1877 2979 du-

1091 3028 1210 3079 centum
1224 3061 1233 3090 ,
1247 3036 1302 3096 pro
1313 3016 1418 3094 quibus
1438 3018 1540 3078 multia
1558 3018 1657 3081 diebus
1676 3018 1733 3079 luit
1745 3019 1774 3078 ln
1789 3036 1883 3099 agone

1094 3118 1178 3178 hasta
1197 3118 1307 3189 lusum,
1328 3128 1358 3185 et
1377 3118 1489 3179 taudem
1511 3118 1630 3206 Veneris
1646 3116 1770 3181 mcunda
1786 3120 1882 3198 martii

1089 3219 1204 3280 cuidam
1215 3218 1382 3282 ldascoletto
1395 3217 1604 3282 Gubernatoris
1616 3220 1704 3283 Urbis
1725 3218 1878 3297 adiudica-

1090 3331 1164 3393 tum,
1179 3319 1414 3381 Coiumuensibus
1431 3332 1583 3406 propterea
1604 3322 1728 3382 multum
1747 3339 1879 3399 conque·

1090 3420 1228 3484 rentibus.
1238 3420 1358 3482 Festum
1380 3420 1409 3481 in
1425 3440 1520 3501 agone
1540 3432 1568 3483 ct
1588 3422 1644 3482 alia
1666 3431 1799 3483 consueta
1817 3419 1881 3482 iio·

1090 3539 1174 3582 manu
1206 3520 1326 3583 luerunt
1358 3520 1509 3601 magnifice
1534 3532 1673 3602 peracta,
1703 3539 1738 3582 ac
1769 3519 1881 3582 diversa

1089 3621 1191 3690 brevia
1223 3640 1279 3701 pro
1311 3623 1424 3684 senibus
1440 3668 1449 3698 ,
1467 3620 1624 3700 juvenibus
1638 3667 1648 3699 ,
1669 3623 1766 3703 pneris
1780 3666 1790 3696 ,
1821 3621 1879 3682 Ju-

1090 3722 1180 3797 daeis,
1199 3734 1228 3785 et
1249 3723 1347 3797 asinis,
1366 3742 1401 3784 ac
1423 3723 1549 3798 bullatis,
1566 3736 1664 3805 utpote
1685 3722 1881 3805 superioribus

1090 3823 1200 3896 diebus,
1221 3822 1333 3884 donata.

1131 3920 1215 3980 Feria
1232 3930 1349 3998 quarta,
1369 3918 1506 3980 ctmrum
1526 3931 1580 3981 etc.
1601 3931 1754 3997 antequam
1772 3919 1876 3980 Domi·

1090 4038 1146 4082 uus
1160 4018 1263 4080 Hostes·
1278 4021 1369 4081 exiret
1384 4038 1529 4080 cameram
1550 4021 1700 4101 Pepagalli
1718 4022 1880 4101 supplicavi

1091 4120 1240 4181 Sanctitati
1262 4119 1339 4182 Suae
1360 4139 1414 4200 pro
1436 4120 1515 4182 nobis
1543 4121 1654 4183 clericis
1684 4122 1877 4182 caerimonia-

1090 4240 1175 4293 rum,
1196 4220 1383 4296 cantoribus,
1404 4240 1439 4284 ac
1461 4221 1591 4283 oanuibus
1610 4222 1775 4284 oiiitialibus
1805 4240 1878 4303 cap·

1090 4322 1181 4400 pellae
1208 4319 1375 4384 Sanctitatis
1405 4322 1483 4384 Suae
1512 4343 1567 4404 pro
1596 4324 1734 4385 facultate
1755 4323 1878 4404 eligendi

1090 4422 1171 4483 nobis
1193 4425 1371 4487 consessores
1383 4469 1395 4499 ,
1416 4427 1466 4505 qui
1487 4443 1538 4487 nos
1557 4425 1684 4507 plenarie
1708 4425 1877 4498 absolvant,

1089 4535 1118 4588 et
1140 4527 1299 4605 plenariam
1321 4526 1520 4589 remissionem
1539 4528 1669 4588 omnium
1691 4538 1876 4607 peccatorum

1089 4638 1261 4687 nosuorum
1284 4627 1363 4687 nobis
1385 4628 1570 4708 impendant,
1591 4641 1620 4691 et
1642 4627 1720 4706 quod
1737 4625 1878 4689 visitando

1088 4729 1210 4809 singuiis
1230 4727 1328 4791 diebus
1350 4730 1442 4792 altare
1463 4749 1603 4810 magnum
1620 4731 1760 4791 basilicae
1775 4728 1875 4790 Sancti

1089 4829 1181 4903 Petri,
1189 4848 1402 4908 consequamur
1416 4831 1618 4910 indulgentias,
1635 4849 1706 4910 quas
1721 4847 1879 4907 conseque·

1088 4950 1189 4992 remur
1219 4932 1243 4991 si
1272 4930 1392 5010 singuiis
1426 4930 1524 4992 diebus
1560 4932 1693 4992 eeclesias
1721 4929 1877 4990 stationum

1089 5032 1271 5093 visitaremus
1278 5052 1287 5104 3
1306 5049 1380 5110 quae
1400 5031 1496 5092 omnia
1516 5032 1658 5093 Sanctitas
1677 5031 1739 5092 Sus
1757 5029 1877 5109 benigne

1088 5134 1168 5195 nobis
1187 5133 1341 5224 concessit:
1361 5151 1523 5194 sermonem
1534 5132 1603 5194 lecit
1621 5120 1739 5211 quidam
1754 5130 1877 5191 Franci·

1087 5253 1170 5314 gena.

1129 5334 1215 5397 Faria
1237 5334 1372 5408 secunda,
1394 5332 1564 5395 duodecima
1583 5332 1686 5395 mensis
1707 5332 1805 5394 martii
1819 5342 1876 5392 etc.

1087 5456 1138 5516 per
1160 5436 1309 5499 ecclesium
1331 5435 1507 5496 Sanctorum
1534 5434 1654 5497 ioannis
1674 5446 1704 5497 et
1731 5435 1815 5494 Pauli
1848 5443 1878 5494 et

1086 5537 1239 5598 basilicam
1265 5534 1485 5597 Lateranensem
1508 5536 1587 5597 veuit
1608 5536 1737 5598 Pontifex
1762 5533 1798 5594 ad
1826 5550 1878 5594 ec-

1087 5639 1202 5701 clesiam
1221 5636 1343 5699 Sanctae
1361 5635 1466 5700 Crucis
1488 5636 1515 5699 in
1536 5636 1747 5712 Hierusalem,
1769 5638 1797 5697 in
1819 5650 1876 5714 qua

1086 5738 1285 5821 superioribus
1297 5737 1408 5814 diebus,
1420 5756 1488 5801 cum
1507 5738 1627 5803 ecclesia
1647 5738 1709 5818 ipsa
1724 5746 1875 5801 restaura·
