4492 6859
230 627 343 722 (tana)

273 781 382 845 lleinde
405 781 482 845 venit
500 782 629 845 Pontifex
662 801 714 864 per
735 802 839 846 navem
861 784 1026 846 Salvatorls

235 883 286 943 ubi
304 902 338 944 ex
355 879 420 958 ejus
433 883 634 944 commissione
645 883 759 945 ferrum
782 886 899 947 lanceae
913 884 1025 945 duobus

235 984 349 1044 vicibus
369 992 399 1044 et
420 994 486 1062 post
512 984 611 1044 cultus
644 984 761 1046 llomini
782 986 843 1045 aive
864 984 1024 1046 Sudarinm

232 1084 328 1146 tribus
351 1082 484 1157 vicibus,
506 1085 546 1144 ita
567 1094 664 1147 tamen
683 1085 761 1164 quod
785 1104 854 1147 cum
876 1104 911 1147 eo
942 1086 1025 1146 tertia

237 1185 300 1244 vica
320 1181 513 1256 benediceret,
531 1202 582 1264 per
604 1183 641 1243 li.
668 1182 845 1265 Episcopum
866 1185 1026 1245 Balateore·

230 1284 358 1364 giensem
379 1282 474 1345 dictae
495 1283 638 1345 basilicae
659 1285 808 1347 vicarium
826 1285 943 1365 publice
959 1293 1027 1345 sum

230 1396 354 1448 ostensa.
375 1385 575 1447 iuterfuerunt
597 1387 699 1447 llissae
720 1398 750 1448 et
770 1388 875 1448 ceteris
906 1385 1027 1466 praedi-

233 1486 289 1549 ctis
318 1502 393 1548 xvtr.
423 1484 610 1558 Cardinalea,
634 1487 777 1560 videlicet,
798 1486 1027 1567 Neapolitanus,

232 1588 335 1650 Sancti
355 1586 436 1648 Petri
459 1586 496 1645 ad
517 1586 653 1659 Vincula,
674 1587 775 1648 Saucd
795 1588 909 1668 Angeli,
929 1587 1027 1648 liacu-

232 1688 358 1750 natenais
377 1687 527 1768 episcopi3
547 1687 648 1748 Sancti
669 1687 836 1761 Clementis,
857 1688 1026 1761 lanucnais,

233 1789 423 1863 Parmensis,
444 1788 678 1863 Beneventanus,
700 1789 825 1850 &notae
843 1788 1028 1862 Anastasiou,

234 1892 340 1954 ldorrtis
352 1890 469 1971 llegalis
480 1890 660 1970 Presbyteri3
673 1889 816 1962 Senensis,
829 1888 1027 1958 Camerarius,

235 1992 381 2064 Sabellus,
395 1990 549 2063 Columna,
564 1990 703 2059 Ursinus,
717 1990 868 2065 Ascanius,
880 2000 909 2051 et
925 1989 1026 2051 Sancti

236 2093 368 2154 Severini
387 2092 521 2163 Diaconi,
531 2103 561 2152 et
574 2092 638 2152 Don
649 2092 818 2152 Fridericua
829 2090 864 2155 de
876 2092 1027 2170 dragous,

235 2194 321 2274 cujus
334 2192 419 2254 etiam
434 2194 541 2253 intuitu
561 2194 702 2273 reliquiae
716 2193 880 2274 praedictae
895 2202 1027 2254 ostensae

235 2294 341 2366 fuere,
362 2294 413 2371 ptri
435 2295 533 2354 locum
550 2312 636 2353 suum
657 2295 812 2375 pristinum
834 2294 956 2367 babuit,
981 2293 1027 2352 vi-

236 2394 341 2457 delicet
360 2395 434 2454 inter
452 2395 608 2454 Ascanium
627 2404 656 2454 et
678 2394 778 2456 Sancti
799 2396 932 2456 Severini
954 2396 1027 2455 Dia·

239 2511 328 2556 tronus
354 2493 534 2556 caratnates.
564 2490 693 2555 Ostensis
718 2496 847 2573 reliquiis
875 2494 1027 2575 praedictis

238 2596 295 2656 SS.
313 2595 348 2653 Ι).
371 2592 406 2654 ll.
426 2594 587 2655 associatus
607 2594 644 2653 ab
665 2594 799 2656 omnibus
825 2594 1027 2657 cardinalibus

237 2692 416 2773 praedictis,
437 2703 467 2753 at
487 2691 551 2752 Don
572 2692 734 2763 actaea-ao,
755 2692 791 2753 ad
812 2692 958 2754 Palatlum
978 2712 1029 2755 re·

239 2812 342 2857 versus
351 2802 395 2854 est
406 2794 460 2871 pel·
471 2810 561 2852 noras
572 2811 713 2869 cameras,
725 2796 754 2854 ln
769 2813 896 2873 quarum
910 2805 1027 2872 quarta,

238 2905 342 2965 vestes,
360 2893 422 2954 sive
442 2900 612 2954 ornamenta
630 2912 714 2955 sacra
736 2895 853 2956 dimisit.
870 2894 975 2956 Oratio
992 2895 1028 2955 ad

237 3003 371 3065 secreta,
393 3003 423 3055 et
447 2995 765 3073 postcommunionem
789 3016 844 3076 pro
864 2995 944 3075 Rege
974 2996 1029 3057 Hi·

238 3095 406 3175 spaniarum
426 3095 454 3154 in
477 3094 562 3154 tttsaa
583 3095 752 3175 supradicta
772 3099 845 3159 lecta
867 3109 934 3158 suut
951 3108 1006 3159 etc.

283 3196 392 3257 Eadem
415 3194 461 3255 die
483 3194 539 3254 SS.
567 3196 603 3256 Ι).
637 3194 671 3255 Ν.
703 3215 850 3258 canreram
881 3197 1030 3277 Papagalli

239 3299 335 3359 exieus
352 3298 495 3358 commisit
514 3296 596 3368 mibi,
612 3308 646 3358 ut
664 3297 819 3378 lllngnibco
830 3299 894 3359 Don
912 3299 1030 3363 infredo

239 3398 360 3478 Bnrgia,
382 3396 548 3458 Satnctitatis
563 3396 640 3459 Suae
655 3399 815 3460 secundnm
838 3419 956 3464 curnem
978 3420 1031 3463 ue·

242 3498 301 3576 poti
321 3517 356 3560 ex
377 3516 479 3559 sorore
500 3516 553 3558 sua
575 3499 683 3560 carnali
705 3512 793 3571 nato,
816 3503 911 3562 locutu
931 3502 1030 3563 darem

242 3598 271 3659 in
291 3598 365 3659 solio
384 3616 439 3659 suo
459 3608 525 3678 post
555 3600 651 3678 llius„
670 3600 706 3661 D.
734 3600 875 3661 Comitem
904 3602 1030 3664 Pitiliuni

240 3694 387 3759 Ecclesiae
407 3697 597 3778 capitaneum
614 3702 777 3779 generalem
797 3714 825 3764 et
844 3703 954 3764 Dircam
974 3702 1031 3781 So-

242 3817 292 3861 rae
304 3843 313 3873 ‚
337 3799 495 3872 similiter,
516 3810 545 3861 et
570 3801 598 3860 in
621 3800 716 3862 eundo
739 3801 777 3861 ad
797 3803 969 3874 ecclesiam,
997 3822 1031 3865 ac

242 3900 321 3961 illinc
353 3899 523 3971 redeundo,
545 3913 575 3962 et
596 3902 659 3963 aliia
679 3903 803 3981 publicis
822 3905 1010 3963 conventibus
1020 3925 1031 3976 ς

242 4001 320 4078 quod
338 4010 368 4061 et
386 4000 451 4060 feci.
465 4001 562 4060 Finita
582 4001 678 4072 llissa,
697 4001 752 4063 88.
769 4004 803 4062 l).
821 4002 854 4062 tt.
872 4006 900 4062 in
917 4022 1031 4063 camera

242 4120 294 4161 sua
315 4110 426 4161 secreta
448 4099 483 4161 de
504 4099 700 4163 cardinalium
724 4103 865 4175 oonsilio,
889 4115 921 4164 ut
944 4104 1032 4165 moris

243 4209 299 4271 est,
315 4198 453 4278 praefecit
472 4198 509 4260 ll.
532 4200 566 4261 P.
586 4202 623 4262 l).
642 4201 803 4265 lobannem
822 4189 920 4283 Luper
940 4203 1033 4264 Data·

246 4300 324 4360 rium
354 4316 441 4360 auum
473 4299 619 4362 Ecclesiae
639 4302 796 4365 Perusinae
817 4301 829 4385 (
841 4322 892 4384 per
921 4305 1031 4365 obitum

245 4401 337 4463 bonae
369 4402 527 4463 memoriae
559 4403 728 4485 Hieronymi
758 4406 877 4467 Balbani
907 4408 1032 4489 episcopi

243 4500 388 4576 Perusini,
409 4502 500 4563 felicis
533 4504 762 4569 reminiscentiae
793 4508 941 4569 lnnocenti
973 4507 1034 4568 Pa-

244 4622 300 4684 pcc
319 4604 387 4665 vlu
413 4604 500 4684 primi
527 4603 708 4680 secretarii,
727 4608 777 4685 qui
799 4608 853 4669 bac
880 4609 908 4667 in
930 4608 1033 4681 Urba,

243 4703 299 4765 hac
318 4706 376 4765 vita
394 4703 511 4765 functus
531 4704 588 4787 est)
600 4705 728 4767 Pastoris
746 4709 851 4769 solatio
872 4708 1032 4770 destitutae.

287 4804 395 4866 Eadem
436 4805 481 4867 die
512 4803 653 4887 (sabbato
695 4807 725 4869 b.
763 4805 923 4889 januarii)
958 4810 1034 4871 infra

243 4906 399 4987 prandium
414 4907 576 4969 intimatum
592 4907 648 4968 fuit
663 4908 797 4969 omnibus
816 4909 889 4971 Rev.
906 4910 1035 4971 Dominis

243 5008 448 5069 Cardinalibus
469 5028 521 5088 per
542 5007 687 5072 Crrrsores
708 5011 744 5070 ad
771 5010 936 5071 irrstantiam
954 5011 1035 5072 lllus.

245 5107 360 5169 Domini
381 5109 525 5171 Friderici
545 5110 579 5170 de
594 5110 727 5191 drogone
743 5112 832 5172 Ducis
850 5112 1035 5183 Andr-lensia,

244 5211 387 5291 Principis
417 5211 588 5272 Altamurae
609 5223 636 5274 et
659 5212 754 5293 Regni
776 5212 956 5284 Admirandi,
978 5212 1035 5275 Se·

244 5312 389 5373 reniasimi
406 5310 580 5373 Perdinandi
603 5311 719 5375 Siciliae
739 5324 796 5375 etc.
818 5313 908 5393 Regis
928 5332 1036 5375 secun·

245 5412 383 5491 dogeniti,
405 5410 483 5490 quod
513 5410 596 5471 bodie
614 5410 686 5472 bora
708 5430 788 5474 xxti.
811 5414 977 5493 portabitur
998 5415 1035 5474 ad

244 5513 395 5575 ecclesiam
426 5512 530 5574 Bratae
551 5509 659 5573 llariae
689 5532 777 5594 supra
798 5513 959 5576 blinerranr
987 5535 1035 5576 se-

246 5614 381 5694 pulturae
401 5610 662 5676 commendandum
682 5613 770 5675 furnus
789 5616 824 5676 R.
848 5616 881 5675 P.
904 5615 939 5677 [l.
963 5616 1036 5677 llie·

247 5717 364 5796 ronyrui
401 5716 525 5796 episcopi
566 5715 807 5788 Policastrensis,
845 5718 933 5799 ipsius
951 5794 955 5805 Ι
971 5720 1035 5782 lion

712 641 998 710 tourtrtct‘tus
1021 639 1246 703 auaxsttuut
1266 633 1396 700 saxtt.
1823 630 1883 691 att

1092 781 1235 845 Friderici
1264 776 1451 843 Conoratoris
1463 820 1472 853 ,
1494 778 1545 857 qui
1566 778 1636 840 obiit
1669 778 1748 840 circa
1779 778 1882 840 boram

1093 884 1226 961 quintam
1256 882 1349 943 noctis
1376 879 1554 960 praeteritae.
1582 879 1695 962 llogarl
1729 894 1883 963 propterea

1093 982 1166 1044 lter.
1189 982 1405 1043 nominationes
1430 997 1535 1042 eorum
1557 980 1748 1059 dignarentur
1777 1000 1882 1045 eorum

1093 1086 1238 1164 praelatos
1263 1083 1433 1143 domesticos
1450 1124 1458 1153 ,
1478 1090 1507 1142 et
1526 1081 1650 1142 familias
1674 1079 1711 1141 ad
1734 1081 1884 1145 bonoran·

1094 1184 1165 1244 dum
1182 1184 1270 1246 funus
1292 1180 1462 1260 hujus-odi
1480 1182 1605 1243 mittere.
1627 1181 1705 1244 ldern
1726 1184 1815 1246 etiam
1838 1184 1885 1244 la·
1947 1237 1956 1254 ,

1094 1287 1231 1347 timatum
1250 1281 1426 1346 Oratoribus
1440 1282 1609 1363 Principum
1630 1291 1660 1343 et
1679 1282 1883 1345 Potentatuum

1094 1388 1124 1446 ln
1145 1385 1226 1448 Urbe
1240 1384 1436 1457 existentibus,
1457 1382 1507 1461 qul
1527 1382 1626 1445 eadem
1644 1382 1717 1444 hora
1730 1395 1884 1456 venerunt,

1093 1498 1122 1549 et
1142 1487 1230 1547 funus
1250 1485 1433 1547 associarunt
1458 1494 1611 1562 equaeatres
1635 1496 1756 1566 propter
1788 1487 1884 1547 lutum

1095 1604 1187 1667 usque
1206 1585 1243 1645 atl
1264 1584 1372 1647 dictam
1393 1586 1571 1658 ecclesiam,
1594 1586 1643 1647 ubi
1671 1586 1884 1648 descenderunt

1093 1705 1128 1746 ex
1149 1686 1240 1765 eqnis3
1263 1695 1481 1766 praecesserunt
1504 1684 1593 1745 funus
1612 1686 1807 1766 quadraginta
1836 1687 1885 1747 in·

1093 1786 1237 1859 torticia,
1265 1795 1294 1846 et
1324 1785 1415 1847 secuti
1442 1795 1510 1845 stant
1531 1787 1625 1866 ipsum
1652 1786 1811 1848 familiares
1839 1788 1886 1848 sul

1095 1886 1270 1967 lugubribus
1293 1886 1421 1947 vestibus
1442 1884 1545 1947 induti.

1135 1990 1221 2050 Fcriu
1255 1989 1362 2059 tertia,
1384 2006 1455 2050 vrrs.
1474 1983 1617 2063 janatarii,
1636 1988 1708 2050 bora
1734 1988 1886 2068 vigesima,

1093 2087 1150 2150 fnit
1169 2088 1357 2169 coragregatto
1377 2088 1438 2149 aire
1458 2090 1630 2150 convocatio
1651 2089 1781 2150 omnium
1801 2090 1880 2152 Car·

1094 2187 1232 2249 dinalium
1248 2187 1284 2247 ub
1304 2205 1338 2248 ea
1360 2187 1504 2265 usquead
1526 2189 1641 2248 tertiam
1662 2188 1766 2250 boram
1782 2190 1886 2260 noctis,

1094 2289 1123 2351 in
1145 2303 1203 2369 qua
1224 2290 1254 2350 in
1274 2287 1424 2351 Pontificio
1445 2290 1604 2370 praesentia
1624 2289 1680 2350 luit
1695 2288 1884 2370 disceptatum

1094 2410 1182 2472 super
1203 2391 1409 2471 dispensatione
1430 2409 1520 2469 quam
1541 2390 1747 2453 Serenissimus
1769 2390 1885 2453 Wladi·

1096 2494 1175 2553 slaus
1195 2491 1344 2571 Ungariae
1364 2501 1394 2553 et
1415 2490 1568 2553 Boberuiae
1589 2490 1650 2552 Rex
1671 2489 1742 2572 (qui
1756 2493 1828 2552 alias
1849 2493 1885 2552 ad

1096 2592 1230 2672 Regnum
1252 2591 1428 2663 bohemiae,
1447 2589 1526 2669 qarod
1547 2602 1618 2652 tunc
1638 2590 1767 2653 nondum
1789 2591 1887 2654 fuerat

1096 2704 1257 2766 assecutus,
1270 2695 1411 2773 aspirans,
1432 2704 1466 2754 ut
1488 2692 1561 2753 illud
1579 2692 1694 2753 facilius
1712 2712 1885 2773 assequere·

1097 2804 1165 2868 tur,
1187 2812 1256 2854 cum
1277 2794 1357 2855 tttus.
1377 2794 1412 2855 l).
1434 2793 1564 2855 Barbara
1585 2791 1643 2854 blla
1664 2793 1809 2872 quondam
1832 2795 1886 2854 Al·

1098 2896 1172 2957 berti
1193 2894 1366 2958 biarchionis
1385 2894 1655 2974 Brundeburgensis
1670 2893 1773 2955 relicta
1788 2911 1887 2973 quoa·

1098 2996 1164 3056 dam
1185 2995 1276 3057 Ducis
1297 2995 1459 3058 Scbclesiae
1478 2992 1547 3078 (l).
1567 3041 1574 3056 .
1594 3040 1601 3054 .
1623 3041 1630 3055 .
1650 3013 1701 3075 par
1725 2993 1885 3074 legitimum

1098 3109 1320 3177 procuratorem
1332 3098 1475 3158 contraxit
1486 3096 1718 3168 matrimonium,
1730 3115 1780 3175 per
1796 3096 1885 3157 verba

1100 3202 1226 3278 legitime
1237 3198 1272 3261 de
1288 3198 1430 3279 praesenti
1449 3199 1478 3257 iu
1494 3198 1568 3260 facie
1581 3196 1726 3259 Ecclesiae
1747 3198 1887 3261 solemni·

1100 3311 1198 3361 aatum
1229 3296 1297 3381 (Ξ),
1316 3318 1350 3360 ac
1373 3299 1473 3362 deiude
1492 3298 1569 3362 dicto
1595 3300 1699 3382 Regno
1729 3300 1883 3363 Enbemia'e

1098 3412 1252 3474 aasemto,
1274 3410 1394 3462 vacante
1413 3418 1504 3479 regno
1523 3399 1669 3481 Ungariae
1699 3422 1752 3482 per
1773 3400 1886 3463 obitum

1099 3501 1162 3582 piae
1183 3500 1338 3561 memoriae
1357 3499 1483 3562 blatbiae
1501 3499 1589 3579 Regis
1609 3501 1777 3581 ngariae,
1800 3512 1833 3561 ut
1853 3510 1884 3562 et

1099 3603 1136 3662 ad
1157 3601 1231 3663 illud
1250 3620 1302 3681 per
1321 3600 1472 3681 Principes
1490 3600 1584 3681 Regni
1605 3602 1787 3682 eligeretur,
1818 3618 1885 3664 tua·

1099 3704 1267 3764 trimonium
1283 3719 1351 3762 cum
1370 3701 1450 3764 lllus.
1467 3702 1589 3763 Domina
1611 3702 1797 3764 Serenissirni
1809 3703 1886 3763 Fer·

1099 3806 1216 3868 dinundi
1249 3807 1428 3888 Neapolitani
1461 3824 1495 3867 ao
1528 3805 1643 3867 Siciliae
1677 3805 1798 3883 llegis,
1823 3803 1883 3864 lilia

1100 3912 1202 3971 relicta
1230 3909 1299 3970 dieti
1330 3907 1457 3969 blathiae
1478 3906 1565 3985 Regia
1595 3908 1764 3985 Ungariae‚
1785 3923 1838 3984 per
1857 3925 1887 3967 se

1100 4010 1210 4090 ipsum,
1232 4027 1283 4088 per
1305 4007 1394 4069 verba
1423 4007 1457 4067 de
1483 4008 1625 4086 praesenti
1653 4006 1823 4076 contraxit,
1852 4023 1887 4066 uc

1101 4109 1176 4171 illud
1197 4108 1308 4170 carnali
1344 4109 1447 4187 copula
1479 4108 1654 4186 subsequuta
1682 4105 1890 4186 consumavit)

1100 4230 1198 4275 mum
1218 4209 1280 4271 fleri
1302 4208 1487 4289 postulabat,
1512 4219 1545 4269 ut
1570 4208 1733 4288 praemissis
1756 4224 1811 4266 nou
1833 4204 1890 4265 ob·

1100 4313 1240 4375 stantibus
1259 4329 1327 4373 cum
1345 4310 1406 4390 jam
1426 4302 1506 4371 esset
1520 4309 1736 4371 etlam-dictum
1751 4307 1886 4385 Regnum

1101 4415 1250 4494 Ungariae
1262 4410 1380 4494 pacidce
1391 4421 1549 4483 assecutus,
1566 4421 1660 4491 posset
1672 4408 1891 4477 matrimonium

1101 4534 1169 4577 cum
1174 4558 1283 4574 .....
1299 4509 1331 4592 (b
1869 4563 1873 4578 ,

1143 4615 1230 4676 Feria
1251 4510 1408 4691 quintE‚x.
1423 4587 1565 4681 ianuarii,
1579 4610 1659 4671 lllus.
1671 4611 1809 4690 Princeps
1826 4610 1888 4670 lion

1101 4715 1271 4776 Fridericus
1287 4712 1322 4773 de
1336 4716 1469 4790 aragona
1482 4709 1621 4790 Princeps
1632 4711 1813 4781 tlltamurae,
1825 4711 1891 4769 llux

1102 4814 1279 4883 dndriensis,
1297 4811 1389 4893 Regni
1401 4809 1605 4880 Admirandus,
1619 4808 1800 4872 serenissimi
1813 4810 1890 4869 Fer·

1103 4916 1219 4978 dinandi
1246 4914 1423 4995 Neapolitani
1446 4923 1474 4973 et
1496 4911 1612 4972 Siciliae
1638 4909 1725 4988 Regis
1746 4908 1889 4969 sectando·

1102 5017 1227 5095 genitus,
1251 5035 1286 5077 ex
1311 5015 1419 5094 palatio
1440 5012 1513 5073 Rev.
1541 5011 1577 5069 l).
1599 5009 1761 5071 cardinalis
1791 5008 1890 5068 Snncti

1104 5119 1183 5179 Petri
1204 5115 1241 5176 ad
1262 5115 1385 5177 Vincula
1411 5112 1489 5192 apud
1522 5110 1645 5173 Sanctus
1672 5110 1836 5189 Apostolos,
1858 5109 1886 5168 in

1103 5238 1163 5297 quo
1182 5217 1346 5296 hospitatus
1365 5214 1462 5275 fuerat
1482 5211 1613 5290 equitans
1633 5221 1700 5271 ante
1720 5208 1839 5268 domurn
1856 5207 1892 5265 tle

1146 5506 1182 5559 tt)
1198 5499 1225 5549 lu
1242 5497 1362 5558 Eccardo
1376 5495 1529 5548 subterioris.

1145 5583 1181 5642 (2)
1198 5579 1263 5630 atate
1281 5577 1307 5628 ln
1324 5574 1442 5627 Eecardo
1465 5573 1647 5626 solemnitatem
1658 5594 1667 5634 ,·
1686 5572 1788 5635 aliaque
1812 5571 1896 5623 rerba

1104 5658 1256 5721 deturpata.

1147 5742 1183 5796 ra)
1199 5736 1254 5787 vid.
1272 5747 1354 5799 capra
1370 5746 1429 5797 pag.
1447 5734 1503 5817 ²!⁶·
