4492 6859
330 631 371 691 98
802 625 1088 693 PONTlFlchUS
1109 625 1330 691 lll'NOcllll'Pll
1352 626 1503 691 OCTdVl.

329 766 414 825 siensi
434 765 542 839 babitu,
564 784 621 844 qua
644 764 742 838 linita,
763 766 798 825 D.
831 765 1009 843 lastinianus
1030 765 1121 827 adom

334 877 415 925 cattis
433 866 510 926 Fisci
527 868 676 945 proposuit
692 867 782 925 alium
801 865 923 926 similem
943 883 1121 945 processum,

334 967 363 1024 in
384 962 471 1041 cujus
503 966 704 1045 propositionis
739 968 880 1045 principia
911 967 1064 1027 exiverunt
1086 967 1121 1026 de

330 1066 499 1125 consistorio
524 1063 588 1124 ult.
613 1064 648 1123 O.
680 1065 837 1137 Senensis,
859 1075 888 1125 et
913 1064 1120 1137 Camerarius,

326 1162 415 1243 primi
435 1163 554 1224 Diaconi
583 1163 761 1236 cardinales,
779 1165 916 1225 coniectis
941 1165 1120 1237 reverentiis,

327 1265 449 1323 caudam
472 1283 630 1344 capparum
652 1284 772 1325 suarum
802 1279 865 1344 post
894 1266 1120 1338 secernentes,

327 1373 508 1439 usqneextra
520 1363 638 1423 Portam
650 1364 860 1426 consistorialis
880 1366 964 1426 aulae
979 1376 1007 1425 et
1025 1365 1120 1424 intra-

327 1471 397 1521 runt
420 1480 540 1539 parvam
563 1463 722 1541 cappellam
745 1464 780 1523 ad
803 1466 867 1524 illos
890 1475 949 1525 tres
975 1465 1119 1525 Caudina·

327 1562 378 1632 les,
398 1559 447 1621 ubi
463 1578 530 1620 cum
549 1573 663 1633 essent,
684 1562 844 1623 cardinalis
865 1564 899 1624 de
918 1563 1062 1624 Columna
1091 1576 1120 1624 et

326 1661 361 1722 de
381 1662 495 1723 Ursinis
524 1662 640 1721 irerunt
667 1661 704 1720 ad
730 1664 954 1735 consistorium,
986 1665 1119 1723 lecerunt

326 1763 519 1821 reverentiam
544 1761 661 1840 Papae,
683 1772 711 1821 et
738 1762 875 1823 sederunt
893 1763 928 1822 ad
951 1765 1013 1824 loca
1044 1782 1118 1837 sua3

327 1860 433 1937 quibus
454 1865 483 1920 in
503 1862 572 1921 loeis
593 1860 652 1919 suis
672 1860 856 1935 sedentibus,
879 1863 938 1924 sine
960 1882 1043 1924 mara
1072 1864 1119 1922 in·

328 1969 446 2020 trarunt
468 1959 600 2021 Senensis
617 1971 645 2019 et
666 1960 853 2023 camerarius
882 1983 950 2024 curn
974 1965 1118 2026 cardinali

326 2076 425 2132 nar03
447 2072 475 2120 et
495 2062 614 2121 introitu
637 2061 795 2121 consistorii
819 2063 951 2123 lecerunt
976 2081 1118 2123 reveren·

327 2160 407 2232 tiam,
430 2179 496 2221 cunr
519 2160 611 2239 capite
632 2178 729 2220 amnes
760 2159 902 2239 profunde
923 2180 952 2221 se
975 2162 1117 2221 inclinan-

327 2270 383 2329 tes,
406 2259 480 2320 idem
503 2260 634 2321 iecerunt
655 2269 722 2320 ante
745 2259 877 2320 intimum
898 2261 1103 2339 gradumsolii3

330 2359 465 2419 Senensis
481 2360 648 2438 praecessit,
666 2369 784 2420 secutus
802 2370 846 2419 est
866 2378 933 2419 eum
952 2359 1118 2421 cardinalis

326 2475 430 2529 noras,
452 2457 639 2518 camerarius
661 2478 731 2518 rero
752 2460 856 2519 mansit
882 2459 957 2518 inira
984 2458 1116 2520 infimum

325 2555 450 2633 gradum
484 2557 560 2615 solii.
580 2556 743 2616 cardinalis
763 2577 856 2618 noras
883 2576 952 2618 cum
982 2570 1056 2619 esset
1086 2560 1115 2619 in

326 2656 411 2733 plano
429 2656 495 2714 salii
510 2666 576 2715 ante
587 2655 953 2736 Pontidcem,genudexus,
965 2661 1116 2720 osculatus

325 2764 369 2814 est
400 2754 510 2834 pedem,
532 2755 633 2816 deinde
665 2775 807 2828 manum,
837 2757 951 2818 tandem
983 2778 1038 2830 os,
1065 2762 1114 2820 cui

324 2853 457 2914 Pontifex
481 2856 553 2914 disis
574 2856 670 2934 ipsunt
703 2857 776 2917 bene
798 2858 935 2927 vertisse,
959 2870 988 2918 et
1013 2860 1061 2920 ille
1087 2860 1114 2919 ei

324 2954 436 3031 gratias
453 2956 529 3032 egit;
544 2956 690 3017 descendit
712 2957 813 3019 deinde
825 2959 961 3019 Senensis
977 2958 1011 3020 de
1030 2961 1114 3032 salio,

325 3062 354 3111 et
369 3071 462 3112 riorus
476 3055 569 3133 ipsum
586 3066 704 3116 secutus
724 3067 768 3117 est
786 3068 814 3117 et
836 3077 934 3118 omnes
950 3069 1010 3118 tres
1025 3060 1113 3121 simul

325 3162 359 3212 ut
380 3153 463 3231 prius
484 3154 620 3215 Pontifici
652 3158 845 3217 reverentiam
872 3159 1026 3232 lecerunt3
1055 3178 1113 3238 qua

324 3251 410 3322 laeta,
424 3253 612 3333 praecedente
631 3255 761 3328 Senensi,
779 3255 881 3316 deinde
901 3275 987 3330 noro,
1004 3269 1033 3317 et
1048 3259 1114 3318 illas

323 3351 495 3413 Camerario
523 3364 682 3430 sequente,
712 3374 806 3415 novus
837 3367 972 3434 receptus
1002 3367 1046 3418 est
1077 3359 1114 3417 ab

323 3452 458 3511 omnibus
476 3453 681 3513 cardinalibus
702 3456 731 3514 in
753 3455 825 3514 locis
840 3456 911 3526 suis,
924 3457 1113 3536 discoopertis

324 3553 469 3629 capitibus
494 3553 655 3623 stantibus,
676 3554 773 3632 primo
805 3575 822 3613 a
854 3557 966 3617 seniore
997 3558 1059 3618 sire
1096 3578 1113 3618 a

324 3650 424 3727 priore
435 3650 567 3711 videlicet
578 3652 830 3725 l'iceeancellurio‚
843 3654 943 3716 deinde
958 3675 974 3714 a
990 3657 1114 3735 singulis

324 3748 400 3808 aliis.
433 3749 591 3827 Postquam
624 3752 660 3809 ab
687 3751 839 3832 Episcopis
867 3763 896 3813 et
933 3755 1113 3835 Presbyteris

323 3848 458 3907 atrrnibus
478 3860 611 3929 receptus
631 3863 715 3923 esset,
735 3853 868 3912 Senensis
878 3863 906 3913 et
927 3854 1113 3916 camerarius

324 3946 443 4007 iverunt
460 3947 498 4006 ad
519 3950 580 4008 loca
602 3968 667 4021 sua,
678 3951 728 4010 ubi
741 3961 847 4013 stantes
859 3965 1032 4033 receperunt
1046 3954 1111 4034 ipsi,

322 4045 423 4107 deiude
444 4058 594 4125 sequentes
615 4049 736 4111 Diaconi
752 4053 928 4115 cardinales.
946 4052 1016 4114 Post
1030 4072 1112 4113 asso·

322 4146 439 4205 ciarunt
466 4165 575 4206 norum
603 4148 787 4210 cardinalem
815 4152 889 4213 iuter
906 4152 1061 4214 Senernem
1083 4163 1112 4213 et

321 4243 541 4316 cmnerarinnr,
568 4247 597 4305 in
620 4249 725 4306 ultimo
748 4252 830 4321 laco,
858 4263 947 4329 prout
978 4254 1110 4331 primunr

306 4354 479 4416 uenerunt,
497 4346 659 4421 equitantes
679 4350 822 4424 usquead
844 4350 962 4411 domum
979 4353 1110 4413 residen-

322 4442 379 4500 tiae
401 4459 480 4515 suae,
503 4444 680 4505 Ursinorum
704 4448 835 4509 videlicet
858 4451 886 4510 in
905 4452 1016 4530 campo
1038 4454 1110 4513 Plo-

320 4558 396 4610 rae,
418 4541 469 4600 ubi
501 4561 569 4602 cnm
602 4556 695 4605 essent
725 4546 862 4628 Episcopi
895 4550 989 4628 magis
1020 4571 1108 4631 propa

321 4640 447 4712 ostium,
468 4642 568 4704 deinde
590 4644 780 4725 Presbyteri,
801 4648 923 4709 Diaconi
944 4668 1014 4710 vero
1032 4649 1108 4711 car·

323 4737 432 4799 dinales
450 4741 486 4799 ab
505 4742 562 4801 alin
582 4753 688 4822 parte,
709 4764 826 4819 riorus,
845 4767 862 4807 a
881 4759 964 4828 parte
984 4749 1108 4830 Episco-

322 4856 429 4916 parum
459 4841 632 4921 incipiendo,
659 4845 842 4927 discooperto
863 4851 967 4928 capite,
985 4852 1107 4930 singulis

317 4939 428 5015 gratius
449 4940 526 5019 egit3
548 4952 611 5002 tum
633 4945 765 5022 equitans
784 4957 849 5009 ante
870 4950 980 5008 ostium
1002 4951 1103 5030 palatii

317 5039 364 5097 sui
392 5058 494 5099 versus
514 5041 550 5100 ad
584 5042 649 5102 illas
678 5047 771 5125 capite
805 5047 989 5126 discooperto
1017 5060 1105 5121 stans,

318 5140 481 5216 expectavit
492 5141 677 5219 singulorum
691 5163 848 5219 recessum,
868 5147 969 5209 deinde
984 5149 1105 5210 intrarit

318 5234 436 5297 domum
459 5240 495 5298 ad
517 5242 682 5319 prandium.

357 5336 442 5397 Faria
455 5357 501 5411 ru,
517 5356 609 5401 xxix.
617 5339 762 5417 januarii,
778 5344 850 5404 hara
867 5363 936 5407 xxi.
950 5348 994 5407 rel
1011 5348 1104 5422 circa,

316 5450 367 5509 per
390 5447 503 5514 partam
526 5439 676 5512 viridarii,
698 5444 846 5503 intrarunt
868 5457 995 5522 quatuor
1021 5444 1101 5507 Dra-

316 5539 396 5592 tares
417 5534 517 5596 Seren.
539 5538 731 5601 dissimiliani
752 5541 911 5604 Romanor.
935 5544 1042 5624 Regis,
1056 5545 1103 5603 ri·

316 5628 419 5693 delicet
434 5634 506 5695 Rev.
525 5638 555 5696 in
572 5637 693 5701 Christo
710 5640 798 5702 Pater
815 5642 850 5704 D.
874 5643 971 5705 Lucas
988 5646 1102 5724 cpisco-

1876 623 1981 709 (⁴⁴8⁸)

1194 784 1250 845 pus
1265 763 1444 834 sirmiensis,
1459 761 1626 823 Bernardus
1641 762 1676 823 de
1692 761 1852 842 Solabyns,
1869 761 1982 841 Grego-

1194 866 1257 924 rius
1274 865 1309 924 de
1320 864 1416 924 Turre
1430 873 1458 922 et
1470 864 1560 923 irater
1572 862 1695 923 mannes
1708 862 1797 923 Prior
1813 863 1981 924 conventus

1191 962 1420 1043 natuerpiensis,
1437 960 1559 1022 Ordinis
1580 962 1682 1022 Sancti
1705 962 1870 1035 Dominici,
1890 965 1944 1041 qui
1966 984 1981 1022 a

1191 1064 1310 1124 familiis
1341 1063 1372 1123 S.
1395 1063 1430 1122 D.
1453 1060 1486 1120 N.
1509 1061 1624 1140 Papae,
1645 1072 1674 1121 et
1695 1062 1759 1122 RB.
1782 1061 1980 1122 Dominarum

1189 1162 1402 1233 cardinalium,
1424 1172 1561 1237 tanquam
1584 1158 1726 1222 Oratores
1757 1161 1853 1240 Regis
1873 1161 1983 1222 noass-

1190 1279 1308 1333 norum,
1330 1262 1437 1340 recepti
1459 1270 1536 1320 sunt.
1558 1262 1668 1320 Fuerat
1685 1262 1762 1321 enim
1784 1262 1841 1320 diu
1868 1271 1936 1321 ante
1957 1264 1982 1320 in

1189 1361 1362 1421 consistorio
1382 1361 1565 1438 disputatum
1587 1371 1617 1421 et
1637 1360 1751 1419 tandem
1772 1361 1983 1433 deliberatum,

1188 1461 1267 1538 quod
1287 1460 1329 1520 sic
1350 1460 1441 1537 recipi
1461 1459 1609 1530 deberent,
1629 1470 1658 1521 et
1675 1460 1712 1519 ab
1728 1460 1872 1521 amnibus
1890 1478 1985 1539 usque

1188 1560 1224 1618 ad
1236 1561 1354 1619 domum
1374 1559 1544 1620 residentiae
1555 1576 1635 1632 suae,
1654 1558 1740 1620 videl.
1755 1558 1845 1637 juxta
1857 1561 1982 1639 plateam

1188 1658 1220 1717 S.
1236 1658 1346 1719 blaciae
1357 1658 1525 1729 Rotundus,
1538 1677 1626 1735 quam
1639 1660 1785 1737 quondam
1795 1660 1835 1720 D.
1849 1660 1983 1722 Sinibal·

1188 1758 1242 1816 dns
1252 1758 1286 1818 de
1302 1758 1392 1837 Spata
1411 1758 1538 1837 scriptor
1547 1760 1647 1838 Apost.
1659 1761 1792 1820 construi
1804 1763 1944 1834 curavit,
1954 1766 1981 1824 in

1187 1876 1244 1935 qua
1269 1859 1416 1936 praelatus
1437 1858 1525 1937 episc.
1555 1856 1665 1920 Orator
1682 1859 1847 1940 hospitatus
1864 1872 1922 1936 est,
1934 1865 1982 1923 alii

1186 1969 1283 2019 autem
1302 1960 1430 2038 collegae
1450 1960 1496 2019 sui
1517 1959 1545 2018 in
1564 1960 1627 2020 aliis
1643 1960 1749 2020 domib.
1763 1979 1858 2040 prope
1879 1963 1979 2043 ipsam.

1228 2059 1312 2119 Feria
1332 2060 1469 2129 mcnndu,
1490 2070 1596 2136 quarta
1614 2061 1768 2134 februarii,
1792 2062 1855 2123 suit
1875 2065 1979 2144 publi·

1186 2160 1253 2202 cunr
1273 2143 1479 2203 cosrsistorium
1497 2144 1525 2202 in
1547 2144 1641 2221 prima
1662 2145 1729 2204 aula
1749 2144 1878 2222 majore,
1895 2148 1979 2208 ride·

1186 2242 1252 2302 licet
1270 2243 1369 2321 palatii
1387 2244 1560 2321 Apostolici,
1581 2244 1611 2303 in
1633 2263 1693 2321 qua
1704 2243 1850 2309 Oratores
1870 2267 1980 2328 supra·

1185 2341 1256 2401 dieti
1286 2352 1414 2420 quotuor
1450 2342 1550 2404 Serea.
1580 2343 1671 2423 Regis
1691 2346 1889 2408 blaximiliani
1924 2359 1978 2411 ete.

1184 2442 1390 2517 praestiterunt
1408 2442 1621 2517 obedientiam,
1639 2456 1668 2505 et
1696 2447 1895 2508 reserantiam
1924 2448 1978 2511 SS.

1184 2539 1218 2600 D.
1233 2539 1278 2611 N,
1293 2540 1408 2601 nomine
1424 2540 1513 2619 Regis
1531 2552 1560 2602 et
1579 2543 1706 2623 Philippi
1728 2546 1775 2604 sui
1790 2543 1848 2605 lilii
1864 2548 1978 2609 ratione

1183 2639 1352 2700 Ducatuum
1373 2640 1509 2702 austriae
1528 2652 1559 2703 et
1576 2643 1838 2722 Burgundiae'etc.
1854 2656 1885 2706 et
1904 2650 1978 2709 alio·

1183 2758 1249 2800 rum
1273 2742 1503 2818 principatuum,
1514 2753 1543 2803 et
1564 2744 1759 2804 dominiorum
1776 2762 1906 2807 suorum
1922 2759 1976 2810 ete.

1182 2838 1351 2917 Propositue
1366 2840 1485 2901 luerunt
1503 2843 1576 2903 duae
1598 2844 1794 2916 cantissiones,
1811 2846 1911 2925 prima
1928 2868 1977 2927 per

1181 2938 1216 2998 D.
1232 2940 1424 3000 Franciscurn
1440 2942 1474 3003 de
1493 2942 1593 3003 Padua
1608 2944 1783 3006 advocatum
1798 2964 1977 3026 pauperum,

1181 3039 1238 3098 aliu
1261 3059 1313 3118 per
1334 3040 1370 3099 D.
1393 3040 1554 3103 iohannem
1573 3044 1733 3124 baptistam
1752 3045 1787 3108 de
1820 3046 1975 3110 caraleris

1181 3138 1216 3198 de
1227 3138 1335 3198 Sancta
1346 3140 1502 3213 Seres-ino,
1512 3144 1564 3219 qni
1576 3144 1680 3204 ducem
1693 3145 1828 3226 ntonopo.
1844 3148 1874 3207 in
1887 3167 1976 3209 causa

1181 3238 1337 3299 creationis
1357 3241 1526 3319 collegiatae
1545 3242 1739 3305 Ecclesiae..
1757 3290 1764 3305 .
1782 3290 1790 3305 .
1805 3246 1893 3308 Diae.
1916 3244 1975 3329 (l).

1179 3336 1356 3400 Curarimus
1369 3341 1397 3400 in
1417 3342 1543 3403 medium
1564 3345 1706 3405 intrarent
1728 3346 1874 3409 Oratores
1890 3349 1972 3411 con·

1179 3438 1342 3511 sistorium,
1360 3441 1411 3517 qni
1429 3443 1562 3503 associati
1587 3446 1713 3506 suntab
1737 3465 1795 3506 rna
1821 3450 1975 3527 praelatis,

1181 3537 1315 3598 videlicet
1329 3540 1497 3600 Florentino
1513 3554 1542 3603 et
1553 3546 1714 3606 Arelatensi
1733 3547 1974 3629 archiepiscopis,

1179 3637 1332 3709 aleriensi,
1348 3639 1474 3711 Dolensi‚
1486 3641 1633 3717 blassensi,
1645 3645 1815 3721 histriensi,
1830 3650 1973 3711 assisten-

1180 3736 1270 3809 tibus,
1280 3737 1457 3799 Tornacensi
1476 3752 1505 3800 et
1529 3745 1665 3805 auriensi
1681 3748 1841 3827 episcopis;
1854 3760 1885 3809 et
1906 3748 1973 3811 lua

1183 3847 1253 3896 runt
1273 3840 1379 3918 accepti
1399 3840 1435 3898 nd
1454 3841 1551 3919 pedis,
1572 3863 1674 3905 triatrus
1693 3857 1722 3907 et
1742 3848 1802 3907 oris
1824 3851 1971 3910 meatum.

1178 3936 1273 4017 Papae
1289 3950 1514 4018 praesentarunt
1529 3954 1656 4021 patentes
1676 3946 1788 4007 litteras
1806 3958 1837 4008 et
1854 3949 1971 4010 iverunt

1178 4049 1240 4115 past
1257 4057 1409 4099 scamnum
1430 4041 1677 4122 Presbyterorum
1693 4045 1913 4120 cardinalium,
1924 4051 1969 4111 lo·

1177 4153 1245 4197 curn
1257 4149 1429 4199 consuetum
1440 4161 1451 4211 ;
1466 4141 1516 4200 ubi
1527 4143 1605 4203 lucta
1617 4144 1790 4206 comissione
1808 4157 1839 4206 et
1849 4147 1968 4208 Domini

1177 4234 1434 4315 Justirriani,Fisci
1457 4239 1603 4315 advocati,
1625 4246 1815 4324 appositione,
1833 4266 1966 4328 acprae·

1177 4336 1248 4396 dicti
1264 4337 1299 4397 D.
1314 4336 1452 4398 lobannis
1466 4340 1613 4419 Baptistae
1628 4345 1734 4423 replica
1754 4344 1969 4423 pulcherrima,

1176 4445 1205 4495 et
1225 4436 1376 4515 signatura
1397 4458 1449 4517 per
1470 4439 1594 4520 Papam,
1618 4443 1787 4506 sirmiensis
1806 4448 1876 4507 lecit
1898 4468 1967 4509 ora·

1177 4534 1282 4623 tionem
1304 4555 1389 4599 marc
1411 4540 1519 4613 solita,
1542 4543 1591 4602 cui
1611 4554 1764 4623 postquam
1785 4545 1841 4607 SS.
1863 4547 1901 4608 D.
1933 4547 1967 4609 Ν.

1176 4638 1378 4716 respondisset,
1400 4639 1582 4703 Procurator
1605 4643 1711 4705 fiscalis
1729 4644 1763 4705 N.
1792 4646 1828 4708 de
1859 4648 1966 4708 Parma

1175 4738 1332 4815 requisivit
1361 4758 1459 4801 omnes
1485 4742 1750 4818 Protisonotarios,
1772 4747 1806 4807 ut
1827 4748 1862 4809 de
1894 4750 1967 4811 abs·

1175 4835 1282 4897 dientiu
1302 4858 1353 4918 per
1373 4837 1527 4913 Oratores,
1550 4845 1664 4905 nomine
1682 4846 1763 4907 lllus.
1777 4846 1967 4910 dissimilisni

1174 4938 1257 4997 electi
1279 4939 1308 4998 iu
1329 4939 1531 5002 Romanorum
1553 4943 1680 5024 Regem,
1702 4949 1851 5025 praestita,
1871 4948 1965 5010 confl-

1174 5048 1272 5097 cerent
1285 5039 1530 5102 instrumentum:
1543 5044 1585 5103 sic
1597 5048 1671 5106 enim
1680 5090 1688 5118 ,
1697 5047 1751 5107 SS.
1768 5047 1804 5107 D.
1815 5046 1966 5125 liliaban-

1173 5144 1213 5206 te,
1226 5146 1260 5195 ut
1271 5156 1338 5198 eum
1350 5142 1475 5201 electum
1488 5140 1596 5220 Regem
1614 5147 1762 5222 apellaret,
1774 5147 1858 5226 prius
1872 5149 1966 5227 signi·

1172 5231 1266 5295 ficari.
1283 5236 1349 5306 Ouo
1368 5239 1456 5311 lacto,
1471 5239 1530 5300 diro
1552 5242 1663 5304 diaconi
1684 5245 1852 5306 cardinales
1872 5268 1964 5309 rests·

1173 5345 1242 5393 runt
1264 5337 1300 5395 ad
1322 5338 1512 5400 assistendum
1540 5341 1594 5403 SS.
1617 5342 1652 5402 D.
1673 5342 1726 5417 N„
1744 5346 1880 5407 omnibus
1901 5349 1964 5408 aliis

1170 5433 1399 5508 cardinalibus,
1417 5449 1445 5499 et
1471 5441 1609 5518 praelatis
1630 5440 1724 5503 firmis
1741 5444 1770 5502 in
1792 5444 1866 5507 lacis
1902 5447 1963 5508 suis

1208 5666 1245 5724 (tl
1259 5663 1311 5723 stc,
1328 5663 1376 5714 sed
1394 5666 1533 5719 evidentur
1551 5670 1637 5733 eliqua
1654 5670 1751 5723 desunt
1768 5673 1794 5721 ln
1811 5671 1913 5723 cadica.
