4492 6859
288 610 353 675 ιιι
778 600 1461 675 rouummrusatnxsnnmsnxrs.
1831 605 1938 694 (scm)

290 750 438 824 dicerent,
458 764 619 830 superque
636 747 865 828 interrogatione
882 742 1081 827 postesrerba
1147 740 1217 803 dsto
1237 742 1344 823 Pspse,
1362 762 1394 805 se
1417 741 1498 806 iliius
1518 742 1707 823 propositioni
1733 743 1886 824 opposuit,
1906 755 1937 806 nt

288 869 319 913 se
339 850 488 910 iacturum
503 847 598 921 dian„
1147 852 1262 924 tempus
1281 862 1375 925 usqne
1394 844 1432 906 ad
1450 841 1615 909 Oratorem
1633 844 1793 908 micatus
1814 863 1938 925 snspen-

331 949 419 1013 iierie
433 949 571 1024 monada,
584 965 658 1011 xsss
674 947 845 1022 decembris,
858 944 914 1007 luit
932 945 1080 1026 pubiicum
1148 942 1277 1007 deretur.
1299 945 1363 1010 ilco
1384 964 1467 1010 moue
1487 958 1641 1024 antequem
1673 945 1752 1026 Psps
1775 964 1864 1007 suom
1885 964 1940 1007 ee-

288 1049 495 1114 consistorium
516 1051 544 1111 in
576 1050 663 1112 tertie
684 1051 751 1110 suis
773 1048 878 1110 l’aietii
899 1045 1082 1127 supradicti,
1147 1063 1259 1109 merent
1279 1048 1371 1111 exiret
1382 1091 1392 1122 ,
1413 1048 1580 1112 convocatis
1599 1046 1734 1111 omuibus
1765 1046 1941 1109 Cardinsli·

289 1153 319 1213 in
339 1170 401 1231 quo
424 1161 553 1229 quatuor
571 1147 713 1211 Orstcres
734 1149 923 1222 Venetorum,
937 1164 969 1208 rr
990 1143 1081 1223 hujus
1147 1145 1214 1221 bus,
1232 1148 1378 1212 accersitis
1391 1147 1428 1209 ad
1441 1168 1472 1212 se
1485 1147 1567 1210 nobis
1580 1146 1877 1221 tormentarium
1895 1166 1940 1211 ms

288 1253 424 1333 recepti,
447 1251 581 1313 videlicet
613 1251 649 1312 i).
670 1250 800 1312 idarinus
821 1248 958 1323 iecnus,
988 1245 1080 1310 Chri·
1147 1250 1390 1322 eserimonisrum
1417 1248 1562 1322 Clericis,
1585 1250 1780 1328 interrogarit
1807 1248 1941 1322 ambis,

292 1355 423 1417 colorus
459 1351 588 1413 Driodus
613 1351 795 1413 Procurator
832 1349 932 1410 Sancti
965 1347 1058 1409 liiorci
1070 1392 1080 1423 ,
1148 1346 1218 1427 quid
1239 1349 1408 1413 conveniret
1428 1347 1492 1414 noa
1515 1347 1659 1416 Fridetiei
1678 1349 1827 1430 Principis
1848 1350 1939 1411 Ducis

291 1455 403 1516 Paulus
421 1453 556 1527 Bnrbm,
574 1462 605 1515 et
623 1450 807 1514 Sebastianus
827 1448 996 1511 Buduaritss
1021 1446 1079 1507 mi·
1148 1460 1176 1511 et
1196 1448 1283 1529 Regis
1303 1448 1356 1511 iiiii
1377 1449 1592 1529 secundogeniti
1610 1451 1768 1531 receptioni
1792 1450 1879 1514 bodie
1904 1451 1941 1511 sd

289 1558 357 1632 ies,
378 1556 495 1617 nomine
516 1554 665 1615 iiiustriss.
692 1552 810 1614 Domini
828 1550 983 1631 sagmata
1002 1550 1081 1611 iisr·
1147 1550 1349 1614 consistorium
1368 1570 1424 1631 pro
1442 1550 1605 1613 obedientia
1621 1551 1794 1631 preestsnds
1811 1553 1942 1623 venturi,

293 1658 397 1719 bodico
418 1654 518 1731 Ducis,
539 1654 704 1735 generalem
718 1652 908 1715 obecimticm
927 1650 1081 1732 maestitu-
1147 1662 1176 1720 et
1195 1654 1260 1731 quis
1280 1653 1363 1719 ioetts
1382 1653 1410 1713 ci
1431 1651 1541 1714 dandus
1566 1662 1662 1726 esset,
1683 1653 1758 1713 inter
1792 1650 1941 1714 Cardins·

287 1771 367 1823 rcut.
398 1756 499 1819 isicem
520 1774 610 1835 quem
644 1763 905 1836 praesentaverunt
930 1752 988 1813 luit
1007 1751 1080 1812 sim·
1147 1753 1188 1818 ies
1209 1755 1256 1817 rel
1287 1764 1351 1834 post
1375 1769 1434 1818 ens.
1465 1752 1614 1834 Respondi
1644 1752 1804 1814 &nctitmi
1836 1752 1943 1828 snae,

197 1858 202 1868 ’
289 1863 378 1943 piex,
409 1870 440 1923 et
475 1856 662 1921 credentialis
697 1856 728 1917 in
763 1873 902 1937 personas
932 1852 1080 1914 dictorum
1147 1855 1211 1919 nen
1231 1856 1387 1918 Francieco
1407 1858 1477 1920 siim
1498 1874 1554 1936 pro
1574 1855 1747 1929 obedientis,
1768 1855 1942 1917 istnocesstio

290 1973 418 2041 quatuor
440 1957 750 2033 cenommannica
770 1956 807 2018 de
821 1954 1081 2034 obedientiaprse·
1147 1957 1242 2039 Papae
1263 1958 1474 2031 illinemus
1498 1958 1569 2020 dicti
1589 1956 1702 2036 Regis,
1724 1952 1813 2032 cuitus
1833 1966 1866 2017 ot
1884 1954 1943 2036 ipse

288 2061 388 2123 stands
409 2061 582 2122 mentionem
605 2059 721 2120 iaciens
743 2056 884 2118 Assaeimi
902 2054 1024 2117 luerunt
1044 2052 1080 2115 de
1147 2056 1225 2124 iilius
1239 2060 1462 2137 qnsrtogenitns
1476 2069 1553 2133 eret,
1577 2057 1760 2138 praeelectis,
1778 2057 1841 2119 duo
1861 2058 1942 2119 ear-

288 2183 382 2248 ports
401 2166 538 2247 Gappeiis
560 2182 613 2246 per
633 2164 764 2242 quinque
788 2160 974 2232 assistentes,
994 2156 1080 2222 vide·
1147 2158 1255 2222 dimtes
1271 2158 1307 2220 sd
1326 2158 1479 2223 canc-sm
1494 2159 1689 2240 Apmtoiicnm
1705 2176 1804 2237 suone
1822 2158 1941 2220 nississs

289 2268 357 2329 licet
374 2265 634 2346 Arcbiepiscopum
656 2262 870 2333 cusentinum,
895 2270 925 2322 et
945 2258 1080 2326 Tricori-
1148 2257 1249 2322 misms
1273 2259 1384 2331 inisse,
1412 2261 1464 2338 qni
1485 2261 1579 2340 ipsum
1612 2260 1755 2339 usquein
1789 2259 1943 2323 Pontibois

290 2386 416 2441 mosem,
429 2367 633 2438 normano,
654 2363 891 2425 Vuiteranensem
902 2369 933 2421 et
952 2359 1080 2420 Aiemn-
1147 2360 1336 2440 praesentiam
1352 2359 1558 2435 deduxerunte
1576 2372 1732 2442 propterea
1746 2372 1779 2423 at
1797 2357 1866 2438 ejus
1881 2359 1943 2426 beri

289 2467 407 2530 minum
427 2463 597 2547 Episcopus.
616 2460 976 2543 Propnnidebsbsntduse
997 2477 1080 2520 cmu-
1147 2478 1230 2540 posse
1251 2459 1337 2532 idem,
1359 2461 1427 2524 lieet
1446 2462 1543 2524 mium
1557 2462 1776 2535 convenienter,
1800 2464 1872 2541 quis
1891 2482 1943 2543 pce

291 2568 461 2641 missiones,
484 2581 612 2645 quarum
633 2565 759 2645 primam
773 2562 929 2643 proposuit
949 2560 985 2621 ib
1007 2561 1079 2622 iisi·
1146 2561 1305 2623 obedientis
1338 2561 1509 2642 praestanda
1540 2562 1634 2626 missis
1665 2581 1724 2626 nnn
1754 2565 1944 2629 consuevisse

291 2685 382 2731 conus
402 2664 438 2729 de
461 2664 659 2738 iisioouibus,
678 2665 730 2744 qui
752 2672 867 2726 tsntnsn
895 2672 1010 2742 tempus
1030 2661 1079 2720 di·
1147 2660 1316 2739 hujucemodi
1348 2664 1566 2730 ossocistionem
1599 2662 1688 2739 beri,
1717 2666 1768 2730 ted
1789 2665 1943 2728 dummset

289 2768 459 2851 spensorit,
480 2766 560 2846 quod
592 2767 708 2829 iuterim
740 2762 883 2827 Oratores
904 2762 1079 2844 praedictio
1146 2785 1202 2847 pro
1221 2766 1285 2827 siiis
1306 2764 1400 2826 causis
1420 2764 1536 2844 Regum
1558 2760 1648 2839 iiiiis,
1668 2775 1698 2827 et
1712 2767 1832 2846 mamis
1852 2766 1941 2828 Pris-

290 2868 430 2933 i‘eutiiice
451 2864 560 2949 recepti
581 2866 776 2931 decennalis
797 2864 949 2945 queejus
969 2881 1080 2945 propo-
1147 2864 1262 2945 cipibus
1275 2863 1446 2943 hurjnsmndi
1464 2865 1616 2929 observari
1627 2889 1638 2944 3
1659 2867 1758 2946 quood
1779 2867 1941 2932 ιωιιιιάιιι

288 2972 389 3033 sitione
410 2967 513 3041 linita,
534 2968 666 3029 commisi
685 2968 713 3027 id
734 2967 770 3028 b.
790 2966 903 3046 tugen
917 2965 953 3028 dc
973 2963 1080 3039 Caesis,
1147 2966 1226 3046 quoti
1245 2977 1312 3030 sata
1342 2967 1536 3047 penultimum
1555 2968 1720 3034 Disenuuns
1741 2968 1943 3045 cartusiens,

290 3071 344 3149 qui
377 3067 532 3132 secundam
559 3086 722 3149 proponere
748 3068 892 3143 debebat,
917 3067 996 3146 quod
1016 3085 1080 3129 esna
1148 3067 1280 3133 rideiicet
1310 3066 1410 3130 Sancti
1430 3066 1588 3143 Severini,
1616 3070 1756 3134 iecsodus
1789 3082 1877 3134 esset.
1898 3072 1940 3134 Ad

291 3190 348 3253 pro
367 3172 425 3234 siis
445 3170 494 3233 die
525 3178 736 3240 consecraret,
769 3178 860 3249 prout
892 3169 1003 3229 iactum
1026 3179 1080 3230 est.
1148 3169 1226 3251 quod
1246 3170 1376 3236 similiter
1408 3168 1706 3236 Sabatina-Dominus
1728 3169 1838 3238 Noster
1862 3172 1938 3253 repa

292 3272 463 3337 Orationem
476 3271 546 3332 iecit
557 3270 593 3333 Ι).
608 3269 794 3334 Serenianus
808 3270 975 3333 iiuduarius
992 3271 1081 3332 seteti
1147 3272 1228 3347 dixit,
1249 3272 1411 3354 promotum
1433 3272 1497 3333 lion
1517 3272 1716 3348 Frldericnm,
1734 3293 1790 3354 per
1820 3274 1859 3335 ll.
1881 3275 1939 3336 br·

291 3393 361 3436 enee
386 3371 613 3436 convenientem.
635 3371 733 3434 Finito
761 3373 932 3434 consistorio
958 3372 994 3433 ii.
1016 3372 1083 3434 iia·
1148 3374 1366 3455 cbiepisccpum
1384 3374 1479 3437 simae
1499 3374 1589 3438 Urbis
1604 3373 1844 3438 Gubernatorem
1865 3375 1940 3437 Sao·

295 3477 378 3537 rinus
424 3472 539 3536 ieonns
571 3472 702 3553 portarit
738 3471 868 3533 bmbriss
904 3476 1082 3553 posteriores
1148 3475 1243 3542 etiteti
1273 3474 1353 3536 Suae
1383 3460 1683 3537 commemorassem
1712 3475 1788 3539 sliat
1808 3487 1940 3555 tempore

292 3573 429 3655 piurimis
450 3573 568 3654 l’epee,
588 3582 618 3635 et
639 3572 696 3634 elia
716 3590 800 3635 mare
820 3573 907 3634 sclito
928 3574 1081 3638 observate
1147 3578 1239 3641 iciicis
1260 3576 1486 3639 reminiscentiae
1506 3576 1541 3637 i).
1560 3575 1648 3636 Pauli
1671 3595 1711 3649 ιι,
1724 3593 1795 3641 enm
1808 3580 1840 3639 in
1860 3578 1938 3641 Urbs

298 3685 376 3736 sunt
431 3660 434 3664 ’
1147 3679 1274 3751 suisset,
1296 3678 1395 3739 iocum
1416 3676 1551 3741 babuisse
1570 3688 1637 3742 sote
1657 3677 1748 3742 bonae
1782 3679 1939 3742 memoriae

337 3773 423 3838 Faria
443 3785 540 3850 muta,
569 3775 643 3838 testo
674 3775 776 3837 Sancti
799 3774 929 3839 Thomas
950 3776 1081 3855 Apostoli
1147 3781 1332 3846 cardtmtcm
1363 3780 1577 3855 mantuanum,
1596 3791 1667 3846 tnnc
1699 3782 1841 3844 ultimum
1870 3782 1937 3842 iiis·

295 3894 362 3941 xxt.
382 3875 559 3952 dccembris,
578 3877 634 3937 iuit
655 3878 806 3956 pubiicum
828 3878 1031 3964 consistorium
1052 3879 1082 3938 in
1148 3898 1254 3946 emtum
1264 3879 1717 3959 &autoramento-uncaque
1730 3900 1821 3961 super
1833 3878 1939 3957 bssjtss-

295 3980 390 4061 prisns
408 3980 478 4040 anis
512 3979 611 4059 poietii
628 3978 806 4060 supradicti,
827 3980 895 4059 quie
914 3980 955 4040 sic
969 3979 1081 4060 placuit
1148 3983 1227 4047 modi
1247 4001 1313 4045 meo
1333 3982 1516 4061 responsione
1535 3992 1578 4047 est
1610 3982 1759 4046 mneritas
1779 3982 1844 4044 Sus
1864 3988 1938 4045 l'mr·

296 4079 450 4156 Pontifici,
483 4081 550 4142 licet
579 4081 688 4161 pluries
719 4080 765 4141 his
797 4078 897 4141 diebus
927 4078 1083 4141 Sanctitati
1148 4083 1289 4148 dinsiium
1320 4081 1452 4145 omnium
1472 4081 1661 4148 Sanodmem
1687 4082 1781 4146 smus
1805 4084 1938 4147 eircum-

295 4181 374 4244 Suee
394 4181 515 4242 dixerim
535 4180 565 4241 iti
592 4191 713 4261 propter
734 4180 807 4241 tanti
828 4179 957 4261 Apostoli
977 4180 1080 4242 festum
1146 4185 1286 4248 storstium
1301 4193 1388 4255 rota,
1410 4183 1492 4246 nobis
1513 4184 1542 4248 in
1557 4183 1652 4246 medio
1672 4185 1750 4246 inter
1766 4203 1819 4247 ens
1838 4201 1937 4247 esrem

299 4299 357 4345 non
377 4282 555 4355 convenire,
574 4280 623 4343 sed
644 4284 741 4362 potius
762 4281 844 4355 beri,
867 4283 912 4344 rei
934 4280 1081 4343 erectiori
1148 4286 1309 4348 Sanctitate
1322 4283 1384 4344 Sua
1398 4283 1563 4363 genuflexis.
1576 4282 1670 4350 neve.
1685 4283 1750 4345 liii.
1763 4283 1867 4346 Sancti
1879 4284 1939 4348 ta-

287 4394 290 4416 ¹
297 4384 435 4463 potuisse.
455 4382 564 4443 Parata
581 4382 637 4444 luit
656 4383 781 4445 secunda
801 4382 872 4444 ‘auia
889 4392 956 4446 ante
976 4382 1082 4445 caue-
1148 4387 1229 4467 geii,
1250 4384 1282 4445 S.
1311 4384 1490 4457 Anastasius,
1508 4383 1718 4456 cormeum,
1737 4394 1767 4446 ct
1797 4385 1938 4448 Asconius

295 4502 360 4545 ram
382 4484 577 4563 Apostolicam
608 4503 677 4545 cum
697 4485 821 4565 pannis,
840 4496 869 4546 et
890 4484 965 4564 iguis
997 4484 1026 4545 in
1047 4503 1081 4546 es
1147 4487 1177 4548 in
1196 4485 1255 4546 suis
1270 4484 1345 4546 rotis
1362 4501 1494 4563 expresse
1509 4483 1644 4546 dixerunt
1661 4503 1691 4547 se
1706 4484 1862 4548 recordari
1876 4486 1938 4547 iian

295 4599 458 4656 accensum
486 4584 689 4645 consistorium
721 4586 778 4647 hoc
800 4584 931 4645 hobitum
953 4594 996 4645 est
1025 4604 1082 4665 pro
1146 4587 1336 4649 Francisoum
1350 4584 1420 4646 dieti
1438 4584 1503 4646 ben
1518 4584 1663 4646 liriderici
1678 4602 1858 4663 parternum
1876 4597 1941 4667 pmt

292 4682 452 4746 obedientia
473 4701 526 4764 per
544 4681 687 4748 Oratores
701 4684 881 4747 Serenissimi
901 4684 990 4764 ilepis
1003 4687 1080 4748 Fer·
1147 4705 1247 4750 omues
1279 4685 1424 4746 Diaconos
1450 4683 1620 4748 cardinales
1651 4685 1750 4747 locum
1782 4686 1940 4761 bembus

291 4782 408 4845 meandi
419 4781 599 4863 Neapolitani
612 4784 701 4865 Regis
715 4785 896 4866 praestanda.
909 4786 1079 4866 Propositus
1147 4787 1226 4868 quod
1258 4787 1327 4849 iicet
1356 4785 1431 4847 mibi
1454 4785 1602 4848 rideretur
1635 4805 1818 4863 erroneum,
1844 4799 1939 4851 temen

291 4885 411 4948 luerunt
443 4896 504 4947 tres
526 4888 746 4949 commissiones.
769 4887 897 4949 Primam
928 4887 1080 4968 proposuit
1147 4888 1184 4949 ad
1205 4889 1263 4950 isne
1283 4888 1354 4949 uibii
1377 4888 1519 4967 respondi.
1541 4888 1737 4949 interlocutus
1762 4898 1861 4952 tmseu
1885 4889 1939 4961 ini,

292 4985 328 5045 D.
360 4986 489 5067 Angelus
510 4985 545 5048 de
564 4988 685 5063 Caesis,
705 4988 859 5051 secundam
880 4987 917 5047 i).-
937 4985 1080 5050 Ocresia-s
1147 4991 1232 5052 ilium
1253 4989 1509 5069 qutertngenitum,
1531 4988 1612 5050 hunc
1633 4999 1731 5051 autem
1757 4990 1940 5070 secundoge-

292 5104 347 5147 uus
369 5086 551 5163 Suessenus,
572 5090 689 5151 tertiam
710 5089 745 5150 ii.
767 5089 878 5151 Paulus
899 5087 1005 5150 l’ianca
1017 5111 1028 5165 ς
1050 5102 1079 5153 et
1147 5092 1241 5152 nitum
1270 5110 1352 5163 esse,
1385 5099 1415 5152 et
1446 5100 1601 5172 propteseo
1622 5092 1697 5153 inter
1731 5111 1783 5155 ecs
1803 5109 1939 5173 magnam

294 5187 363 5265 quis
385 5184 527 5249 Oratores
548 5200 612 5270 post
630 5187 718 5251 finem
740 5189 842 5251 tertiae
873 5189 1080 5251 commissionis
1147 5193 1344 5256 differentiam.
1383 5192 1579 5272 interrogarit
1610 5193 1836 5272 interloquendo
1867 5194 1940 5255 iles.

292 5288 420 5348 nondum
439 5300 599 5364 venerant,
622 5289 657 5352 de
678 5290 812 5352 mendam
833 5289 888 5351 SS.
910 5291 946 5351 i).
969 5287 1004 5351 ii.
1027 5308 1080 5352 as·
1146 5292 1183 5355 i).
1205 5291 1365 5366 maeatas,
1394 5294 1461 5371 quis
1479 5289 1592 5369 major,
1612 5311 1650 5353 an
1680 5294 1745 5355 lion
1766 5293 1940 5357 Fsidcriens

292 5392 412 5451 serentis
432 5390 523 5471 ipsam
545 5391 662 5452 tertium
694 5392 908 5454 commisionem
939 5411 1002 5454 esse
1021 5392 1080 5451 im·
1148 5396 1193 5458 sei
1212 5395 1280 5455 bus
1299 5392 1466 5456 iiedicioui.
1489 5393 1634 5474 iisspmdi
1660 5395 1724 5476 lion
1748 5394 1940 5458 Fridericssm

297 5490 470 5570 portantioe,
491 5501 519 5551 et
540 5487 605 5567 ejus
618 5491 807 5554 substantiam
827 5509 884 5553 non
901 5492 973 5554 bene
993 5493 1080 5555 intei-
1146 5495 1232 5575 louge
1250 5490 1392 5570 mojorem
1406 5512 1469 5554 esse
1481 5494 1560 5574 opud
1578 5512 1648 5567 uos,
1662 5496 1824 5557 secundum
1840 5509 1941 5559 nostre

293 5589 403 5664 texisse,
418 5589 453 5650 D.
470 5590 579 5651 Paulus
599 5593 702 5654 iterato
724 5594 787 5655 sice
808 5592 897 5674 ipsam
920 5594 1078 5668 recitarit,
1146 5594 1378 5667 caerimonialia,
1406 5594 1489 5655 Duce
1518 5594 1690 5669 Mediolani,
1719 5597 1862 5676 quonium
1883 5619 1940 5661 nnn

294 5707 330 5753 se
356 5690 392 5755 tt.
414 5691 579 5755 Coronatus
599 5700 681 5772 poter
702 5712 797 5773 suns,
818 5696 904 5760 etiam
925 5696 960 5757 de
991 5712 1078 5756 men·
1146 5699 1240 5760 solum
1258 5696 1341 5757 Duce
1371 5694 1542 5771 iiedioiani,
1573 5696 1624 5759 sed
1641 5695 1731 5760 etism
1757 5698 1942 5762 eiectos-ibus

254 5961 592 6179 'A
